4584 6284
602 505 638 557 2
1835 491 2181 554 DIONYSll
2223 493 2595 556 BYZANTII

599 630 692 686 τοῦ
739 623 944 686 Πόντου
995 623 1326 704 antec-»Sutor
1365 622 1518 700 λόγος
1567 623 1626 681 ἐκ
1680 623 1912 689 παλαιᾶς
1953 620 2164 698 μνήμης
2254 633 2310 677 et
2348 627 2605 679 nutricem
2639 627 2795 681 Ponti
2820 643 2993 680 sermo
3014 644 3046 679 a
3069 626 3239 698 prisca
3266 622 3391 678 inde
3432 625 3686 678 memoria
3718 632 3821 676 tra·

602 709 1040 792 παραδεδομένος.
1074 709 1304 784 Ταύτης
1323 708 1385 769 τὸ
1414 709 1512 788 μὲν
1544 707 1859 789 περίμετρόν
1889 710 1998 767 ἔστι
2039 707 2164 766 ἓισ-
2254 711 2397 766 ditus
2414 710 2730 783 praedicavit.
2753 710 2881 783 Ejus
2902 713 3151 766 circuitus
3176 720 3258 765 est
3281 710 3364 764 bis
3387 710 3522 780 (Iege
3542 709 3705 763 octies
3738 709 3825 762 ve!

602 797 788 871 χιλίων
815 798 1070 870 σταδίων,
1099 798 1160 857 τὸ
1190 795 1246 858 δὲ
1276 791 1440 876 πέρας
1475 795 1712 874 ποταμὸς
1736 799 1764 855 ὁ
1791 799 1842 858 Τ
1845 797 2020 868 ἄναῖς,
2055 799 2170 877 ὅρος
2257 799 2457 872 novics)
2497 798 2638 852 mille
2660 797 2978 864 stadiorum,
3014 797 3133 852 finis
3155 807 3332 852 autem
3364 797 3555 851 Tanais
3594 795 3785 849 fluvius
3803 835 3817 860 ,

603 889 705 944 τῶν
730 887 866 946 δυεῖν
897 883 1150 964 ἠπείρων.

2210 921 2219 944 ι
2259 887 2486 941 duarum
2515 886 2599 940 ille
2639 886 2895 940 terminus
2922 885 3323 940 continentium.

1751 1245 1756 1252 ’
1832 1271 2153 1360 ΡΕΤιιι
2220 1269 2598 1361 GYLLu

1405 1477 1526 1542 DE
1580 1471 1993 1543 BOSPORO
2043 1467 2437 1539 THRACIO
2489 1467 2730 1536 LIBRI
2780 1466 3023 1534 TRES.

1009 1674 1226 1729 omnus
1267 1674 1538 1728 m-:quua
1581 1674 1812 1716 murm
1858 1671 2234 1715 nummata
2273 1668 2341 1712 ln
2392 1667 2681 1711 Lamnum
2720 1665 2924 1709 VERSA
2966 1665 3432 1709 columnatus.

1062 1984 1290 2045 LIBER
1333 1983 1648 2045 PRIMUS.

684 2156 821 2210 Cum
875 2153 1076 2208 Novam
1125 2155 1345 2207 Romam
1393 2152 2019 2226 Constantinopolitanam
2076 2155 2195 2208 sim·

613 2242 1001 2314 descripturus,
1040 2240 1170 2294 mihi
1205 2242 1352 2312 prius
1389 2238 1765 2295 describendus
1797 2238 2005 2296 videtur
2045 2242 2173 2294 Bos-

612 2347 778 2403 porus
793 2370 809 2394 ,
839 2329 1082 2400 princeps
1113 2335 1316 2380 creator
1341 2327 1607 2399 Byzantii,
1628 2325 1814 2381 melior
1845 2337 1899 2382 et
1924 2337 2172 2400 praestan·

611 2418 719 2471 tior
745 2433 906 2486 quam
936 2416 1094 2486 Byzas
1131 2413 1291 2487 hujus
1317 2413 1464 2467 urbis
1504 2411 1749 2467 conditor
1779 2413 2050 2486 (quamvis
2084 2413 2172 2467 hic

610 2505 843 2577 optimus
875 2513 928 2558 et
956 2501 1056 2555 deo
1075 2501 1365 2555 simillimus
1395 2499 1551 2556 fuisse
1583 2499 1870 2572 traditur),
1897 2519 2005 2573 quo
2049 2501 2172 2557 urbs

603 2591 716 2664 jam
767 2600 846 2645 tot
889 2589 1057 2644 secula
1103 2607 1281 2644 carere
1328 2589 1499 2661 potuit
1511 2608 1528 2656 ς
1586 2599 1638 2644 et
1675 2589 1807 2643 situs
1858 2588 1958 2644 loci
2011 2591 2169 2645 alium

609 2679 939 2735 conditorem
971 2678 1279 2742 invenisset,
1304 2688 1366 2731 ut
1381 2687 1562 2750 postea
1586 2675 1788 2732 deserta
1811 2677 2010 2733 invenit
2034 2680 2170 2733 Pau-

609 2766 836 2831 saniam,
875 2760 1066 2817 deinde
1110 2759 1345 2816 funditus
1393 2779 1576 2816 eversa
1627 2762 2062 2820 Constantinum:
2117 2774 2170 2818 at

606 2854 842 2924 Bosporo
894 2867 961 2904 ne
1004 2859 1260 2922 punctum
1305 2847 1522 2921 quidem
1561 2851 1815 2922 temporis
1852 2868 2028 2906 cerem
2073 2869 2168 2925 po-

607 2947 707 2992 test
721 2977 738 3004 ,
774 2954 934 3009 supra
955 2953 1112 3007 quem
1154 2935 1637 3009 Constantinopolis
1670 2936 1767 2991 sita
1794 2947 1891 2991 est.
1921 2939 1986 2991 In
2020 2937 2170 3010 cujus

603 3023 922 3079 obscuritate
947 3019 1250 3075 illustranda
1268 3061 1285 3089 ,
1315 3022 1359 3074 si
1392 3021 1601 3092 longior
1624 3041 1718 3076 ero
1735 3063 1750 3088 ,
1793 3021 1845 3076 id
1879 3025 2170 3079 attribuen-

603 3110 734 3165 dum
755 3109 857 3163 erit
883 3107 1121 3162 obscurae
1145 3108 1352 3178 caligini
1372 3118 1449 3162 tot
1479 3109 1776 3163 seculorum
1789 3148 1804 3176 ,
1825 3128 1943 3182 quae
1975 3111 2170 3184 Bospo-

603 3217 724 3253 rum
752 3197 1043 3252 Thracium
1070 3197 1390 3251 Cimmerico
1414 3197 1570 3269 longe
1599 3199 1960 3253 obscuriorem
1986 3199 2172 3256 ess'ecc·

606 3297 763 3350 runt,
786 3295 839 3338 et
864 3285 1030 3354 magis
1049 3282 1282 3336 clausum
1309 3301 1470 3354 quam
1497 3294 1632 3337 esset
1663 3294 1786 3338 ante
1805 3285 2010 3338 Iasonis
2033 3296 2174 3340 tran-

607 3375 765 3428 situm
780 3413 796 3438 ,
835 3380 1146 3435 tenuerunt,
1178 3381 1238 3423 ut
1256 3369 1416 3441 hujus
1443 3389 1552 3425 non
1586 3370 1749 3426 modo
1766 3382 1924 3444 caput
1947 3389 2011 3426 ex
2031 3383 2173 3428 tanta

609 3461 828 3532 caligine
843 3468 1086 3525 exstaret,
1105 3456 1210 3512 hoc
1227 3468 1304 3512 est
1317 3459 1536 3530 Cyaneae
1548 3469 1730 3531 petras,
1747 3457 1840 3513 sed
1857 3478 1925 3514 ne
1939 3457 2172 3532 ejusdem

610 3547 825 3622 quidem
846 3546 963 3620 plus
976 3556 1188 3600 centum
1199 3545 1314 3600 loca
1327 3547 1544 3618 antiqua
1551 3546 1678 3601 olim
1689 3547 1956 3629 memoriq
1967 3547 2174 3621 prodita

610 3639 680 3695 ab
696 3637 926 3709 antiquis
947 3633 1307 3709 scriptoribus,
1329 3652 1448 3707 quae
1467 3634 1736 3691 latuerunt
1761 3636 1815 3690 in
1832 3635 2060 3691 tenebris
2081 3637 2174 3692 ab·

610 3727 739 3781 hinc
780 3723 891 3778 fere
925 3723 1091 3777 ruinis
1124 3722 1332 3776 Severi:
1372 3739 1603 3794 quorum
1632 3723 1797 3794 caligo
1837 3722 2029 3779 discuti
2055 3742 2163 3780 non

613 3823 812 3887 potoet,
853 3811 954 3866 nisi
996 3811 1198 3865 Phineo
1247 3828 1384 3866 caeco
1399 3851 1417 3877 ,
1464 3812 1558 3883 qui
1607 3811 1760 3866 nobis
1809 3813 1949 3867 velut
1993 3815 2172 3868 Jasoni

613 3900 893 3956 transitum
942 3897 1158 3970 Bospori
1210 3895 1567 3965 demonstret,
1621 3898 1802 3952 oculos
1861 3900 2169 3967 restituero,

615 3987 672 4042 id
703 3998 813 4054 est,
841 3989 1117 4043 Dmnsxo
1156 3985 1460 4053 Brun-no,
1496 3986 1869 4060 antiquissimo
1905 3988 2175 4062 Bosporici

613 4182 694 4218 ται
715 4203 731 4227 ,
764 4177 876 4216 non
916 4161 1178 4227 Μαιῶταις
1225 4161 1378 4215 tertia
1414 4172 1494 4215 ast
1523 4160 1820 4217 Herodotea
1863 4163 2082 4232 Μαιῆται
2122 4175 2173 4218 et

613 4241 840 4308 Μαιῆτις,
859 4237 1009 4310 cujus
1026 4257 1186 4293 sonus
1204 4239 1567 4310 indigenarum
1585 4237 1771 4295 sormae
1787 4251 1969 4313 utpote
1984 4245 2172 4296 Ionum

615 4321 831 4392 propior
865 4329 944 4372 cst
971 4336 1131 4391 quam
1156 4317 1436 4373 alterius...
1469 4317 1555 4372 Ab
1581 4318 1738 4372 initio
1762 4320 2040 4375 Maitarum
2075 4340 2173 4377 no-

616 4399 758 4452 minc
790 4408 933 4451 certa
960 4394 1201 4468 quaedam
1231 4413 1357 4467 gens
1384 4394 1595 4451 videtur
1617 4409 1801 4453 vocata
1825 4415 1936 4452 esse
1951 4438 1967 4466 ,
1997 4417 2028 4453 a
2069 4417 2173 4472 qua

617 4495 760 4531 mare
795 4494 990 4530 nomen
1032 4475 1210 4530 babet.
1261 4477 1394 4531 Sane
1441 4476 1652 4546 Μαιῆτις
1697 4495 1742 4531 s.
1797 4477 1978 4541 Μαῖτις
2024 4482 2170 4552 quasi

616 4557 813 4612 Euxini
851 4556 1032 4610 nutrix
1067 4555 1174 4610 hoc
1197 4556 1413 4612 nomine
1450 4567 1630 4611 vocata
1653 4575 1765 4612 asse
1793 4555 1977 4625 fertur,
2010 4558 2170 4613 credo

621 4634 693 4690 ob
717 4633 878 4689 verba
905 4633 1157 4690 Herodoti
1198 4653 1214 4691 ε
1255 4645 1309 4690 at
1345 4633 1467 4690 licet
1502 4635 1804 4708 Scythicum
1829 4635 1942 4708 ejus
1975 4653 2170 4694 nomen

623 4710 932 4768 Teme-inda
956 4731 1001 4768 s.
1044 4725 1212 4768 mater
1254 4713 1419 4770 maris
1453 4714 1669 4786 (Plin.)
1697 4733 1820 4770 cum
1852 4716 1955 4771 hoc
1979 4735 2171 4772 conve·

616 4791 754 4858 niat,
779 4801 956 4847 tamen
982 4794 1157 4866 potius
1187 4793 1300 4850 haec
1324 4813 1358 4848 a
1396 4793 1640 4862 Μαιήταις
1677 4813 1838 4868 quam
1873 4796 1946 4852 illi
1971 4797 2040 4852 ab
2073 4798 2176 4855 hac

615 4868 812 4926 debent
850 4869 980 4927 dicti
1011 4871 1194 4928 haberi
1215 4912 1230 4940 ,
1278 4874 1422 4947 quod
1462 4875 1663 4948 aliquot
1706 4886 1943 4933 auctores
1981 4877 2173 4935 diserte

615 4949 884 5006 affirmant
909 4951 1084 5022 (Plin.
1113 4956 1167 5021 4,
1198 4959 1286 5021 26,
1311 4957 1580 5029 Anonym.
1602 4957 1722 5012 Per.
1747 4958 1810 5012 P.
1832 4959 2018 5028 Eum).
2038 4961 2170 5013 Rem

617 5029 747 5084 mihi
771 5029 1055 5102 persuadet
1078 5034 1308 5087 nominis
1335 5033 1506 5088 forma
1529 5053 1544 5090 ε
1577 5034 1757 5097 Μαΐτις
1775 5036 1914 5090 enim
1935 5055 1980 5091 s.
2005 5037 2171 5106 Μαιῆ-

611 5127 686 5172 τις
707 5125 753 5164 s.
769 5109 989 5173 Μαιῶτις
1008 5109 1318 5166 femininum
1341 5123 1419 5168 est
1439 5131 1472 5167 a
1487 5113 1716 5168 masculo
1729 5112 1939 5184 Μαΐτης,
1959 5125 2085 5183 etc„
2107 5127 2167 5170 ut

612 5189 844 5260 Φθιώτης
859 5209 891 5245 ει
915 5191 1158 5256 Φθιῶτιςε
1181 5193 1433 5248 nutricem
1455 5193 1620 5248 mae-is
1642 5195 1686 5247 si
1703 5195 1872 5250 Graeci
1891 5195 2170 5251 voluissent

609 5268 808 5337 dicere,
829 5269 1001 5325 Μαῖαν
1021 5283 1315 5344 vocassent,
1333 5291 1440 5328 non
1457 5273 1692 5341 Μαιῆτιν.
1720 5295 1741 5326 ιι
1769 5276 1790 5346 ΙΙ
1815 5306 1888 5317 -
1904 5275 2171 5348 παραδεδο·

614 5350 758 5423 μένος
774 5349 797 5424 ]
816 5353 1209 5426 παραδεδομένης
1230 5355 1284 5408 in
1309 5370 1342 5407 2
1375 5352 1533 5409 codd.
1559 5355 1681 5409 Par.
1709 5355 1732 5427 ΙΙ
1755 5386 1828 5397 -
1851 5343 2128 5428 δισχιλῐων.
2149 5356 2170 5428 ]

2263 1978 2453 2053 ampli
2480 1975 2761 2051 scriptori,
2781 1974 2893 2051 jam
2918 1985 2998 2030 tot
3022 1993 3187 2030 annos
3222 1975 3277 2028 in
3308 1974 3456 2028 coecis
3490 1973 3721 2028 tenebris
3740 1973 3823 2044 ja-

2261 2069 2421 2134 centi,
2449 2066 2628 2120 lumen
2650 2065 2902 2120 attulero:
2936 2065 3027 2136 qui
3057 2063 3178 2118 licet
3216 2063 3495 2117 hominum
3528 2063 3587 2116 in
3638 2079 3825 2133 magna

2257 2153 2375 2209 lnce
2397 2161 2711 2220 versaretur,
2738 2163 2912 2206 tamen
2940 2169 3111 2205 crassa
3126 2148 3261 2204 adeo
3286 2149 3506 2221 caligine
3536 2147 3823 2204 circumsu-

2258 2259 2348 2295 sus
2370 2251 2476 2309 est,
2507 2253 2566 2297 ut
2591 2258 2701 2296 non
2726 2241 3011 2304 videretur,
3032 2239 3133 2293 nisi
3146 2241 3265 2312 quis
3282 2239 3438 2294 simili
3472 2237 3677 2304 studio,
3716 2257 3823 2311 quo

2257 2331 2337 2383 uti
2355 2340 2575 2385 conatus
2602 2346 2721 2383 sum
2747 2369 2761 2391 ,
2798 2325 2913 2399 ejus
2933 2325 3210 2397 caliginem
3241 2325 3544 2381 discuteret.
3580 2328 3661 2380 Ita
3679 2327 3821 2379 enim

2255 2416 2369 2489 ejus
2396 2419 2609 2472 nomina
2643 2417 2860 2488 antiqua
2882 2416 3118 2486 ignorata
3149 2425 3275 2468 sunt
3295 2453 3311 2481 ,
3347 2424 3411 2468 ut
3441 2413 3586 2468 nulla
3606 2413 3823 2484 jamdu-

2255 2502 2387 2559 dum
2410 2515 2534 2560 nota
2558 2505 2695 2572 sint,
2715 2521 2833 2576 quae
2869 2503 3124 2556 illustrare
3144 2501 3217 2556 ob
3232 2499 3394 2573 hujus
3418 2498 3534 2554 freti
3569 2499 3823 2555 excellen-

2255 2593 2381 2647 tiam
2398 2591 2651 2657 conabor,
2673 2589 2818 2663 quod
2836 2600 3044 2663 praestat
3055 2589 3301 2645 omnibus
3314 2587 3479 2644 fretis.
3500 2587 3822 2646 Gaditanum

2253 2680 2473 2754 quidem
2492 2682 2704 2754 stringit
2715 2678 2854 2735 duos
2876 2679 3031 2735 orbes
3047 2719 3064 2747 ,
3095 2677 3188 2734 sed
3216 2679 3525 2751 incipientes
3541 2718 3558 2745 ,
3584 2677 3679 2732 sed
3707 2681 3822 2733 vin-

2253 2767 2373 2824 culo
2395 2768 2501 2824 lato
2519 2768 2787 2839 sexaginta
2816 2764 3021 2822 stadia:
3061 2776 3117 2821 at
3139 2767 3402 2839 Bosporus
3415 2805 3431 2830 ,
3461 2762 3597 2819 duos
3622 2765 3823 2822 medios

2253 2855 2409 2912 orbes
2427 2853 2572 2910 nodo
2590 2855 2828 2924 astringit
2850 2870 2960 2908 non
2992 2852 3163 2908 latiori
3188 2862 3441 2925 quattuor
3458 2849 3666 2918 stadiis,
3688 2851 3824 2909 adde

2254 2941 2402 3017 qnod
2425 2943 2685 3017 Bosporus
2701 2951 2780 2996 est
2798 2940 3129 2996 commodior
3144 2961 3160 3008 3
3184 2940 3275 2995 hic
3286 2942 3431 2995 enim
3456 2951 3681 3012 utroque
3695 2943 3823 2998 orbe

2253 3032 2549 3088 accolarum
2579 3030 2758 3085 multis
2784 3031 3114 3086 commerciis
3144 3027 3552 3101 conjunctorum
3576 3027 3824 3102 frequen-

2257 3129 2395 3175 tatus
2409 3159 2424 3185 ,
2462 3129 2629 3192 portae
2665 3117 2829 3172 habet
2857 3116 3257 3190 dispositionem
3278 3115 3350 3171 ob
3392 3118 3822 3172 communionem

2258 3218 2497 3263 mutuam
2516 3246 2531 3274 ,
2563 3204 2848 3278 aliquando
2884 3216 3044 3278 ponte
3060 3204 3274 3276 junctus
3301 3204 3370 3259 ab
3396 3203 3481 3258 bis
3498 3244 3513 3270 ,
3556 3205 3649 3277 qui
3673 3202 3824 3276 pedi·

2257 3295 2358 3349 bus
2382 3313 2446 3348 ex
2472 3313 2579 3348 una
2596 3293 2901 3347 continente
2923 3293 2978 3345 in
2995 3291 3208 3346 alteram
3230 3292 3457 3345 transire
3484 3289 3714 3346 mallent.
3748 3293 3819 3344 At

2258 3381 2506 3436 Gaditani
2539 3379 2655 3433 freti
2676 3396 2826 3433 rarus
2846 3389 2927 3432 est
2936 3395 3063 3431 usus
3078 3376 3150 3432 ob
3174 3377 3477 3431 inusitatam
3500 3375 3821 3448 Libycorum

2259 3466 2688 3522 communionem
2706 3482 2830 3518 cum
2857 3464 3129 3536 Europoeis
3144 3503 3160 3529 ,
3183 3473 3239 3517 et
3263 3463 3335 3517 ob
3364 3463 3707 3533 longinquam
3724 3481 3816 3516 ex·

2259 3553 2399 3608 terni
2416 3552 2573 3606 maris
2595 3551 3001 3622 navigationem.
3019 3547 3356 3622 Thucydides
3375 3547 3553 3603 laudat
3570 3548 3819 3612 Siciliam,

2258 3638 2409 3714 quod
2430 3639 2565 3696 freto
2597 3640 2781 3713 viginti
2810 3637 3104 3696 stadiorum
3115 3637 3435 3711 disjungitur
3452 3656 3483 3692 a
3506 3637 3819 3704 continenti,

2257 3729 2352 3785 sed
2373 3729 2432 3785 id
2460 3728 2717 3786 duntaxat
2758 3728 2983 3784 insulam
3023 3727 3200 3801 jungit
3236 3728 3397 3783 Italiae
3416 3768 3433 3794 ,
3473 3725 3669 3782 infame
3710 3745 3819 3782 non

2259 3815 2424 3873 modo
2472 3817 2699 3890 scopulis
2755 3817 3065 3871 monstrosis
3110 3825 3166 3870 et
3212 3813 3547 3886 voraginibus
3563 3853 3581 3882 ,
3634 3831 3821 3868 verum

2264 3905 2425 3959 etiam
2462 3904 2675 3970 belluis,
2718 3902 2913 3976 quibus
2960 3903 3216 3976 Bosporus
3254 3913 3413 3957 caret.
3462 3900 3821 3956 Chalcidicum

2263 3989 2456 4045 fremui
2473 3990 2728 4058 mirabile,
2744 3989 2837 4044 scd
2857 3990 2929 4044 ob
2950 3989 3031 4043 sui
3047 3987 3217 4061 euripi
3239 3989 3640 4043 inconstantiam
3661 3999 3823 4061 ponte

2265 4167 2383 4218 Hoc
2397 4165 2465 4218 ab
2478 4166 2623 4219 omni
2647 4175 2881 4220 veterum
2902 4163 3212 4236 geographia
3228 4163 3494 4217 abhorret.
3557 4167 3665 4216 Aut
3678 4161 3821 4217 ὀκτα-

2261 4243 2519 4316 κισχιλίων
2551 4254 2644 4298 aut
2678 4242 3055 4314 ἐννακισχιλίων
3088 4243 3374 4314 Dionysius
3399 4239 3635 4306 dederit,
3662 4241 3734 4294 ita
3758 4253 3822 4295 ut

2260 4334 2353 4377 aut
2362 4323 2405 4391 ,0
2425 4325 2481 4378 in
2499 4322 2590 4390 δὶς,
2609 4333 2704 4377 aut
2719 4342 2767 4397 ,η
2788 4323 2845 4377 in
2867 4325 2920 4396 ,β
2939 4332 3247 4394 corruptum
3261 4323 3347 4375 sit.
3371 4318 3670 4374 Stadiorum
3683 4322 3823 4376 8000

2259 4402 2519 4458 ambitum
2534 4402 2769 4458 Maeotidi
2792 4402 3037 4457 tribuunt
3052 4399 3299 4474 Polybius
3317 4404 3370 4467 4,
3391 4401 3481 4472 39,
3512 4417 3536 4454 1
3562 4410 3617 4453 et
3632 4399 3820 4456 Strabo

2259 4500 2315 4555 p.
2348 4483 2483 4550 3103
2512 4483 2693 4538 novics
2723 4481 2864 4536 mille
2882 4481 3050 4536 stadia
3070 4491 3377 4553 computant
3394 4479 3582 4536 Strabo
3600 4497 3655 4552 p.
3696 4480 3817 4548 125,

2258 4563 2459 4618 Plinius
2502 4567 2557 4630 4,
2596 4566 2663 4628 24
2694 4565 2725 4632 5
2771 4563 2860 4632 78,
2901 4561 3114 4617 Arrian.
3151 4559 3370 4633 Peripl„
3408 4559 3813 4631 Agathemerus,

2257 4641 2606 4715 Theophanes
2640 4643 2923 4696 simocatta
2956 4640 3011 4693 in
3037 4638 3227 4694 Ideleri
3266 4638 3425 4710 Phys.
3468 4648 3521 4692 et
3558 4635 3699 4692 med.
3734 4656 3815 4710 gr.

2255 4723 2393 4776 min.
2425 4739 2482 4795 p.
2517 4726 2636 4792 169.
2713 4721 2765 4775 Si
2812 4720 2931 4791 quis
2957 4735 3238 4773 numerum
3264 4716 3521 4790 δισχιλίων
3556 4719 3693 4771 tueri
3727 4736 3816 4773 vo·

2259 4800 2418 4856 luerit
2435 4843 2451 4869 ,
2479 4801 2602 4857 licet
2616 4801 2857 4856 lacunam
2882 4809 3109 4854 statuere
3129 4798 3274 4853 bunc
3289 4798 3346 4852 in
3362 4795 3583 4852 modum
3606 4795 3811 4868 explen-

2259 4880 2386 4936 dam
2421 4899 2436 4938 ε
2465 4881 2535 4935 Τὸ
2566 4879 2652 4954 μὲν
2678 4879 2965 4952 περίμετρόν
3000 4877 3103 4932 ἔστι
3126 4875 3534 4950 [ὀκτακισχιλίων
3567 4874 3648 4930 vel
3675 4875 3817 4931 ἔννα·

2259 4960 2521 5032 κισχιλίων
2534 5003 2550 5027 ,
2570 4960 2603 5029 ἡ
2626 4961 2680 5016 δὲ
2706 4961 2990 5032 διάμετρος]
3015 4957 3271 5031 δισχιλίων
3290 4957 3500 5012 σταδίων
3524 4958 3688 5027 (2200
3710 4976 3815 5012 sec.

2260 5040 2467 5114 Strab.)
2512 5041 2535 5112 11
2562 5071 2634 5082 —
2662 5039 2691 5093 ὁ
2729 5040 2946 5111 Τάναϊς]
2985 5037 3277 5094 Articulum
3312 5055 3421 5091 om.
3457 5035 3617 5090 codd.
3647 5037 3813 5090 Paris.

2263 5121 2507 5174 Ceterum
2548 5130 2866 5192 postremam
2900 5117 3171 5188 fragmenti
3203 5113 3361 5188 hujus
3378 5127 3589 5189 ,partem
3629 5115 3815 5171 iisdem

2261 5201 2370 5256 sere
2410 5199 2581 5254 verbis
2617 5199 2779 5254 habes
2801 5197 2943 5271 apud
2969 5197 3200 5270 Gyllium
3218 5195 3373 5250 initio
3407 5195 3590 5268 capitis
3620 5196 3812 5268 primi,

2260 5281 2356 5336 ubi
2380 5279 2663 5354 Dionysius
2680 5278 2881 5334 laudari
2910 5276 3149 5333 debebat.
3174 5275 3301 5332 Vid.
3322 5295 3443 5350 pag.
3477 5277 3527 5331 5.
