4584 6284
1746 552 2109 617 ANAPLus
2152 556 2484 621 Bospom
2524 558 2786 623 TnssAc
2795 559 2876 622 11.

694 698 841 753 aiunt
874 695 946 751 ibi
968 684 1183 767 χύτρκς,
1211 693 1317 747 1100
1343 704 1421 748 est
1443 692 1599 760 ollas,
1630 690 1861 749 defossas
1891 694 2182 762 invenisse,
2213 707 2268 752 et

696 803 811 840 ossa
856 798 871 838 1
916 808 941 831 ι
992 782 1199 835 Verum
1234 781 1391 835 aliam
1432 798 1543 835 esse
1582 798 1760 836 acram
1794 782 2031 837 Heraeam
2050 824 2067 850 ‚
2118 784 2269 839 aliam

696 859 861 947 Εὗρον
890 874 999 927 sive
1014 872 1227 943 Hyrim,
1254 878 1401 943 patet
1417 886 1483 924 ex
1507 868 1845 925 Artemidoro
1872 888 1887 925 ι
1912 870 1957 925 is
1982 874 2125 927 enim
2144 873 2271 927 seri·

696 960 773 1015 bit
798 959 865 1013 ab
892 960 1073 1015 Acritu
1122 955 1495 1032 promontorio
1540 956 1805 1027 naviganti
1844 967 2055 1012 eentum
2082 956 2263 1014 decem

694 1047 860 1103 stadia
904 1048 1066 1101 situm
1103 1062 1217 1100 esse
1252 1044 1681 1119 promontorium
1708 1044 1895 1117 Hyrim
1931 1045 2039 1099 sive
2076 1047 2260 1100 Euroo

695 1144 1059 1209 nuncupatum
1076 1173 1094 1200 ,
1138 1132 1225 1187 eui
1265 1130 1466 1204 objecti·
1505 1132 1573 1186 sit
1612 1131 1779 1185 insula
1804 1130 2047 1205 Pityodes
2082 1143 2137 1186 et
2169 1132 2267 1187 alia

695 1222 868 1279 insula
893 1220 1115 1276 nomine
1139 1217 1400 1274 Chalcitis.
1475 1221 1609 1288 Quae
1638 1228 1697 1272 ut
1726 1217 2031 1290 explicatius
2063 1221 2265 1292 perspi·

696 1310 929 1375 cientur,
958 1305 1253 1361 describam
1279 1304 1600 1377 subsequens
1628 1303 1795 1359 littus.
1867 1306 1991 1359 Post
2012 1322 2265 1377 promon-

702 1399 901 1454 torium
930 1398 1177 1451 Heraeum
1198 1394 1430 1467 pergenti
1455 1390 1522 1448 ad
1546 1393 1721 1447 sinum
1743 1390 2063 1447 Nicomedia
2088 1410 2267 1447 succe·

700 1488 782 1542 dit
806 1485 947 1542 aliud
964 1484 1406 1559 promontorium,
1424 1478 1568 1554 quod
1592 1483 1779 1552 vulgus
1802 1492 1952 1537 vocat
1978 1481 2260 1546 Zaritrion‚

700 1575 899 1641 nescio,
920 1591 987 1627 an
1012 1572 1157 1645 quasi
1186 1562 1495 1641 Xurptsmu
1520 1586 1641 1622 nam
1659 1566 1847 1622 aecolae
1872 1568 1929 1622 in
1948 1567 2093 1623 hunc
2119 1568 2262 1623 diem

696 1658 940 1731 jactitant
982 1659 1235 1713 invenisse
1275 1657 1428 1712 ollam
1470 1674 1601 1711 auro
1640 1654 1847 1727 plenam
1891 1656 1948 1710 in
1976 1654 2137 1729 hujus
2160 1656 2261 1711 loci

706 1748 914 1801 vicinia.
948 1748 1028 1801 Ex
1050 1744 1213 1799 insula
1234 1742 1453 1817 Pityode
1486 1743 1724 1813 navigavi
1752 1752 1892 1798 recta
1911 1742 1994 1797 via
2016 1742 2071 1797 in
2092 1744 2259 1798 eonti-

698 1845 911 1889 nentem
935 1832 1001 1889 ad
1031 1832 1199 1887 villam
1226 1834 1376 1887 sitam
1398 1832 1453 1885 in
1468 1849 1559 1885 ora
1575 1831 1843 1886 maritima
1860 1871 1876 1896 ,
1900 1847 2061 1903 quam
2087 1831 2259 1886 Graeci

703 1934 887 1977 vocant
931 1920 1145 1977 Obriam
1180 1920 1289 1975 sive
1327 1919 1542 1975 Abriam
1560 1960 1576 1983 ,
1628 1919 1793 1974 Turci
1843 1918 2105 1992 appellant
2144 1936 2258 1973 eam

696 2009 948 2081 Maltepet
962 2048 977 2074 ,
1022 2008 1171 2061 sitam
1218 2006 1287 2060 ad
1339 2004 1541 2061 radices
1599 2016 1857 2061 extremas
1905 2007 2256 2079 promontorii

696 2096 847 2168 positi
870 2102 1052 2148 contra
1076 2091 1372 2148 chalcitim.
1445 2091 1586 2147 Vide
1600 2131 1618 2159 ,
1644 2110 1711 2147 an
1727 2092 1833 2147 hoc
1849 2092 1917 2147 sit
1946 2094 2131 2147 Euron
2150 2094 2261 2147 sive

692 2184 848 2257 Hyris
866 2182 1309 2255 promontorium,
1331 2200 1399 2235 an
1423 2179 1553 2236 illud
1581 2180 1725 2253 quod
1746 2178 1854 2253 jam
1876 2178 1988 2235 dixi
2012 2181 2260 2255 appellari

690 2269 967 2323 Zaritrion.
1040 2270 1246 2323 Verum
1288 2277 1350 2321 ut
1384 2267 1571 2321 melius
1607 2267 1924 2339 intelligatur
1942 2268 2074 2321 situs
2104 2267 2259 2323 Chal-

692 2355 907 2411 cedonis
925 2395 941 2421 ,
962 2367 1018 2411 et
1036 2353 1130 2410 ubi
1155 2354 1315 2410 fuerit
1336 2346 1583 2428 Ἥραιον,
1608 2355 1768 2429 paulo
1797 2367 1946 2411 extra
1963 2357 2259 2429 Bosporum

697 2444 941 2516 vagabor,
980 2441 1071 2498 sed
1113 2444 1171 2497 in
1210 2453 1495 2517 conspectu
1526 2441 1877 2498 Chalcedonis
1906 2454 1960 2497 et
1984 2443 2253 2515 Byzantii,

704 2530 851 2603 quod
874 2528 1031 2603 paulo
1050 2540 1175 2601 post
1204 2529 1563 2601 descripturus
1590 2546 1728 2583 sum.

692 2675 817 2729 xn.
852 2678 927 2727 De
956 2672 1146 2727 insulis
1172 2672 1489 2727 suburbanis
1529 2671 1773 2742 Byzantii
1804 2683 1854 2725 et
1886 2670 2253 2735 Chalcedonis,

814 2773 863 2816 et
875 2761 1113 2836 primum
1137 2759 1201 2813 de
1232 2758 1407 2816 insula
1436 2763 1602 2813 Prota
1628 2770 1679 2813 et
1714 2756 1859 2812 Otia
1880 2768 1931 2811 et
1954 2756 2130 2829 Plaey.

758 2891 1127 2950 Artemidorus
1164 2892 1219 2947 in
1258 2890 1541 2946 undecimo
1588 2891 1725 2946 libro
1764 2889 2110 2963 Geographiae
2142 2891 2215 2944 ait
2244 2906 2257 2943 ε

691 3002 719 3034 α
743 2980 998 3037 abAcrita
1009 2979 1376 3053 promontorio
1391 2981 1848 3054 preternaviganti
1861 2980 2047 3033 Euron
2060 2992 2075 3017 ¹
2097 2977 2263 3033 stadia

686 3078 893 3123 eentum
928 3078 981 3122 et
1022 3068 1234 3133 decem,
1264 3070 1692 3141 promontorium
1720 3069 1881 3122 situm
1920 3077 1999 3148 est
2037 3066 2261 3139 appella·

688 3166 797 3209 tum
826 3156 1003 3228 Hyris,
1034 3166 1087 3209 et
1114 3155 1282 3210 insula
1305 3155 1431 3210 huic
1456 3153 1708 3228 objicitur
1730 3152 1994 3228 Pityodes,
2023 3164 2075 3207 et
2101 3153 2261 3208 altera

687 3241 852 3295 insula
873 3243 1139 3296 nominata
1162 3240 1407 3295 chalcitis
1433 3253 1487 3296 et
1510 3242 1610 3295 ulia
1633 3244 1792 3296 Prota
1819 3240 1978 3307 dicta,
1997 3257 2030 3292 a
2056 3257 2163 3311 qua
2191 3236 2259 3293 ad

691 3431 819 3485 illud
860 3450 969 3486 esse
1009 3432 1163 3486 debet
1202 3434 1629 3505 promontorium
1668 3431 1815 3504 quod
1856 3432 2142 3505 peninsula!
2182 3429 2251 3485 ad

690 3508 909 3564 modum
934 3511 988 3563 in
1010 3528 1153 3564 mare
1174 3509 1465 3582 projectum
1484 3510 1645 3565 hodie
1670 3521 1887 3564 vocetur
1913 3509 2109 3564 Touzla
2128 3510 2253 3563 bon·

689 3605 819 3642 mun
840 3605 871 3642 a
902 3587 1095 3644 Touzla
1120 3590 1233 3643 vico
1256 3590 1573 3663 propinquo.
1590 3590 1711 3644 Non
1738 3590 1811 3643 ita
1831 3589 1983 3661 longe
2000 3607 2029 3642 a
2056 3588 2252 3644 Touzla

688 3666 817 3723 alius
856 3679 1022 3723 exstat
1068 3668 1214 3724 locus
1250 3672 1355 3724 Yos
1396 3668 1495 3724 Yri
1531 3667 1735 3735 dietus,
1782 3686 1904 3723 cum
1946 3686 2054 3741 quo
2090 3670 2251 3741 Hyris

688 3750 1036 3819 promontorii
1087 3768 1283 3803 nomen
1326 3748 1755 3822 componendum
1811 3766 1923 3803 esse
1965 3746 2129 3803 facilis
2172 3758 2251 3803 est

689 3827 1006 3899 conjectura.
1044 3828 1291 3901 Pityodes
1326 3828 1495 3885 insula
1523 3828 1623 3902 (tte
1652 3828 1979 3903 Prinkipos)
2002 3846 2111 3883 non
2150 3828 2249 3901 ipsi

688 3906 903 3978 quidem
920 3910 1286 3980 promontorio
1308 3908 1527 3981 adjacet,
1546 3918 1776 3963 attamen
1800 3925 1863 3963 ex
1888 3907 2070 3962 insulis
2091 3906 2251 3980 hujus

689 3996 883 4041 tractus
904 3988 953 4042 ei
978 3988 1217 4061 proxima
1246 3999 1341 4043 est.
1370 3988 1675 4045 Aecurstius
1700 3988 1860 4042 situm
1886 3987 2125 4042 locorum
2148 3990 2251 4041 Ar·

687 4065 983 4123 temidorus
1003 4066 1299 4133 indicasset,
1322 4069 1365 4123 si
1383 4066 1657 4141 Pityodem
1675 4066 1899 4123 insulam
1921 4085 2045 4122 cum
2060 4068 2253 4123 Acritoe

686 4146 1039 4217 promontorii
1063 4147 1331 4202 mentione
1350 4146 1635 4220 junxisset3
1656 4164 1781 4202 nam
1803 4147 1987 4201 Acritae
2010 4146 2251 4219 proxima

684 4234 763 4277 est
788 4224 983 4289 insula,
1025 4224 1159 4279 adeo
1200 4237 1259 4279 ut
1286 4226 1479 4281 Acritae
1506 4242 1701 4279 nomen
1726 4222 1794 4279 ad
1838 4226 2003 4299 ipsam
2029 4224 2251 4281 insulam

682 4303 739 4356 in
762 4301 935 4357 tabula
958 4304 1361 4375 Peutingeriana
1383 4302 1743 4359 transferatur.
1769 4304 2085 4358 Hammerus
2102 4305 2253 4359 Acri-

682 4392 789 4436 tam
806 4399 890 4456 pr.
914 4383 968 4436 in
990 4381 1248 4437 hodierno
1272 4386 1435 4437 Fenet·
1451 4384 1681 4438 ὗσαι-11011
1698 4400 1979 4455 agnoscere
1994 4382 2093 4438 sibi
2112 4384 2253 4439 visus

682 4470 777 4532 est,
800 4478 1118 4534 quamquam
1160 4461 1217 4515 id
1244 4480 1355 4517 non
1383 4466 1481 4529 60,
1508 4462 1603 4517 sed
1627 4466 1659 4519 8
1696 4462 1805 4517 sere
1830 4462 1999 4518 stadia
2034 4482 2065 4517 a
2097 4462 2253 4518 Chal-

683 4544 880 4600 cedone
902 4545 1079 4601 distat.
1098 4546 1445 4600 Hammerum
1468 4557 1667 4602 temere
1692 4557 1902 4601 secutus
1924 4557 2004 4602 est
2028 4548 2251 4619 Kieper-

684 4639 769 4683 tus
798 4630 853 4683 in
876 4627 1038 4684 Atlas
1076 4647 1180 4683 von
1226 4628 1410 4683 Hellas
1437 4640 1539 4684 etc.
1568 4629 1749 4687 tabula
1787 4647 1850 4702 17
1866 4650 1883 4697 ;
1930 4648 2039 4685 non
2076 4640 2249 4685 tamen

684 4708 791 4763 sibi·
818 4718 1019 4763 constat
1029 4728 1045 4775 3
1074 4726 1197 4761 nam
1230 4709 1284 4762 in
1321 4706 1427 4761 tab.
1464 4708 1494 4763 5
1524 4710 1761 4764 Acritam
1796 4709 1947 4780 ponit
1966 4708 2033 4762 ab
2054 4708 2249 4764 oriente

682 4786 898 4857 Hyridis
920 4804 1027 4859 pr„
1056 4786 1122 4841 ad
1151 4786 1327 4840 sinum
1353 4790 1667 4841 Astacenum
1682 4828 1701 4857 ,
1736 4787 1829 4841 ubi
1862 4804 2007 4863 nnnc
2028 4797 2109 4841 est
2141 4788 2247 4843 Ie!-

682 4861 797 4918 dem
839 4864 976 4936 kaya
1014 4864 1263 4921 bourona.
1309 4863 1472 4935 Quod
1508 4883 1667 4937 quam
1706 4866 1775 4919 sit
1810 4865 1877 4919 ab
1921 4865 2245 4921 Artemidori

680 4945 981 4998 narratione
1015 4944 1273 5011 alienum,
1311 4955 1495 5017 sponte
1548 4945 1869 5016 intelligitur.
1911 4946 1975 4999 In
2018 4944 2243 5001 alterum

680 5022 822 5077 11000
845 5040 1079 5079 errorem
1096 5022 1364 5078 induxisse
1381 5023 1590 5079 videtur
1611 5024 1938 5090 Ptolemaeus,
1960 5026 2053 5096 qui
2073 5042 2239 5097 quum

678 5103 851 5156 sinum
892 5105 1211 5158 Astacenum
1249 5104 1429 5158 Acrita
1453 5114 1507 5157 et
1530 5101 1813 5158 Posidonio
1856 5104 1952 5177 (h.
1982 5108 2085 5159 Bos
2116 5104 2241 5157 bou-

676 5182 840 5249 roem)
867 5180 1248 5252 promontoriis
1272 5179 1443 5235 claudi
1466 5191 1676 5247 statuat,
1701 5182 1982 5255 Kiepertus
2002 5183 2237 5236 Acritam

678 5275 871 5312 nomen
894 5255 962 5312 ad
985 5258 1113 5313 illud
1134 5262 1563 5332 promontorium
1591 5260 1854 5316 transtulit
1872 5260 2018 5333 quod
2046 5260 2111 5314 ad
2142 5261 2238 5315 ini-

674 5339 808 5391 tium
826 5350 905 5393 est
920 5340 1186 5394 interioris
1202 5356 1435 5394 recessus
1451 5350 1504 5395 et
1520 5358 1553 5395 a
1567 5339 1738 5395 Plinio
1756 5350 1967 5394 vocatur
1985 5340 2237 5393 Leucatas

678 5417 1117 5487 promontorium.
1150 5419 1221 5472 At
1244 5417 1374 5471 nihil
1400 5416 1615 5491 impedit
1640 5420 1767 5490 quin
1792 5428 2033 5491 putemus
2066 5416 2233 5472 Ptole·
2272 5444 2288 5467 1

2359 690 2544 747 urbem
2565 692 2947 749 Chalcedonem
2973 692 3140 749 stadia
3157 692 3518 768 quadraginta.
3545 721 3570 744 ι
3603 698 3816 752 Protam
3835 715 3932 771 ap-

2357 780 2596 852 pellatam
2623 783 2866 837 existimo
2883 822 2898 850 ,
2935 780 3084 855 quod
3117 784 3289 857 prima
3315 792 3560 839 occurrat
3595 785 3925 841 venientibus

2357 866 2604 940 Byzantio
2647 879 2700 936 et
2745 868 3105 936 Chalcedone3
3153 888 3186 925 a
3229 870 3427 927 Grecis
3471 888 3638 943 nsque
3675 870 3744 926 ad
3787 871 3926 928 lianc

2355 954 2495 1011 diem
2541 958 2846 1013 nominatur
2883 950 3080 1031 Πρώτη
3105 958 3169 1025 ⁸3
3209 958 3368 1015 distat
3399 958 3468 1013 ab
3505 960 3642 1015 urbe·
3674 962 3927 1034 Byzantio

2356 1045 2515 1117 paulo
2553 1046 2777 1121 amplius
2803 1048 3069 1119 sexaginta
3107 1046 3305 1113 stadim
3335 1046 3450 1120 ejus
3475 1046 3751 1119 longitudo
3787 1066 3816 1103 a
3843 1066 3924 1103 se-

2355 1134 2750 1205 ptentrionibus
2775 1132 3016 1207 procedit
3040 1132 3108 1188 ad
3137 1132 3410 1189 meridiem
3428 1154 3445 1199 ;
3459 1133 3614 1207 juxta
3639 1132 3752 1207 ejus
3777 1134 3925 1191 littus

2355 1239 2570 1293 vergens
2595 1220 2664 1277 ad
2694 1224 2950 1277 orientem
2990 1224 3137 1277 vicus
3160 1233 3236 1277 est
3271 1223 3371 1278 sub
3397 1240 3453 1277 se
3479 1222 3679 1277 habens
3707 1236 3922 1297 portum

2351 1306 2682 1380 subjeetum3
2709 1326 2868 1383 supra
2896 1309 3071 1364 vicum
3094 1307 3216 1363 duae
3236 1310 3473 1383 cisternae
3497 1308 3760 1377 rotunde,
3791 1328 3921 1384 qna·

2349 1412 2470 1449 rum
2497 1413 2668 1469 major
2681 1396 2885 1452 laxatur
2907 1398 2962 1451 in
2988 1396 3388 1471 amplitudinem
3415 1400 3588 1470 magni
3609 1397 3924 1473 hemisphae-

2351 1484 2442 1541 rii.
2486 1484 2836 1540 Thermarum
2865 1504 3172 1557 magnarum
3200 1488 3570 1560 Byzantiarum
3602 1487 3768 1541 insula
3784 1485 3923 1545 duo-

2349 1573 2450 1627 bus
2491 1573 2770 1629 verticibus
2807 1575 3074 1647 prominet
3088 1612 3105 1640 ,
3137 1574 3300 1629 altero
3333 1584 3574 1645 vergente
3608 1573 3674 1629 ad
3713 1586 3921 1649 septen-

2348 1663 2547 1716 triones
2563 1702 2580 1727 ,
2625 1662 2791 1717 altero
2831 1664 2900 1716 ad
2942 1660 3212 1717 cardinem
3261 1662 3630 1719 meridianum.
3707 1663 3920 1717 Dicitur

2347 1748 2571 1802 circuitu
2614 1749 2890 1819 complecti
2935 1749 3144 1803 circiter
3188 1749 3288 1802 tria
3323 1747 3573 1814 miliaria3
3618 1766 3651 1801 a
3701 1746 3922 1802 meridie

2347 1835 2504 1891 habet
2543 1837 2766 1891 insulam
2808 1838 3111 1907 Antigonen
3124 1875 3141 1901 ‚
3181 1852 3212 1888 a
3237 1852 3340 1907 qua
3370 1834 3517 1889 abest
3552 1845 3674 1889 octo
3711 1836 3920 1890 circiter

2347 1922 2546 1989 stadia;
2573 1924 2708 1978 inter
2730 1922 3003 1977 meridiem
3030 1932 3084 1977 et
3105 1938 3348 1975 oceasum
3371 1919 3662 1975 brumalem
3684 1922 3920 1977 intuetur

2348 2008 2480 2064 duas
2517 2010 2743 2075 insulas,
2773 2026 2996 2081 quarum
3033 2007 3192 2063 altera
3221 2007 3423 2081 Plstys,
3466 2008 3629 2063 altera
3663 2008 3799 2063 Oxia
3824 2026 3918 2082 ap·

2347 2098 2586 2171 pellatur,
2617 2100 2672 2153 in
2700 2109 2911 2153 acutum
2935 2098 3184 2152 verticem
3215 2096 3465 2169 fastigiata
3481 2136 3498 2163 ,
3524 2095 3762 2169 nudique
3781 2115 3917 2171 prae-

2347 2203 2467 2257 ceps
2503 2196 2554 2240 et
2597 2195 2888 2258 praerupta3
2930 2182 3206 2237 altitudine
3249 2181 3315 2237 ad
3365 2182 3798 2256 perpendiculum
3836 2183 3917 2240 di·

2347 2290 2526 2327 mensa
2551 2283 2765 2345 superat
2797 2289 2980 2326 omnoe
3013 2270 3170 2325 colles
3210 2271 3466 2343 Byzantii.
3539 2272 3621 2326 Ex
3655 2270 3915 2344 aliquibus

2347 2360 2581 2431 partibus
2603 2376 2842 2413 aseensus
2875 2360 2928 2413 in
2956 2358 3122 2431 ipsam
3157 2375 3266 2411 non
3291 2368 3430 2430 patet
3461 2356 3532 2412 ob
3555 2356 3784 2413 directos
3819 2358 3915 2413 cli-

2351 2463 2460 2500 vos.
2530 2444 2698 2501 Multa
2739 2446 2894 2501 etiam
2922 2463 3069 2499 01100
3094 2444 3305 2515 vestigia
3348 2445 3537 2498 retinet
3569 2444 3914 2501 cisternarum

2348 2532 2675 2603 aliorumque
2699 2530 3060 2585 edificiorum.
3137 2532 3302 2585 Aiunt
3323 2530 3396 2584 ibi
3419 2532 3614 2602 regiam
3639 2549 3831 2598 arcem,
3859 2543 3914 2587 et

2351 2617 2490 2672 velut
2513 2635 2768 2672 secessum
2789 2619 3102 2691 Caprensem
3129 2618 3424 2691 aliquorum
3451 2636 3633 2689 regum
3659 2620 3910 2687 extitisse,

2349 2702 2494 2777 quod
2540 2722 2573 2759 a
2609 2704 2686 2759 rei
2731 2704 2944 2759 veritate
2983 2706 3204 2759 omnino
3255 2703 3483 2759 alienum
3529 2722 3636 2759 non
3682 2705 3906 2773 videtur,

2349 2802 2628 2865 propterca
2649 2793 2774 2865 quia
2801 2792 3022 2847 naturali
3051 2792 3342 2846 munitione
3372 2802 3483 2847 tuta
3518 2792 3745 2849 videtur.
3803 2795 3910 2849 Ha·

2350 2878 2440 2933 bet
2459 2888 2672 2953 portum
2698 2878 2987 2951 subjectum
3013 2880 3202 2935 orienti
3217 2918 3235 2947 ,
3277 2878 3427 2953 cujus
3457 2878 3620 2935 moles
3654 2880 3912 2937 distracta

2351 2978 2639 3021 cernuntur
2654 2988 2670 3034 3
2690 2965 2838 3021 lauro
2851 2965 3102 3032 abundat,
3129 2978 3182 3021 et
3196 2966 3374 3022 multis
3390 2968 3670 3039 generibus
3685 2968 3875 3025 florum
3889 2990 3906 3036 ;

2349 3054 2441 3109 sed
2503 3056 2920 3127 nusquam-circa
2971 3057 3276 3129 Byzantium
3327 3066 3468 3111 tanta
3511 3056 3615 3110 cibi
3677 3055 3910 3112 bonitate

2349 3154 2533 3198 ostrea!
2577 3144 2855 3217 capiuntur
2891 3162 3050 3216 quam
3086 3146 3283 3199 circum
3326 3144 3466 3200 hane
3508 3144 3750 3203 insulam.
3823 3145 3909 3202 Ab

2349 3233 2449 3288 hac
2473 3250 2582 3287 non
2609 3231 2763 3303 louge
2783 3242 2862 3286 est
2885 3233 3056 3305 Platys
3077 3232 3270 3299 insula,
3298 3233 3511 3289 humilis
3533 3244 3587 3288 et
3604 3232 3712 3288 fere
3731 3234 3904 3307 plana.

2343 3446 2536 3483 maeum
2575 3429 2722 3482 sinus
2760 3428 2998 3482 Astaceni
3040 3427 3248 3479 initium
3287 3426 3533 3479 sumsisse
3577 3426 3644 3480 ab
3685 3445 3750 3481 eo
3789 3428 3905 3483 1000

2343 3508 2436 3579 qui
2468 3508 2660 3563 Acritae
2697 3507 3065 3579 promontorio
3100 3523 3166 3559 ex
3197 3505 3448 3578 Menippo
3486 3514 3538 3559 et
3569 3504 3905 3561 Artemidoro

2341 3586 2682 3659 assignandus
2697 3598 2804 3654 est3
2827 3588 3138 3657 Kiepertum
3159 3602 3281 3638 vero
3297 3595 3442 3638 tanto
3458 3584 3634 3639 minus
3652 3583 3902 3659 probave-

2341 3670 2434 3736 ris,
2464 3686 2631 3740 quum
2655 3685 2763 3722 suae
2789 3667 3052 3740 opinionis
3073 3666 3126 3719 in
3151 3665 3370 3737 gratiam
3393 3665 3580 3719 seriem
3611 3664 3850 3719 locorum
3872 3683 3903 3720 a

2340 3748 2621 3803 Ptolemaeo
2641 3744 2884 3803 traditam
2913 3746 3212 3799 mutaverit.
3243 3774 3318 3787 -
3337 3744 3766 3799 Promontorium
3783 3745 3906 3819 Gyl-

2342 3826 2394 3880 lii
2419 3836 2568 3882 aetate
2592 3831 2640 3881 Z
2640 3826 2890 3883 ariri-ium
2921 3834 3283 3897 nuncupatum
3311 3842 3540 3897 quonam
3571 3824 3902 3897 potissimum

2341 3906 2457 3961 1000
2478 3907 2660 3974 fuerit,
2690 3904 2866 3961 dicere
2893 3923 3002 3959 non
3028 3903 3227 3972 habe03
3251 3906 3488 3977 suspicor
3502 3916 3678 3959 autem
3703 3902 3772 3959 ad
3791 3902 3904 3977 ejus

2340 3990 2605 4061 regionem
2639 3989 2900 4061 pertinere
2921 3984 3011 4053 τὴν
3036 3986 3228 4059 Ζάρητα
3261 3993 3466 4058 κρήνην,
3494 4002 3654 4057 quam
3683 3985 3903 4071 Stepha-

2341 4085 2442 4122 nus
2477 4086 2520 4122 s.
2553 4067 2610 4122 h.
2641 4086 2692 4121 v.
2721 4084 2833 4121 esse
2866 4066 2938 4121 ait
2963 4064 3079 4139 iva-,ip
3119 4069 3205 4135 τῆς
3241 4064 3584 4137 Καλχηδονίας
3621 4062 3896 4133 Θαλάσσης,

2343 4146 2539 4220 μικροὺς
2570 4147 2833 4218 τρέφουσαν
2869 4145 3203 4218 κροκοδείλους
3233 4144 3576 4217 (lacertarum
3611 4148 3817 4215 genus)
3850 4146 3901 4199 ot

2341 4228 2606 4280 καλοῦνται
2649 4224 2889 4297 ζαρήτιοι.
2931 4224 3173 4280 Eundem
3209 4224 3409 4279 sontem
3453 4223 3716 4297 Ἀζαριτίαν
3752 4236 3899 4279 vocat

2340 4305 2529 4359 Strabo
2579 4322 2635 4377 p.
2674 4304 2774 4359 563
2791 4343 2806 4371 ,
2833 4306 2924 4377 qui
2947 4306 3084 4358 inter
3109 4301 3454 4358 Chalcedonis
3481 4313 3534 4357 et
3567 4304 3807 4358 Astaceni
3836 4306 3901 4358 si·

2342 4402 2440 4440 nus
2465 4384 2784 4440 mentionem
2811 4385 2991 4439 inserit
3017 4384 3129 4439 haec
3154 4401 3168 4438 :
3195 4382 3303 4457 1121
3332 4384 3386 4439 δὲ
3415 4382 3448 4451 ἡ
3484 4385 3626 4456 χώρα
3651 4384 3900 4451 (Chalce-

2341 4464 2656 4534 doniorum)
2686 4464 2856 4537 μικρὸν
2877 4463 2991 4535 ὓπὶρ
3013 4468 3099 4532 τῆς
3130 4464 3372 4533 Θαλάττης
3395 4464 3576 4535 κρήνην
3607 4462 3893 4536 Ἆζαριτὶαν,

2342 4545 2603 4617 τρέφουσαν
2623 4542 2956 4619 κροκοδείλους
2977 4542 3188 4615 μικρούς.
3211 4544 3274 4596 In
3294 4544 3472 4615 Lapiei
3497 4540 3670 4596 tabula
3692 4543 3896 4614 imperii

2339 4624 2551 4679 Turcici
2589 4622 2884 4697 complures
2911 4621 3078 4678 tontes
3108 4620 3257 4694 juxta
3291 4640 3436 4676 mare
3469 4622 3594 4675 sitos
3630 4621 3688 4675 in
3725 4632 3896 4676 tracm

2341 4698 2478 4757 inter
2521 4704 2752 4777 Maltepe
2794 4713 2847 4757 et
2897 4706 3204 4756 Astacenum
3249 4700 3420 4753 sinum
3467 4698 3642 4754 medio
3723 4702 3894 4755 notari

2337 4777 2512 4836 video.

2413 4877 2462 4915 1.
2500 4861 2974 4931 Proetermviganti
3013 4864 3062 4915 E
3065 4859 3230 4930 eet-on]
3263 4856 3482 4912 debebat
3506 4874 3520 4912 ε
3547 4860 3894 4931 proeeemavi·

2329 4939 2488 5005 genti
2513 4958 2693 4995 tersus
2713 4952 2882 4995 ortum
2899 4984 2913 5005 ‚
2944 4939 3332 5011 παραπλεύσαντι
3363 4936 3500 5011 [ἐπ’]
3531 4932 3694 5011 εὗρον.

2406 5037 2460 5075 2.
2493 5019 2710 5093 Πρώτη]
2749 5020 2942 5075 Eadem
2971 5038 3002 5075 a
3024 5020 3195 5075 Plinio
3224 5018 3282 5085 5,
3312 5022 3408 5083 44,
3438 5020 3468 5086 ς
3495 5017 3586 5072 151
3624 5018 3774 5073 Eloea
3799 5038 3892 5077 vo·

2331 5100 2439 5153 cari
2487 5098 2713 5153 videtur.
2762 5102 2966 5155 Protam
2999 5100 3137 5153 inter
3166 5108 3362 5150 veteres
3396 5097 3718 5170 geographos
3751 5115 3890 5153 unus

2330 5176 2698 5233 Artemidorus
2738 5188 3008 5233 memorat.
3053 5180 3316 5248 Frequens
3362 5187 3472 5230 tum
3504 5176 3737 5247 Πρώτης,
3774 5186 3886 5231 1010

2335 5253 2521 5320 Ὀξείας
2549 5268 2603 5312 et
2627 5256 2868 5318 Πλατείας
2888 5256 3085 5309 mentio
3107 5254 3334 5310 occurrit
3360 5255 3414 5308 in
3441 5256 3671 5309 Historia
3692 5257 3888 5328 Byzan·

2329 5338 2459 5392 tina.
2489 5336 2630 5390 vide
2653 5354 2770 5409 quae
2794 5334 2967 5390 laudat
2990 5336 3306 5389 Hammerus
3331 5334 3368 5391 1.
3397 5334 3433 5388 l.
3463 5352 3518 5407 p.
3548 5334 3672 5390 361.

3623 5508 3670 5559 7.
