4584 6284
1521 634 1848 739 RUFI
1935 627 2349 735 FESTI
2434 622 2943 735 AVIENI

1655 862 2130 937 nssscmpuo
2179 859 2425 932 omns
2472 857 2808 929 TERRAE.

630 1296 754 1363 Qua
775 1268 1016 1363 protenta
1035 1284 1210 1358 jacent
1237 1294 1388 1339 vastae
1415 1280 1639 1337 divortia
1670 1290 1821 1333 terrae
1837 1317 1852 1343 ,

631 1388 687 1433 et
713 1394 820 1449 qua
842 1373 1094 1448 precipiti
1121 1370 1401 1425 volvuntur
1425 1386 1594 1441 prona
1619 1375 1792 1421 meatu

637 1462 854 1516 flumina
877 1477 972 1534 per
997 1470 1156 1512 terras
1172 1498 1186 1519 .
1214 1473 1318 1528 qua
1337 1454 1521 1527 priscis
1545 1451 1735 1524 inclyta
1755 1446 1926 1505 muris

635 1546 832 1621 oppida
845 1548 1102 1608 nituntur,
1115 1559 1276 1613 genus
1289 1540 1392 1595 hoc
1409 1538 1592 1613 procul
1606 1554 1764 1592 omne
1774 1536 2100 1591 animantum

569 1638 604 1688 ⁵
635 1652 740 1707 qua
767 1632 892 1687 colit
908 1671 924 1696 ,
955 1628 1137 1685 Aoniis
1163 1637 1343 1700 perget
1367 1625 1514 1680 stilus
1541 1624 1764 1697 impiger
1780 1622 1934 1680 orsis.

633 1720 810 1777 Ardua
829 1737 932 1783 res,
955 1720 1135 1771 Musae.
1167 1718 1331 1781 Deus,
1351 1730 1418 1767 en
1445 1710 1576 1765 deus
1598 1710 1759 1765 intrat
1781 1708 1974 1782 Apollo

631 1817 840 1880 pectora
856 1843 873 1870 ,
894 1802 1116 1857 fatidicae
1143 1800 1384 1874 quatiens
1406 1797 1690 1871 penetralia
1713 1794 1934 1851 Cirrhae.

695 1890 928 1949 Pierides
947 1932 964 1955 ,
996 1900 1112 1944 toto
1131 1888 1322 1943 celem
1337 1886 1588 1941 Helicone
1605 1884 1778 1938 venite
1793 1924 1814 1954 ‚

626 1982 870 2037 concinat
901 1988 955 2033 et
979 1976 1184 2032 Phoebo
1211 1986 1383 2031 vester
1402 1973 1628 2039 chorin-⁰05
1649 1986 2009 2040 oce-numque

525 2072 598 2125 to
625 2069 873 2124 carminis
886 2067 1180 2139 auspicium
1199 2062 1434 2137 primum
1449 2070 1766 2125 memorate,
1781 2059 2041 2113 Csmeuae.

624 2154 820 2211 Oceani
849 2172 972 2209 nam
995 2162 1136 2206 terra
1157 2152 1266 2205 salo
1283 2150 1620 2223 praecingitur
1641 2146 1813 2201 omnis
1831 2182 1849 2211 ‚

629 2262 789 2318 parva
809 2252 873 2297 ut
896 2238 1121 2296 ceruleo
1148 2248 1307 2312 caput
1333 2236 1488 2293 effert
1510 2236 1680 2291 insula
1705 2244 1900 2309 ponto,

531 2322 602 2407 (s)
633 2351 728 2387 nec
771 2342 946 2386 tamen
983 2338 1221 2383 extremo
1246 2337 1384 2381 teres
1408 2335 1489 2379 est
1525 2326 1656 2380 situs
1682 2322 1918 2395 undique
1943 2320 1998 2375 in
2025 2318 2154 2374 orbe
2169 2358 2184 2384 ,

630 2438 736 2492 qua
759 2416 954 2471 colitur
979 2413 1185 2489 populis
1201 2453 1218 2479 ,
1243 2430 1348 2485 qua
1373 2411 1524 2467 tellus
1540 2420 1688 2485 paret
1704 2419 1907 2475 aratro,

528 2512 600 2563 15
630 2504 752 2570 sed,
777 2502 1038 2557 matutino
1063 2518 1166 2573 qua
1193 2498 1384 2553 coelum
1409 2497 1518 2552 sole
1539 2496 1801 2562 rubescit,

634 2590 821 2657 latior.;
843 2589 1000 2644 accisi
1028 2596 1278 2643 curvatur
1302 2586 1512 2658 cespitis
1542 2603 1669 2639 arvo
1681 2604 1698 2651 ς

630 2687 817 2731 caetera
841 2684 1140 2750 protentus.
1168 2674 1291 2727 Tria
1328 2683 1456 2727 sunt
1472 2671 1702 2727 confinia
1727 2681 1876 2725 terre

627 2764 790 2817 unius
805 2778 820 2816 :
837 2772 916 2816 est
929 2762 1160 2834 primum
1189 2760 1388 2833 Libyae,
1405 2760 1736 2831 Europaeque
1753 2757 2012 2828 Asiaque.

505 2841 596 2919 (ιο)
627 2850 862 2922 AEquore
880 2848 949 2903 ab
964 2848 1220 2919 Hesperio
1237 2864 1340 2919 qua
1358 2865 1414 2901 se
1427 2845 1546 2900 salis
1567 2846 1799 2899 insinuat
1809 2845 1908 2909 vis,

523 2938 597 2988 20
627 2948 996 3007 terarumque
1025 2935 1165 2989 cavis
1191 2932 1442 2999 illabitur,
1470 2930 1668 2987 arduus
1694 2930 1839 2986 Atlas

625 3042 729 3097 qua
753 3022 880 3095 juga
915 3022 1049 3077 celsa
1081 3032 1278 3087 tumet,
1309 3021 1492 3093 Libyae
1513 3038 1624 3075 sese
1641 3018 1866 3091 explicet
1883 3035 2007 3082 orag

625 3112 744 3166 finis
761 3111 890 3165 huic
915 3108 1090 3165 Gades
1105 3150 1122 3176 ,
1154 3118 1472 3181 septenaque
1497 3109 1700 3177 gurgite
1727 3116 1874 3161 vasto

627 3216 722 3251 ora
749 3195 934 3268 procul
953 3194 1088 3260 Nili,
1111 3194 1426 3250 Phariorum
1452 3193 1540 3247 bic
1563 3192 1712 3264 gleba
1731 3191 2010 3255 recumbit,

629 3294 684 3336 et
702 3281 950 3336 Pelusiaci
975 3279 1304 3335 celebrantur
1319 3279 1514 3352 templa
1542 3279 1762 3351 Canopi.

531 3382 602 3433 25
633 3370 962 3439 Europaeque
996 3364 1188 3419 dehinc
1212 3366 1400 3419 laevum
1427 3375 1506 3419 est
1532 3364 1694 3429 latus,
1719 3374 1774 3417 at
1801 3362 1987 3436 procul
2010 3360 2190 3414 ambas

635 3472 742 3507 una
765 3453 886 3507 Asia
901 3490 918 3518 ,
944 3451 1199 3505 inclinans
1229 3451 1453 3522 geminis
1475 3468 1532 3505 se
1557 3449 1807 3504 cornibus
1821 3487 1836 3513 ,
1864 3458 2014 3518 urget

634 3542 879 3615 desuper,
908 3558 969 3594 ac
995 3539 1136 3612 rupti
1162 3537 1390 3593 divortia
1416 3538 1652 3593 continet
1677 3536 1840 3591 orbis.

633 3630 900 3703 Europam
920 3637 1076 3699 atque
1103 3630 1278 3683 Asiam
1301 3629 1495 3681 Tanais
1515 3626 1842 3681 disterminat
1858 3626 2027 3679 amnis

509 3708 604 3785 (ts)
635 3712 740 3766 Hic
761 3730 818 3767 se
842 3714 1137 3769 Sarmaticis
1163 3713 1404 3767 evolvens
1427 3711 1620 3767 finibus
1649 3722 1762 3766 arte
1777 3754 1794 3775 .

533 3808 608 3860 30
635 3798 827 3852 scissus
851 3802 1062 3855 Araxen
1083 3800 1229 3871 prius
1262 3817 1474 3871 aequore
1488 3839 1504 3866 ,
1517 3798 1628 3870 jam
1650 3816 1774 3853 suus
1791 3796 1934 3851 unda

634 3885 808 3941 effluit
828 3886 886 3941 in
911 3888 1206 3963 Scythiam3
1235 3887 1420 3961 procul
1439 3888 1566 3942 binc
1579 3886 1824 3941 Maeotida
1840 3886 2048 3957 Tethyn

637 3976 805 4030 intrat
821 4017 838 4046 ‚
860 3985 914 4030 et
931 3976 1130 4030 inserto
1158 3974 1291 4031 freta
1315 3976 1460 4049 pellit
1487 3986 1628 4031 vasta
1647 3976 1845 4030 fluento
1859 4014 1874 4041 ‚

633 4064 975 4135 Ismaricique
995 4064 1130 4135 riget
1151 4082 1356 4137 semper
1373 4064 1550 4119 flabris
1573 4064 1865 4136 Aquilonis.

635 4155 706 4206 At
731 4169 838 4224 qua
861 4151 1052 4223 piscosi
1075 4169 1262 4224 gurges
1285 4153 1470 4224 strepit
1494 4151 1812 4226 Hellesponti
1833 4192 1848 4216 ‚

531 4252 604 4304 35
635 4241 714 4294 vis
739 4239 956 4313 obliqua
979 4239 1074 4295 sali
1099 4239 1338 4315 tepidum
1366 4241 1672 4315 procumbit
1694 4241 1748 4295 in
1773 4250 2010 4295 austrum
2025 4280 2040 4304 ‚

633 4340 1006 4401 terrarumque
1033 4328 1196 4383 trium
1221 4328 1414 4383 modus
1446 4340 1527 4383 est
1551 4347 1724 4397 mare,
1759 4328 1930 4383 donec
1959 4330 2014 4383 in
2041 4327 2128 4382 alti

635 4436 728 4473 ora
753 4416 938 4491 procul
964 4416 1070 4471 Nili
1095 4416 1198 4471 late
1217 4418 1403 4471 Thetis
1430 4417 1590 4472 el'llua
1615 4428 1812 4490 serpat.

639 4508 815 4562 Altera
837 4524 960 4579 pars
981 4504 1164 4560 orbem
1193 4505 1392 4560 telluris
1413 4505 1582 4559 limite
1607 4504 1780 4560 findit.

517 4593 612 4671 (eo)
641 4596 830 4666 Cespoe
855 4604 998 4665 terga
1016 4590 1196 4665 jacens
1222 4594 1361 4649 Asiae
1377 4591 1613 4647 succedit
1630 4594 1687 4647 in
1706 4610 1852 4659 oras,

538 4694 614 4745 4ο
645 4683 1038 4753 immensusque
1055 4679 1200 4735 modi
1223 4680 1562 4755 protenditur
1596 4698 1611 4735 :
1641 4680 1730 4735 hic
1753 4680 1888 4735 latus
1918 4690 2096 4737 artans

643 4769 832 4842 Caspia
859 4770 1115 4841 contingit
1130 4768 1260 4825 freta
1289 4768 1532 4843 desuper,
1558 4779 1717 4842 atque
1739 4770 1962 4824 tumenti

640 4859 915 4931 proximus
933 4857 1144 4912 Euxino
1165 4868 1261 4913 est.
1294 4860 1474 4915 Asiam
1501 4860 1858 4913 conterminus
1893 4860 1990 4911 iste

639 4948 1018 5019 Europamque
1035 4956 1192 5003 secat.
1229 4946 1405 5001 Tellus
1431 4966 1542 5001 sese
1567 4947 1724 5001 altera
1744 4948 1798 5001 in
1820 4957 2058 5001 austrum

639 5034 896 5105 porrigit,
923 5034 1224 5105 inser-toque
1251 5036 1400 5087 sinus
1422 5033 1692 5105 interjacet
1715 5052 1842 5105 agro
1866 5051 1882 5091 ε

639 5140 764 5176 nam
791 5120 940 5175 sinus
965 5120 1054 5175 bic
1078 5120 1311 5176 Arabum
1326 5162 1341 5187 ,
1364 5124 1509 5177 sinus
1523 5123 1611 5177 hic
1628 5123 1896 5195 AEgyptius
1918 5119 2062 5176 unda

697 5326 920 5369 versuum
939 5322 1120 5370 numeri
1141 5322 1302 5369 inclusi
1320 5321 1574 5379 Pei-iegato
1593 5322 1794 5379 ntonysit
1812 5324 2028 5381 spectant.

833 5405 1008 5451 osona.
1037 5412 1088 5449 n.

2270 1284 2455 1329 estuat
2486 1292 2501 1327 2
2532 1283 2584 1328 ct
2608 1273 2821 1345 Libycis
2856 1272 3031 1327 Asiam
3058 1270 3306 1327 discernit
3327 1270 3394 1326 ab
3418 1272 3547 1327 oris.

2341 1363 2426 1417 Sic
2450 1360 2657 1415 diversa
2686 1359 2789 1414 fuit
2811 1361 3095 1425 sententia,
3122 1360 3222 1413 rite
3255 1360 3373 1432 quis
3398 1360 3518 1414 orbi

2269 1451 2417 1506 limes
2434 1449 2733 1503 baberetur.
2768 1448 2965 1502 Totum
2986 1447 3089 1501 hoc
3114 1446 3467 1503 circumlatrat
3494 1458 3650 1503 estus

2269 1550 2323 1594 et
2348 1538 2505 1593 maris
2535 1536 2712 1592 infesti
2742 1535 2904 1591 moles
2928 1535 3071 1606 ligat.
3092 1536 3215 1589 Una
3242 1534 3439 1589 furemi

2271 1636 2555 1681 natursoet
2572 1624 2754 1697 pelago
2770 1666 2787 1693 ‚
2814 1622 2979 1695 pelagi
3006 1621 3095 1677 sed
3118 1624 3336 1677 nomina
3366 1623 3507 1678 mille
3528 1666 3545 1694 ‚
3859 1636 3936 1689 50

2271 1732 2453 1787 equor
2476 1724 2539 1767 ut
2570 1712 2861 1767 innumeris
2890 1720 3143 1765 terrarum
3169 1712 3463 1765 admoverit
3488 1714 3598 1766 oris

2271 1805 2392 1871 Qua
2416 1820 2473 1857 se
2498 1798 2691 1856 blanda
2724 1800 2849 1854 satis
2875 1798 3158 1853 intendunt
3186 1799 3349 1853 flabra
3371 1799 3581 1867 favoni,

2273 1890 2583 1961 Hesperium
2604 1904 2803 1942 oceano
2829 1904 2975 1941 mare
2994 1896 3160 1940 terras
3192 1887 3351 1941 intrat
3374 1886 3441 1941 ab
3464 1887 3588 1941 alto.
3858 1886 3950 1964 (ω)

2274 1981 2387 2032 Axe
2413 1977 2692 2049 Lycaonia
2714 1992 2925 2030 rursum
2946 1973 3071 2030 facis
3096 1986 3255 2046 atque
3284 1974 3375 2028 ubi
3396 1975 3531 2029 dura

2275 2064 2656 2136 belligeratores
2681 2064 2854 2117 nutrit
2872 2060 3019 2116 tellus
3046 2063 3346 2135 Arimaspas
3362 2101 3380 2129 ,
3859 2074 3935 2127 55

2274 2154 2487 2207 nomine
2514 2151 2725 2207 Saturni
2744 2150 2848 2205 late
2864 2148 3005 2223 jacet
3027 2150 3251 2223 aequoris
3276 2146 3441 2206 unda.

2273 2240 2375 2294 Hic
2408 2238 2626 2293 densata
2646 2240 2740 2293 sali
2763 2228 2905 2293 s'tant
2926 2254 3217 2308 marmora,
3240 2238 3493 2310 pigraque
3516 2238 3663 2309 ponti

2275 2346 2331 2381 se
2358 2338 2544 2381 natura
2568 2336 2741 2392 tenet,
2778 2342 3052 2396 nunquam
3084 2324 3196 2378 ruit
3221 2323 3411 2378 effluus
3437 2323 3639 2379 humor
3670 2343 3684 2381 ε

2277 2423 2519 2467 mortuus
2540 2411 2629 2466 bic
2650 2410 2815 2467 Graio
2842 2409 3145 2483 perhibetur
3162 2426 3347 2481 gurges
3368 2409 3425 2463 in
3452 2428 3551 2465 usu
3568 2450 3583 2475 ,

2276 2500 2507 2571 denique
2532 2496 2677 2570 quod
2702 2496 2845 2551 lento
2869 2506 3071 2569 stupeat
3091 2494 3241 2568 plaga
3262 2495 3393 2549 salsa
3424 2496 3691 2568 prostmdo
3708 2536 3724 2561 ,
3861 2507 3935 2559 eo

2277 2586 2359 2642 vel
2384 2584 2528 2659 quod
2551 2584 2659 2639 sole
2682 2601 2864 2639 carens
2893 2600 3013 2657 pars
3034 2582 3179 2636 orbis
3200 2592 3334 2636 tetra
3358 2583 3595 2653 rigescat.

2278 2677 2383 2729 Vix
2410 2674 2570 2729 hebes
2594 2672 2689 2727 has
2710 2690 2831 2727 oras
2856 2670 3015 2725 ardor
3036 2670 3276 2724 Titanius
3302 2668 3463 2724 adflat
3480 2710 3495 2735 ,

2278 2763 2366 2815 vix
2392 2771 2571 2815 evecta
2596 2758 2710 2813 dies
2737 2757 3021 2822 illuminat,
3052 2772 3315 2827 omneque
3344 2754 3447 2809 late

2277 2848 2471 2919 pingue
2500 2842 2778 2901 tenebrosa
2802 2841 2991 2896 celum
3022 2840 3317 2896 subtexitur
3333 2841 3515 2897 aethra.

2279 2938 2350 2989 At
2375 2950 2482 3006 qua
2500 2930 2673 3005 prima
2692 2928 2807 2983 dies
2828 2926 2989 2982 rutilo
3004 2926 3293 2981 sustollitur
3322 2937 3444 2980 ortu
3468 2966 3485 2993 ‚
3862 2944 3937 2996 05

2277 3038 2467 3076 aureus
2488 3029 2542 3073 et
2572 3016 2823 3073 tremulas
2842 3015 2945 3070 late
2964 3015 3132 3070 rubor
3156 3014 3323 3069 inlicit
3348 3014 3517 3070 undas
3532 3054 3550 3081 ,

2277 3108 2449 3159 Eoum
2468 3100 2684 3176 pelagus
2700 3140 2717 3168 ,
2738 3099 2872 3155 fieta
2900 3099 3088 3154 dicunt
3110 3097 3295 3153 Indica
3324 3100 3496 3171 ponti.

2276 3193 2499 3263 Propter
2520 3186 2783 3259 Erythrai
2808 3184 3100 3240 tenduntur
3126 3183 3284 3239 dom
3308 3182 3596 3256 profundi,

2280 3277 2689 3349 AEthiopumque
2719 3272 2886 3327 salum
2927 3270 3268 3327 diffunditur.
3303 3273 3405 3325 Hic
3436 3281 3593 3326 notus
3618 3273 3833 3325 aetbram

2277 3366 2412 3431 urit,
2440 3373 2495 3418 et
2516 3362 2608 3417 bic
2626 3370 2758 3416 aestu
2780 3358 3050 3414 radiorum
3072 3358 3301 3413 Phoebus
3328 3357 3519 3413 anbelo
3864 3372 3939 3423 το

2274 3470 2399 3507 arva
2428 3450 2645 3523 coquit;
2673 3447 2863 3502 sterilis
2900 3448 3045 3517 regio
3069 3456 3180 3513 est,
3216 3456 3271 3499 et
3293 3446 3560 3517 inhospita
3594 3446 3696 3501 late

2275 3552 2388 3596 aret
2417 3540 2615 3595 humus
2632 3578 2649 3607 ,
2680 3554 2941 3609 cassaeque
2972 3533 3083 3590 solo
3106 3545 3376 3590 torrentur
3410 3553 3602 3589 arenae.
3868 3528 3959 3614 (ω)

2276 3634 2517 3687 Oceanus
2544 3628 2621 3683 sic
2639 3636 2829 3681 cuncta
2852 3642 2982 3696 vago
3006 3624 3373 3697 complectitur
3404 3635 3532 3678 aestu
3550 3664 3567 3688 ,

2279 3716 2515 3791 undique
2533 3717 2613 3772 sic
2632 3732 2772 3769 unus
2794 3724 2960 3768 terras
2978 3715 3293 3767 interminus
3322 3711 3517 3779 ambit,

2279 3810 2692 3877 innumerosque
2712 3804 2859 3858 sinus
2881 3811 3027 3857 cavat
3050 3798 3386 3856 illabentibus
3411 3798 3568 3854 undis
3864 3816 3938 3867 75

2278 3895 2523 3968 desuper.
2551 3895 2598 3947 Ε
2622 3891 2801 3946 multis
2828 3890 3015 3945 celebri
3041 3888 3141 3943 sub
3175 3890 3403 3944 nomine·
3422 3898 3623 3943 tantum

2279 3994 2531 4055 quattuor
2563 3978 2740 4035 infuso
2765 3978 2866 4033 late
2891 3977 2994 4033 sale
3016 3988 3163 4049 terga
3184 3976 3481 4035 dehiscunt.

2279 4071 2489 4124 Primus
2514 4069 2569 4122 in
2600 4066 2731 4121 orbe
2752 4067 2899 4119 sinus
2924 4064 3055 4117 vasti
3082 4063 3241 4117 maris
3266 4080 3477 4134 equora
3504 4062 3695 4133 gignit,
3870 4065 3963 4142 (45)

2281 4158 2502 4230 gurgitis
2526 4154 2789 4228 Hesperii.
2816 4151 3009 4209 Procul
3038 4152 3129 4207 hic
3164 4160 3439 4224 protentus
3470 4150 3527 4204 in
3544 4167 3665 4205 oras

2285 4246 2524 4301 saucibus
2550 4262 2581 4298 a
2601 4241 2813 4315 Libycis
2829 4252 3009 4296 astum
3042 4240 3201 4294 trahit
3219 4278 3235 4303 ,
3259 4248 3420 4310 atquc
3451 4237 3543 4291 ubi
3562 4236 3733 4291 letam
3869 4246 3943 4296 80

3860 1280 3961 1359 (ιι)

2283 4332 2479 4406 cespite
2509 4330 2611 4384 sub
2628 4328 2811 4402 pingui
2831 4326 3015 4401 pandit
3039 4324 3345 4399 Pamphylia
3368 4324 3590 4395 glebam,

2283 4419 2464 4473 deficit
2490 4428 2545 4471 et
2560 4432 2723 4471 curva
2748 4416 2989 4470 sinuatur
3004 4412 3175 4467 litoris
3198 4428 3311 4465 ora.

2288 4506 2435 4561 Alter
2456 4506 2585 4559 item
2604 4513 2685 4558 est
2706 4503 2880 4575 primo
2902 4501 3111 4555 brevior
3140 4497 3412 4570 majorque
3432 4496 3660 4553 duobus.

2285 4597 2389 4650 Hic
2414 4592 2713 4666 prolapsus,
2734 4608 2895 4663 aquas
2924 4587 3118 4644 boreali
3146 4586 3295 4643 susus
3319 4584 3389 4641 sb
3419 4584 3554 4650 alto,

2288 4696 2431 4756 terga
2454 4680 2745 4756 procelloso
2764 4678 3011 4751 turgescit
3034 4676 3219 4749 Caspia
3240 4676 3407 4729 fluctu
3436 4693 3450 4730 ε
3872 4676 3945 4726 85

2287 4775 2593 4845 Hyrcanum
2610 4769 2715 4824 hoc
2726 4768 2936 4841 pelagus
2950 4783 3070 4839 pars
3080 4763 3339 4821 nominat.
3353 4763 3494 4817 Hinc
3506 4760 3616 4814 duo
3630 4776 3842 4813 rursum
3873 4756 3965 4831 (ω)

2239 4872 2252 4883 ·
2287 4878 2383 4913 ora
2410 4866 2594 4932 patent
2612 4854 2796 4929 ponti;
2817 4852 3053 4924 geminus
3076 4852 3223 4905 sinus
3250 4848 3477 4921 equoris
3509 4848 3699 4912 intrat,

2289 4950 2632 5019 telluremque
2654 4955 2803 5001 cavat
2818 4984 2835 5011 ,
2868 4961 2973 5017 qua
2998 4960 3054 4997 sc
3080 4951 3239 4996 notus
3264 4958 3362 4994 axe
3398 4938 3595 5011 tepenti

2287 5038 2462 5109 erigit.
2490 5036 2699 5089 Horum
2724 5048 2863 5087 unus
2889 5028 3020 5086 vada
3037 5030 3193 5100 longe
3218 5026 3427 5083 Persice
3456 5024 3631 5080 fundit
3647 5064 3664 5091 ‚

2289 5125 2477 5198 Caspia
2509 5138 2794 5178 conversus
2822 5118 3006 5193 pmcul
3037 5118 3094 5173 in
3126 5116 3289 5182 (τοίας
3312 5114 3703 5187 porrigiturque
3869 5122 3945 5174 90

2289 5223 2510 5287 quartus
2542 5210 2713 5267 Arabs
2747 5217 2952 5266 :tumet
2980 5206 3067 5261 bic
3086 5202 3387 5277 rapidoper
3415 5210 3594 5273 aperta
3620 5200 3837 5263 fluento,

2288 5302 2661 5371 Euxinumque
2694 5296 2859 5352 salum
2886 5294 3027 5349 videt
3060 5293 3283 5347 eminus.
3310 5288 3387 5344 En
3412 5288 3506 5343 tibi
3526 5305 3735 5341 rursum

2288 5396 2366 5441 ⁴¹1⁷
3632 5384 3685 5427 08

3874 5282 3972 5364 (ω)
