4584 6284
751 424 868 479 ⁴7⁴

2092 418 2602 481 AGATHEMEM

747 546 828 606 Τὸ
858 544 1016 605 Σουνί
1096 542 1190 604 καὶ
1216 542 1501 625 Σκυλλαίῳ
1522 542 1889 627 πιριιχόμενον
1918 544 2143 624 πέλαγος
2175 550 2297 607 Σα-
2382 552 2747 623 promontoria
2764 551 2906 625 jacet
2931 555 3241 609 Saronicum
3275 554 3515 629 pelagum
3543 559 3670 614 hinc
3709 562 3947 634 sequitur

746 632 980 712 ρωνικὸν,
1003 656 1027 691 ε
1053 654 1117 691 τα
1140 636 1399 714 Μυρτῷον
1428 631 1522 693 καὶ
1552 632 1800 715 Ἰκάριον,
1823 636 1876 693 ἐν
1902 623 1947 716 ᾧ
1971 633 2061 695 καὶ
2096 637 2150 694 αἱ
2182 637 2295 696 Κυ-

741 722 963 795 κλάδες,
1009 712 1123 781 εἶτα
1176 721 1485 803 Καρπάθιον
1527 722 1621 782 καὶ
1651 723 1963 803 Παμφύλιον
2002 720 2093 782 καὶ
2132 723 2296 801 Αίγύ-

739 829 909 868 πτιον·
936 807 1066 889 ὑπὲρ
1093 806 1149 867 δὲ
1184 807 1246 867 τὸ
1272 806 1499 890 Ἰκάριον
1528 806 1645 881 ἑξῆς
1672 809 1945 889 ἀναχεῖται
1966 806 2027 868 τὸ
2055 810 2294 887 Αἰγαῖον.

686 912 713 951 s
824 916 891 957 10.
931 888 1095 958 Ἔστι
1134 894 1191 955 δὲ
1227 899 1258 956 ὁ
1278 899 1373 969 τῆς
1398 891 1656 975 Εὖράιπης
1678 896 2014 975 παράπλους,
2044 894 2147 956 ἀπὸ
2179 898 2298 957 Τα-

738 984 913 1050 νάϊδος
958 988 1203 1063 ποταμοῦ
1248 980 1483 1042 ἐκὸολῶν
1527 981 1624 1049 ἕως
1672 980 1993 1064 Ἡρακλείων
2055 984 2290 1058 στηλῶν,

736 1069 963 1132 σταδίων
992 1070 1263 1151 μυριάδων
1303 1068 1359 1140 ἓξ
1402 1070 1493 1129 καὶ
1539 1069 1692 1151 ,θψθὀ
1721 1076 1811 1145 τῆς
1851 1069 1907 1131 δὶ
1953 1068 2151 1143 Λιὸὖης
2192 1072 2298 1132 άπὸ

735 1161 788 1219 Τ
790 1158 933 1239 ιγγὸς
958 1158 1055 1225 ἕως
1102 1157 1363 1235 στόματος
1407 1157 1741 1236 Κανωὸικοῦ,
1770 1155 1987 1219 σταδίων
2030 1157 2297 1240 μυριάδων

737 1247 830 1306 δύο
866 1244 958 1307 καὶ
986 1246 1175 1329 staff·
1200 1252 1296 1320 τῆς
1326 1245 1375 1307 δ’
1407 1245 1610 1319 Ἀσίας,
1632 1244 1736 1306 άπὸ
1770 1244 2024 1309 Κανῶὄου
2048 1245 2145 1316 ἕως
2179 1248 2298 1310 Τα-

659 1346 711 1385 ¹0
732 1334 909 1402 νάῖδος
930 1339 1176 1411 ποταμοῦ
1200 1331 1337 1411 μετὰ
1353 1338 1457 1393 τῶν
1476 1334 1687 1397 κόλπων
1706 1338 1733 1394 ὃ
1751 1335 2053 1416 παράπλους
2072 1336 2296 1397 σταδίων

735 1422 1005 1501 μυριάδων
1030 1421 1075 1481 δ’
1102 1419 1195 1482 καὶ
1222 1419 1348 1503 ρια’.
1381 1421 1553 1498 Ὁμοῦ
1581 1423 1638 1503 [ἡ
1663 1422 1811 1505 χώρα
1835 1426 1894 1503 ἡ]
1914 1422 2168 1507 παράλιος
2197 1421 2294 1485 σὺν

736 1508 891 1595 [τοῖς]
920 1510 1133 1578 κόλποις
1168 1514 1261 1583 τῆς
1286 1513 1406 1571 καθ’
1431 1517 1573 1591 ἡμᾶς
1600 1510 1898 1590 οἶκουμίνης
1937 1510 2161 1574 σταδίων
2190 1536 2292 1589 μυ·

737 1598 931 1679 ριάδων
959 1597 1028 1676 ιγ’
1054 1599 1145 1659 καὶ
1172 1596 1319 1678 ,Θοδζ
1365 1600 1819 1680 συμμετρουμένης
1855 1604 1950 1675 τῆς
1993 1601 2296 1670 Μαιώτιδος

732 1685 960 1765 λίμνης,
1000 1678 1065 1759 ἧς
1094 1685 1401 1768 περίμετρος
1449 1688 1675 1749 σταδίων
1720 1696 1785 1769 ,0.
1820 1687 1902 1749 Τὸ
1938 1687 1994 1747 δὶ
2035 1688 2237 1765 στόμα,
2264 1695 2295 1750 ὁ

659 1784 708 1824 ¹⁵
733 1772 1025 1855 Κιμμέριος
1048 1773 1347 1857 Βόσπορος,
1375 1774 1599 1835 σταδίων
1620 1774 1704 1849 οή.

816 1883 886 1925 ιι.
926 1860 997 1925 Ὅ
1042 1861 1098 1923 δὲ
1147 1862 1345 1932 Πόντος
1388 1862 1613 1925 σταδίων
1656 1863 1936 1945 δισμυρίων
1967 1862 2128 1947 ,γπγζ
2154 1868 2183 1925 ὁ
2232 1866 2289 1926 δὲ

730 1950 963 2033 Θρᾴκιος
986 1950 1285 2030 Βόσπορος,
1310 1950 1376 2010 τὰ
1399 1949 1558 2011 στενὰ
1572 1994 1592 2026 ,
1613 1948 1717 2025 ὅπη
1746 1957 1959 2032 Δαρεῖος
1976 1950 2172 2023 Ξζιυξεν
2198 1952 2288 2012 ἐπὶ

736 2039 944 2107 Σκύθας
968 2037 1063 2111 τὴν
1091 2037 1331 2121 σχεδίαν,
1361 2038 1587 2100 σταδίων
1606 2036 1684 2109 ς’.

815 2148 887 2189 10.
932 2126 1003 2189 Ἦ
1027 2125 1081 2187 δὲ
1113 2126 1349 2209 Περσικὴ
1379 2129 1618 2191 θάλασσα
1658 2128 1968 2211 κυκλοτερὴς
1996 2119 2156 2203 οὖσα,
2191 2152 2283 2190 συ·

648 2236 702 2275 w
731 2216 961 2295 νάγουσα
1005 2216 1066 2277 τὸ
1117 2219 1289 2296 στόμα
1334 2216 1480 2299 ἄκρῳ
1534 2216 1843 2298 Καρμανίας
1880 2216 1974 2277 καὶ
2004 2216 2282 2299 Ἀραδίοις,

728 2305 1041 2387 περίμετρον
1070 2306 1182 2386 ἔχει
1207 2305 1472 2384 μυριάδων
1500 2306 1588 2367 δύο
1618 2306 1859 2368 σταδίων.
1942 2305 2099 2366 Ἐστι
2140 2308 2195 2365 δὲ
2224 2308 2283 2366 τὸ

726 2391 922 2469 μεταξὺ
948 2391 1122 2470 στόμα
1150 2393 1396 2474 Ἄραὸίας
1427 2394 1519 2455 καὶ
1558 2394 1862 2476 Καρμανίας
1890 2396 2115 2455 σταδίοιν
2133 2396 2199 2455 ν’.

810 2501 879 2541 1³.
926 2478 997 2542 ‘H
1019 2477 1073 2539 δὲ
1096 2480 1354 2561 ’Υρκανία
1381 2481 1500 2555 ἤτοι
1529 2481 1747 2544 Κασπία
1777 2480 2044 2555 θάλασσα,
2073 2506 2279 2559 μηνοει·

722 2566 816 2641 δής
845 2557 1003 2643 οὖσα,
1025 2566 1161 2628 κατὰ
1185 2569 1243 2629 δέ
1280 2592 1423 2636 τινας
1457 2567 1550 2629 καὶ
1574 2568 1880 2649 προμήκης,
1905 2568 2020 2629 ἐστὶ
2054 2569 2281 2630 σταδίων

639 2672 693 2711 25
722 2654 1009 2735 δισμυρίων
1038 2656 1326 2739 δισχιλίων·
1350 2662 1443 2717 τσῦ
1467 2656 1521 2717 δὲ
1562 2656 1820 2735 στόματος
1842 2656 1957 2737 ἔχει
1981 2656 2041 2716 τὸ
2082 2656 2281 2736 δίαρμα

720 2742 960 2811 σταδίους
984 2741 1051 2803 δ’.

712 2906 951 2961 λοῦσικαὶ
960 2906 1373 2979 velaz-:Ruperunt
1396 2908 1593 2982 Κορινθ.
1616 2908 1693 2963 vel
1707 2910 1807 2964 tale
1818 2908 2065 2983 quidet.
2087 2906 2277 2964 Strabo

711 3006 769 3061 p.
801 2988 897 3041 103
928 3002 942 3041 2
969 2987 1028 3041 τ“ο
1046 2986 1300 3042 Σικελικὸν
1326 2988 1603 3060 πέλαγος...
1632 2988 1824 3061 πληροῖ·
1836 2989 1922 3043 τὸν
1954 2986 2272 3059 Κορινθιακὸν

711 3066 1015 3139 καλούμενον
1040 3068 1246 3125 κόλπον.
1284 3069 1306 3137 [Ι
1333 3096 1409 3109 —
1439 3084 1487 3121 1.
1516 3066 1743 3141 Σκυλαίῳ
1768 3067 1943 3132 edim
1966 3070 2279 3138 περιερχόμε-

714 3165 801 3200 νον
843 3145 1153 3201 Tennulius.
1194 3147 1217 3217 l}
1249 3175 1320 3187 -
1357 3162 1412 3202 0.
1442 3148 1571 3201 Post
1604 3142 1816 3217 Ἰκάριον
1854 3148 2084 3199 Joannes
2131 3141 2281 3197 addit

712 3224 948 3297 πίλαγος.
971 3222 1178 3278 Deinde
1202 3224 1289 3278 καὶ
1312 3234 1433 3279 ante
1458 3222 1617 3279 verba
1642 3223 1694 3277 αἱ
1721 3222 1964 3285 Κυκλάδες
1988 3240 2052 3276 ex
2077 3224 2280 3275 Joanne

713 3302 933 3359 inserui.
962 3300 1209 3355 Plurimae
1232 3303 1387 3356 Icarii
1417 3302 1577 3355 maris
1618 3300 1797 3355 insula
1822 3310 1975 3355 crunt
1998 3299 2274 3373 Sporades.

721 3382 746 3451 ΙΙ
778 3411 846 3422 —·
876 3384 928 3445 4.
952 3378 1213 3450 άναχεΐται
1236 3382 1484 3445 Ioannes,
1516 3376 1767 3433 άνακεῖται
1790 3376 1949 3432 codd.

788 3459 819 3525 S
837 3474 1049 3528 10.—7.
1074 3456 1317 3529 μυριάδων
1330 3473 1438 3513 om.
1459 3454 1582 3511 cod.
1603 3451 2147 3525 Cbiffletianus.]l-—8.
2160 3452 2280 3527 Τίγ·

716 3555 826 3610 γιος
851 3537 1025 3604 edum
1053 3536 1236 3609 Τιγγδς
1260 3534 1419 3593 codd.
1450 3536 1555 3590 mei
1578 3554 1779 3594 omnes.
1815 3536 1837 3607 ΙΙ
1864 3565 1939 3578 -
1966 3550 2048 3591 ιι.
2078 3533 2283 3589 Inclusa

712 3616 974 3690 supplevi.
1004 3617 1142 3670 Fieri
1170 3625 1346 3669 tamen
1372 3625 1542 3687 potest
1564 3626 1626 3671 ut
1648 3616 1701 3668 in
1728 3616 1851 3689 ὁμοῦ
1873 3612 2106 3685 παράλιος
2130 3613 2284 3668 lateat

717 3696 837 3760 ὅλος
860 3696 891 3751 ὁ
912 3695 1209 3769 παράπλους.
1233 3694 1393 3763 Quod
1416 3692 1537 3749 dedi
1552 3734 1568 3760 ,
1589 3695 1804 3767 propius
1821 3692 2025 3747 accedit
2039 3691 2105 3746 ad
2125 3692 2283 3747 verba

716 3777 970 3831 Marciani
988 3774 1218 3848 (Peripl.
1248 3792 1383 3830 mar.
1424 3776 1627 3830 externi
1653 3778 1685 3845 s
1714 3776 1766 3841 5,
1796 3785 1927 3829 tom.
1972 3790 2021 3841 1,
2046 3790 2083 3846 p
2109 3773 2232 3842 500)
2262 3790 2278 3829 2

714 3855 749 3923 ἡ
779 3855 943 3910 τοίνυν
966 3855 1200 3927 σύμπασα
1221 3856 1367 3927 χώρα
1401 3854 1636 3927 παράλιος
1659 3856 1745 3922 τῆς
1778 3853 2030 3921 Θαλάσσης
2061 3855 2147 3920 τῆς
2170 3854 2280 3907 καθ’

710 3935 847 4008 ἡμᾶς
882 3934 1035 4002 ἔστιν,
1065 3934 1100 4002 ἦ
1136 3952 1189 3988 τε
1229 3937 1316 4001 τῆς
1342 3932 1576 4004 Εὐρώπης
1609 3933 1693 3988 καὶ
1726 3936 1811 4001 τῆς
1854 3931 2032 4000 Λιὸὖης
2072 3930 2157 3985 καὶ
2196 3935 2285 3999 τῆς

722 4016 910 4079 Ἀσίας,
935 4015 1145 4069 σταδίων
1174 4014 1247 4067 Μ.
1278 4012 1367 4086 ιγ’,
1390 4012 1490 4087 ,Ου’
1518 4012 1796 4086 (139400),
1820 4012 1913 4083 qui
1940 4027 2189 4065 numerus
2214 4011 2283 4066 ab

708 4113 777 4152 eo
802 4112 958 4168 quem
983 4093 1365 4165 Agathemerus
1392 4091 1577 4158 babet,
1599 4092 1746 4147 abest
1768 4089 2025 4163 proxime.
2051 4092 2157 4145 Pro
2180 4107 2283 4144 nu-

712 4176 871 4230 meris
910 4180 1103 4245 69709,
1143 4169 1340 4241 09050,
1374 4176 1544 4243 40111
1589 4170 1731 4243 apud
1758 4170 2085 4225 Marcianum
2115 4169 2277 4224 babes

712 4254 907 4309 similes
932 4252 1091 4308 hosce
1122 4267 1136 4305 ε
1168 4254 1365 4322 69000,
1394 4250 1587 4313 30080.
1618 4256 1807 4315 40100.
1834 4248 1951 4305 Alia
1976 4245 2046 4302 de
2066 4248 2149 4302 his
2171 4258 2277 4303 tra·

712 4332 962 4388 diderunt
1005 4329 1373 4386 Artemidorus
1414 4340 1468 4385 et
1510 4328 1753 4384 Isidorus·
1788 4327 1930 4401 apud
1973 4326 2108 4384 Ptin.
2150 4328 2276 4399 4,37

718 4414 797 4483 (ν.
827 4423 941 4468 not.
966 4422 1100 4466 tom.
1136 4427 1185 4475 ι,
1220 4429 1276 4483 p.
1310 4410 1457 4479 500).
1492 4410 1789 4463 Marcianus
1820 4419 1873 4463 et
1898 4406 2277 4479 Agathemerus

717 4511 811 4547 sua
828 4511 859 4547 e
874 4495 1158 4561 Protagora
1183 4489 1441 4559 collegisse
1460 4488 1721 4544 videntur.
1751 4488 1940 4559 11-13.
1963 4486 2020 4542 οὗ
2038 4504 2272 4559 συμμετρ.

712 4571 875 4627 scribi
901 4570 1063 4625 voluit
1079 4568 1370 4623 Tennulius
1389 4566 1698 4640 scripsitque
1716 4566 2086 4622 Hoffmannus.
2113 4564 2274 4635 Quod
2300 4602 2302 4605 >

714 4666 875 4723 quam
900 4650 969 4703 sit
993 4667 1025 4702 a
1052 4666 1111 4701 re
1152 4646 1398 4712 alienum,
1426 4645 1600 4700 dicere
1625 4644 1757 4701 nihil
1795 4645 2000 4704 attinet.
2036 4645 2057 4715 ΙΙ
2083 4674 2156 4687 -
2187 4648 2272 4710 14.

711 4728 924 4783 σταδίων
960 4729 1031 4803 ,(1]
1072 4724 1277 4781 Eodem
1308 4725 1467 4780 modo
1490 4724 1677 4781 Strabo
1702 4742 1756 4797 p.
1795 4722 1892 4779 105
1938 4724 2155 4792 (ιο3.37
2176 4720 2266 4779 ed.

2382 641 2653 710 Myrtoum
2693 651 2748 695 et
2787 643 3043 707 Icarium,
3075 644 3132 698 in
3156 662 3267 717 000
3294 645 3542 717 Cyclades
3571 648 3784 716 insulae;
3825 649 3946 706 inde

2383 728 2726 801 Carpathium
2751 739 2804 783 et
2836 730 3204 803 Pamphylium
3246 743 3404 804 atque
3431 734 3762 807 Egyptium3
3792 755 3949 809 super

2380 814 2610 869 Icarium
2633 825 2808 870 antem
2831 814 3077 889 deinceps
3105 816 3400 873 effunditur
3425 820 3680 891 AEgaeum.
3812 886 3825 901 ·

2457 919 2540 958 10.
2580 903 2808 977 Europe
2834 917 3010 961 antem
3035 906 3104 961 ab
3137 907 3286 961 ostiis
3309 907 3552 963 Tanaidis
3581 910 3728 965 fluvii
3766 912 3834 967 ad
3859 930 3946 967 co-

2381 990 2586 1045 lumnas
2604 992 2844 1047 Herculis
2861 995 3312 1067 praeternavigatio
3327 994 3621 1052 stadiorum
3639 1007 3719 1056 est
3739 1004 3944 1071 697093

2383 1078 2576 1135 Africae
2605 1098 2730 1135 vero
2758 1081 2827 1136 ab
2853 1082 3052 1156 oppido
3088 1085 3248 1155 Tingi
3292 1094 3466 1158 usqne·
3502 1087 3573 1141 ad
3620 1088 3818 1143 ostium
3843 1091 3946 1145 Nili

2381 1167 2706 1223 Canobicum
2745 1169 3037 1226 stadiorum
3071 1172 3280 1243 0905ος
3325 1174 3463 1228 Asiae
3502 1192 3629 1231 vero
3656 1193 3689 1231 a
3733 1176 3950 1233 Canobo

2381 1256 2449 1310 ad
2472 1258 2677 1312 Tanain
2705 1258 2928 1315 fluvium
2953 1262 3401 1333 praetemavigatio
3429 1262 3726 1318 stadiorum
3749 1269 3944 1334 40111,

2381 1342 2603 1399 sinubus
2626 1361 2734 1399 una
2755 1346 3144 1420 comprehensis
3177 1364 3192 1403 ι
3223 1349 3293 1404 ita
3317 1359 3380 1403 ut
3404 1349 3641 1404 littoralis
3664 1353 3838 1406 omnis
3855 1370 3949 1407 ora

2382 1432 2611 1488 universi
2657 1436 2823 1489 nostri
2861 1434 3025 1491 maris
3052 1436 3296 1493 conficiat
3343 1456 3605 1494 summam
3654 1439 3948 1496 stadiorum

2384 1523 2624 1592 139070,
2667 1521 2910 1577 Maeotidc
2949 1523 3171 1596 palude,
3218 1523 3368 1596 cujus
3393 1525 3625 1582 ambitus
3649 1538 3730 1582 est
3756 1527 3949 1583 stadio-

2379 1625 2498 1661 rum
2548 1625 2718 1678 9000.
2749 1620 3142 1668 connumerata.
3230 1612 3470 1679 Ostium,
3507 1615 3779 1686 Bosporus
3807 1615 3951 1670 Cim-

2378 1697 2607 1761 merius,
2642 1695 2932 1750 stadiorum
2962 1701 3050 1765 78.

2453 1893 2537 1934 ιι.
2579 1878 2818 1931 Euxinus
2843 1894 2971 1931 vero
3013 1878 3214 1932 Pontus
3255 1877 3487 1933 ambitur
3525 1878 3707 1934 stadiis
3748 1880 3945 1939 03083.

2372 1965 2630 2019 Thracius
2651 1967 2920 2039 Bosporus
2935 2004 2953 2032 ,
2974 1966 3252 2036 angustio.
3273 1983 3405 2039 quas
3423 1968 3620 2023 Darius
3641 1973 3758 2024 rate
3766 1967 3952 2042 junxit

2374 2049 2679 2123 aggrediens
2705 2050 2947 2124 Scythas,
2973 2049 3270 2108 stadiorum
3298 2070 3408 2109 sex.

2450 2156 2534 2199 10.
2574 2142 2724 2195 Mare
2760 2140 3059 2207 Persicum
3087 2138 3234 2213 qnod
3273 2152 3352 2197 est
3391 2142 3718 2211 rotundum,
3749 2146 3948 2202 ostium

2370 2246 2527 2284 suum
2559 2228 2876 2283 contrahens
2904 2228 3284 2303 promontoriis
3310 2231 3603 2287 Carmania
3623 2242 3681 2287 et
3707 2234 3941 2302 Arabiae,

2371 2317 2529 2373 habet
2555 2317 2839 2371 circuitum
2861 2315 3154 2372 stadiorum
3172 2334 3370 2375 00000.
3409 2320 3622 2375 Ostium
3655 2338 3783 2376 vero
3805 2323 3948 2377 inter

2371 2405 2610 2460 Arabiam
2631 2415 2686 2459 et
2711 2404 3042 2460 Cumanum
3069 2414 3215 2485 patet
3238 2405 3406 2463 stadia
3422 2404 3547 2473 400.

2446 2490 2531 2546 13.
2570 2490 2878 2562 Hyrcanum
2925 2489 3035 2544 sive
3077 2489 3330 2563 Caspium
3373 2508 3548 2559 mare,
3587 2492 3772 2548 lunato
3799 2494 3945 2552 flexu

2377 2580 2679 2646 sinuatum,
2725 2576 2804 2631 vel
2831 2588 2890 2633 ut
2915 2577 3029 2632 aliis
3059 2576 3256 2651 placet,
3285 2578 3576 2651 oblongum
3591 2620 3608 2646 ,
3638 2582 3944 2637 extenditur

2369 2666 2423 2718 in
2457 2662 2630 2719 stadia
2672 2680 2881 2732 0000ος
2912 2666 3108 2719 ostium
3151 2682 3279 2720 vero
3309 2666 3570 2739 trajicitur
3603 2668 3785 2725 stadiis
3809 2688 3946 2743 qna·

2371 2760 2512 2805 tuor.

2363 2908 2600 2977 tunginta
2626 2924 2744 2978 quae
2773 2906 2964 2961 Strabo
2997 2925 3054 2979 p.
3099 2911 3204 2979 494
3255 2908 3501 2983 (404,ι9)
3541 2928 3654 2965 esse
3700 2910 3833 2967 dicit
3873 2913 3942 2967 ab

2365 2989 2505 3040 Aera
2526 2986 2645 3038 vico
2668 2983 2736 3038 ad
2754 2984 3211 3041 Corocondamen.

2435 3066 2465 3131 S
2495 3080 2516 3117 1
2529 3080 2552 3116 1
2563 3068 2742 3119 .—16.
2758 3064 3023 3137 δισμυρίων
3038 3082 3146 3118 om.
3165 3069 3382 3129 neme,-
3392 3064 3636 3138 Tm'AB.
3652 3066 3732 3122 Ad
3749 3086 3938 3125 nume-

2365 3159 2485 3195 rum
2505 3141 2680 3197 03083
2699 3142 2938 3213 proxime
2955 3140 3156 3197 accedit
3174 3144 3486 3198 Ammianus
3503 3142 3758 3199 ambitum
3779 3147 3938 3203 Ponti

2367 3218 2560 3272 l'aciens
2585 3218 2876 3273 stadiorum
2904 3220 3115 3287 23ooo;
3146 3220 3512 3277 Artemidorus
3537 3221 3678 3294 apud
3705 3222 3936 3281 Plinium

2367 3300 2420 3362 4,
2435 3300 2502 3357 04
2517 3299 2842 3369 computavit
2851 3296 3025 3352 03350
3043 3299 3208 3353 stadia
3226 3302 3387 3370 (0919
3407 3318 3481 3354 m.
3499 3303 3602 3373 p.),
3623 3306 3936 3375 Anonymus

2367 3375 2560 3449 Peripli
2600 3377 2756 3431 Ponti
2798 3375 2993 3429 Euxini
3031 3386 3215 3433 auctor
3249 3378 3403 3447 (tom.
3435 3395 3484 3442 ι,
3511 3395 3566 3451 p.
3601 3380 3730 3452 403)
3768 3382 3934 3439 stadia

2367 3454 2575 3526 235873
2598 3472 2662 3509 ex
2688 3456 2898 3510 Arriani
2927 3458 3162 3511 numeris
3197 3457 3513 3528 colliguntur
3538 3460 3704 3513 stadia
3727 3466 3898 3523 00615
3913 3504 3930 3531 ,

2368 3543 2504 3605 00οι
2527 3532 2639 3589 sere
2661 3533 2803 3607 apud
2838 3534 3148 3592 Strabonem
3181 3554 3394 3610 quoque
3419 3556 3452 3592 e
3483 3538 3702 3610 singulis
3737 3539 3934 3599 distan-

2367 3614 2562 3667 tiarum
2590 3612 2822 3667 numeris
2848 3614 3146 3670 conflantur
3161 3656 3178 3683 ,
3204 3633 3522 3690 quamquam
3547 3617 3691 3672 idem
3717 3619 3772 3673 in
3801 3622 3933 3679 Pro-

2368 3694 2654 3764 legomenis
2679 3708 2736 3764 p.
2769 3695 2869 3764 187
2896 3696 2976 3766 (p.
3023 3694 3140 3762 103,
3185 3696 3279 3769 05)
3319 3697 3575 3753 ambitum
3603 3699 3760 3752 Ponti
3803 3698 3934 3755 dicit

2368 3773 2636 3846 δισμυρίων
2655 3790 2749 3827 που
2761 3772 2845 3827 καὶ
2857 3775 3258 3847 πενταιιιςχιλίων
3279 3778 3508 3833 σταδίων.
3523 3779 3931 3851 supputationes

2367 3851 2649 3923 longiusab
2667 3851 2748 3906 his
2765 3852 3063 3908 recedentes
3078 3853 3198 3909 vide
3215 3854 3355 3927 apud
3373 3854 3558 3913 Ukert.
3577 3857 3632 3921 3,
3649 3873 3705 3922 0,
3719 3873 3777 3928 p.
3808 3863 3927 3914 161.

2373 3933 2396 4003 fl
2429 3962 2502 3973 -
2525 3936 2608 3989 18.
2635 3930 2686 3994 τ’
2715 3931 2818 3985 Alii
2842 3944 2934 3987 aut
2956 3937 2988 3998 4
3016 3944 3107 3988 aut
3149 3934 3179 3989 5
3207 3945 3300 3989 aut
3329 3953 3362 4007 7
3389 3933 3556 3990 stadia
3577 3934 3836 4002 afferunt,
3867 3948 3930 3992 ut

2367 4021 2588 4065 constat.
2618 4009 2700 4065 Cf.
2727 4013 2965 4086 Dionysii
2991 4013 3224 4087 Anaplus
3249 4016 3489 4088 Bospori.

2437 4093 2468 4158 S
2493 4107 2580 4147 10.
2594 4121 2666 4133 —
2680 4106 2768 4146 01.
2788 4092 3033 4163 μυριάδων
3051 4093 3160 4167 δύο]
3176 4092 3377 4149 Eodem
3390 4092 3928 4149 modo·Eratosthenei

2365 4170 2527 4240 apud.
2556 4170 2865 4225 Strabonem
2897 4188 2951 4243 p.
2983 4170 3084 4242 765
3129 4172 3280 4242 (650,
3312 4189 3335 4226 ι
3363 4171 3576 4242 Didot.)
3598 4183 3652 4226 et
3691 4172 3828 4227 Plin.
3869 4178 3926 4239 6,

2366 4251 2433 4303 08
2457 4250 2489 4317 S
2515 4252 2619 4305 108
2642 4260 2695 4303 et
2718 4250 2983 4306 Ammian.
3014 4251 3103 4317 03,
3134 4255 3189 4316 6,
3215 4268 3274 4306 11
3309 4269 3325 4306 :
3355 4251 3536 4307 Omnis
3552 4250 3706 4305 sinus
3725 4249 3926 4306 diruen-

2362 4327 2506 4381 sione
2517 4328 2732 4382 littorea
2765 4328 2823 4383 in
2844 4346 3112 4383 numerum
3133 4328 3336 4399 viginti
3357 4329 3586 4384 millium
3618 4328 3919 4386 stadiorum

2364 4405 2510 4460 velut
2526 4406 2707 4480 spatio
2727 4406 3000 4462 detor-nato
3019 4406 3240 4479 finitur.
3277 4409 3488 4463 Vocem·
3505 4408 3666 4479 στόμα
3705 4420 3824 4480 post
3867 4428 3918 4464 v.

2370 4481 2584 4555 Ἀραὸίας
2608 4484 2691 4538 καὶ
2716 4485 2994 4557 Καρμανίας
3015 4486 3332 4559 transposuit
3349 4486 3658 4545 Tennulius.
3685 4490 3760 4542 Os
3776 4488 3921 4544 sinus

2364 4564 2554 4618 Persici
2583 4562 2872 4618 secundum
2895 4564 3202 4619 Strabonem
3225 4583 3283 4638 p.
3298 4581 3402 4636 707
3423 4564 3602 4639 (618,4
3610 4569 3668 4636 9)
3691 4564 3788 4638 [οὗ]
3815 4569 3923 4637 μεῖ-

2363 4644 2450 4703 ζον
2473 4642 2737 4714 διάρματος
2759 4642 3046 4716 ἦμερησίου.
3067 4645 3378 4715 Anonymus
3395 4654 3534 4700 auct.
3554 4643 3740 4716 ρει-191.
3763 4644 3922 4699 maris

2363 4720 2571 4792 Erytbr.
2603 4723 2758 4792 (tom.
2795 4738 2845 4785 1,
2872 4739 2928 4795 p.
2957 4724 3083 4791 084)
3114 4738 3130 4777 :
3160 4722 3191 4775 ὁ
3211 4721 3440 4786 διάπλους
3471 4727 3559 4777 τοῦ
3587 4725 3832 4795 στόματος
3853 4725 3921 4791 ὡς

710 4806 887 4878 Did.),
920 4808 1054 4864 Plin.
1088 4810 1174 4871 14,
1201 4809 1268 4872 04
1298 4802 1458 4874 (ιιο5
1482 4820 1556 4857 m.
1586 4802 1691 4875 p.),
1716 4806 2027 4875 Anonymus
2052 4802 2107 4854 in
2130 4809 2267 4854 tom.
2360 4800 2582 4865 σταδίους
2615 4800 2906 4865 ἑξακοσίους.
2942 4800 3102 4874 Apud
3131 4801 3360 4856 Plinium
3400 4802 3589 4872 legitur
3614 4802 3652 4859 Ι.
3677 4802 3718 4857 l.
3750 4806 3918 4858 :Per-

705 4894 751 4957 1,
779 4910 836 4964 p.
863 4891 966 4956 403
983 4900 1035 4945 et
1057 4890 1183 4955 405,
1201 4888 1493 4961 Theophyl.
1516 4887 1795 4941 simocatta
1810 4884 2013 4955 Dialog.
2037 4885 2091 4937 in
2114 4879 2267 4956 phys.
2357 4879 2528 4933 sicum
2551 4879 2776 4936 introitu
2801 4884 2861 4937 V
2877 4879 2966 4953 (an
2995 4880 3102 4951 m)
3127 4880 3245 4935 mil.
3261 4900 3326 4955 p.
3347 4880 3684 4948 latitudinis,
3707 4884 3810 4940 atii
3827 4888 3923 4941 IV

700 4980 757 5023 et
776 4968 919 5023 med.
936 4986 1017 5039 gr.
1044 4970 1175 5023 min.
1194 4985 1251 5040 p.
1282 4972 1381 5036 169
1408 4964 1494 5022 ed.
1519 4963 1704 5021 Ideler.
1740 4963 1929 5035 11-15,
1955 4962 2057 5035 οηἹ
2074 4962 2270 5020 oz'BD

703 5052 775 5112 Ε,
801 5048 887 5120 υμ’
916 5052 991 5102 A.
1021 5048 1285 5101 Numerus
1304 5063 1413 5099 non
1432 5043 1501 5098 de
1521 5042 1842 5115 longitudine
1866 5042 2085 5116 Bospori
2112 5042 2266 5097 intel-

2361 4958 2541 5029 (XL.³)
2551 4957 2827 5027 ficet-unn-
2855 4976 2974 5031 quae
2995 4969 3242 5031 corrupta
3260 4978 3370 5014 esse
3392 4958 3515 5031 jure
3540 4972 3838 5019 censentur.

2429 5040 2458 5106 S
2477 5036 2726 5092 ι3.-05.
2743 5038 3007 5111 δισμυρίων
3028 5038 3306 5110 δισχιλίων]
3324 5039 3594 5094 Ambitum
3617 5043 3776 5096 maris
3793 5044 3916 5098 Cas-

700 5126 944 5197 ligendus
993 5136 1100 5193 est,
1143 5136 1207 5180 ut
1248 5123 1479 5180 Ukertus
1510 5125 1702 5194 Gcogr.
1739 5133 1867 5177 tom.
1914 5122 1967 5186 3,
2004 5137 2039 5175 0
2062 5139 2116 5192 p.
2164 5126 2265 5193 167
2354 5117 2427 5189 pii
2454 5126 2601 5171 certo
2625 5115 2916 5172 stadiorum
2953 5133 3174 5171 numero
3191 5135 3300 5171 non
3328 5116 3604 5172 delinitum
3632 5121 3785 5173 video
3811 5121 3909 5201 nisi

698 5206 933 5271 censuit,
970 5204 1062 5259 sed
1101 5204 1171 5258 de
1204 5201 1509 5266 latitudine,
1540 5200 1909 5274 responditque
1938 5199 2117 5253 stadiis
2143 5216 2261 5270 sep-
2356 5206 2540 5251 nostro
2563 5194 2679 5251 1000
2703 5207 2755 5250 et
2780 5194 3022 5251 Pliniano
3048 5201 3101 5261 6,
3138 5195 3200 5251 15
3230 5200 3261 5265 S
3286 5198 3354 5267 37
3385 5214 3400 5251 :
3430 5200 3553 5252 Νοιι
3581 5195 3770 5253 desunt
3791 5218 3910 5254 vem
