4584 6284
1807 393 1909 454 DE
1951 393 2321 458 DIONYSIO
2360 395 2810 460 PERIEGETE.

875 523 1334 588 ohservationes
1381 523 1668 604 quaedam
1715 524 2152 604 grammaticas.
2197 527 2257 588 6.

876 611 1230 676 Philostrati
1307 609 1542 672 icones.
1620 615 1678 672 7.
1751 611 2115 691 Fragmenta
2181 610 2263 675 ad

3710 421 3897 484 xxan

2508 525 2709 675 larutm
2732 524 3038 590 linearum
3062 526 3261 592 literae
3288 535 3579 594 extremae
3600 530 3899 598 absumtas

2508 631 2625 677 sun
2656 656 2673 674 .

875 699 1347 780 grammaticam
1375 698 1764 778 pertinentia.
1789 701 1847 762 8.
1872 699 2047 762 Pauli
2067 699 2261 762 Silen·
2350 703 2447 763 11.
2494 701 2567 764 N.
2586 703 2763 775 2708,
2784 699 2939 762 011111
2962 704 3117 766 1337
3136 709 3202 764 et
3220 705 3373 769 2791
3402 703 3600 786 (nobis
3614 706 3729 784 L),
3750 727 3895 773 saec.

874 787 1038 850 tiarii
1085 787 1347 851 thermae
1383 785 1618 867 Pythiae
1644 804 1769 851 una
1801 803 1946 850 oum
1977 785 2254 850 scholiis.

871 879 930 938 9.
988 875 1242 938 Cratetis
1306 881 1371 938 et
1422 873 1740 957 Posidippi
1789 873 2254 956 epigrammata.

877 967 973 1026 10.
1025 961 1262 1026 Moschi
1313 981 1488 1027 amor
1532 961 1834 1044 fugitivus.
1869 965 1966 1026 11.
2005 963 2260 1026 Maximi

875 1049 1168 1115 Planudis
1233 1051 1512 1132 dialogus
1565 1050 1642 1114 de
1685 1049 2109 1132 grammatica.
2158 1056 2254 1116 12.

879 1136 1160 1201 Aristidis
1242 1138 1536 1204 monodia
1611 1139 1675 1201 in
1752 1139 2101 1220 Smyrnam.
2155 1144 2252 1204 13.

869 1227 1124 1291 Thomae
1170 1227 1444 1307 magistri
1487 1245 1706 1291 vocum
1754 1226 2098 1292 Atticarum
2124 1227 2258 1293 col-

878 1315 1079 1380 lectio.
1113 1319 1207 1380 14.
1251 1314 1558 1396 Anonymi
1593 1314 1836 1379 lexicon
1863 1315 1944 1378 de
1983 1316 2256 1380 vocabu-

875 1404 1074 1467 lorum
1119 1401 1498 1467 discrimine.
1550 1407 1648 1468 15.
1684 1389 1894 1467 Lexlci
1948 1402 2258 1483 fragmen·

875 1501 1038 1570 tum,
1067 1511 1190 1575 quo
1215 1491 1398 1556 variae
1445 1492 1722 1574 corporis
1764 1491 2020 1556 humani
2049 1498 2258 1574 partes

875 1577 1267 1660 explicantur.
1315 1583 1414 1644 16.
1460 1577 1768 1662 Anonymi
1824 1579 2099 1656 lexicon,
2131 1596 2258 1663 quo

871 1685 1156 1747 germana
1231 1666 1620 1750 quarundam
1708 1685 1933 1732 vocum
2026 1666 2260 1750 signifi-

869 1755 1027 1819 catio
1091 1754 1434 1836 indagatur.
1478 1760 1576 1820 17.
1625 1758 1902 1836 Dionysii
1947 1756 2256 1836 Ἁλικαρνα-

867 1843 995 1912 σὲως
1043 1840 1106 1922 (1.
1161 1861 1216 1906 0.
1265 1841 1652 1924 Ἀλεξανδρέως)
1702 1843 1872 1908 orbis
1917 1843 2255 1926 descriptio

868 1949 1010 1993 cum
1055 1931 1306 1995 scholiis
1349 1930 1597 1995 selectis
1643 1931 1810 2008 (inde
1854 1951 1892 1997 a
1933 1934 2042 1998 fol.
2086 1931 2250 2015 249).

862 2019 1029 2083 Folia
1057 2027 1368 2100 postrema
1389 2018 1474 2082 ita
1503 2026 1648 2083 sunt
1673 2019 1898 2084 affecta
1923 2029 1994 2084 ut
2017 2040 2160 2104 quae
2189 2019 2255 2083 in
2342 2065 2351 2072 -

863 2109 940 2172 iis
964 2109 1192 2193 scripta
1215 2113 1360 2173 sunt
1375 2155 1392 2182 ,
1421 2109 1544 2189 legi
1562 2109 1694 2190 jam
1723 2115 2054 2192 nequeant.

747 2202 808 2261 ¹1.
853 2198 925 2259 N.
949 2201 1104 2262 2735
1123 2195 1328 2278 (nobis
1347 2197 1444 2278 G),
1468 2214 1610 2260 saec.
1634 2197 1788 2272 xlv,
1808 2195 2250 2279 bombycinus,

871 2284 1018 2348 olim
1053 2284 1576 2348 Boistallerianus.
1607 2286 1826 2348 Insunt
1859 2305 1875 2348 ε
1903 2289 1959 2348 1.
1992 2285 2256 2368 Oppiani

869 2375 957 2434 De
979 2372 1300 2436 venatione
1318 2371 1464 2434 libri
1486 2374 1560 2435 V.
1587 2374 1646 2436 2.
1675 2373 1904 2435 Eorum
1949 2372 2250 2456 synopsis.

871 2463 928 2522 3.
963 2459 1286 2541 Sophoclis
1314 2459 1494 2540 Ajax,
1522 2459 1796 2534 Electra,
1824 2459 1975 2525 OEd.
2013 2465 2154 2543 Tyr.
2191 2467 2250 2524 4.

869 2547 1218 2626 Dionysius,
1253 2543 1354 2610 cui
1396 2545 1690 2626 adjuncta
1725 2550 1821 2608 est
1867 2546 1932 2609 in
1977 2548 2256 2630 margine

867 2633 1256 2715 paraphrasis
1281 2647 1486 2716 usque
1509 2633 1587 2698 ad
1610 2651 1857 2697 versum
1885 2639 2039 2712 690;
2067 2637 2132 2700 111
2161 2655 2258 2700 se-

865 2719 1196 2802 quentihus
1269 2719 1440 2782 enim
1493 2719 1662 2784 foliis
1707 2739 1923 2802 margo
1976 2723 2257 2789 abscissa

863 2817 972 2875 est.

745 2907 802 2966 8.
847 2903 918 2962 Ν.
950 2903 1106 2964 2772
1149 2899 1350 2980 (nohis
1385 2899 1496 2982 Η),
1527 2919 1671 2964 saec.
1721 2903 1876 2977 XIV,
1926 2902 2254 2986 bombyci-

865 3007 1011 3068 nus,
1051 2987 1202 3051 olim
1247 2987 1502 3052 Guarini
1542 2988 1936 3052 Veronensis,
1973 2993 2190 3055 Insunt
2235 3012 2250 3054 :

868 3081 925 3140 1.
950 3073 1202 3138 Hesiodi
1231 3076 1436 3156 Opera
1462 3081 1528 3138 et
1551 3073 1704 3139 dies.
1737 3079 1796 3139 2.
1821 3079 2081 3142 Scutum
2107 3082 2258 3142 Her·

863 3163 1038 3228 culis.
1104 3167 1162 3227 3.
1204 3165 1350 3226 Hes.
1381 3163 1757 3244 Tbeogonia.
1799 3171 1858 3228 4.
1893 3167 2144 3230 Scholia
2188 3167 2255 3230 in

861 3251 1174 3332 Theogon.
1197 3248 1328 3332 (fol.
1351 3251 1654 3333 lot-110).
1669 3256 1729 3316 5.
1755 3255 2084 3334 Dionysius
2106 3273 2254 3338 cum

861 3336 1082 3419 glossis
1113 3336 1615 3402 interlinearihus
1641 3345 1704 3403 et
1733 3339 2018 3418 scholiis,
2045 3342 2192 3406 inde
2217 3361 2254 3406 a

865 3425 972 3489 fol.
1003 3428 1138 3501 111,
1192 3429 1334 3488 ante
1387 3426 1560 3507 quod
1609 3425 1839 3493 excidit
1881 3429 2141 3505 folium,
2189 3430 2254 3493 in

872 3531 997 3596 quo
1028 3511 1106 3575 de
1127 3518 1312 3595 poeta
1333 3513 1592 3597 eiusque
1621 3517 2002 3583 carminibus
2047 3537 2254 3583 sermo

861 3609 1012 3665 erat.
1043 3601 1192 3680 Ejus
1243 3600 1694 3668 dissertationis
1743 3624 1888 3686 pars
1935 3615 2252 3689 postrema

863 3696 1046 3765 atque
1086 3687 1323 3751 scholia
1350 3689 1414 3751 in
1443 3691 1678 3771 primos
1720 3693 1998 3776 Dionysii
2040 3713 2255 3758 versus

863 3777 940 3839 ah
979 3774 1200 3840 eodem
1234 3783 1489 3840 auctore
1527 3779 1802 3860 profecta
1828 3788 2163 3863 supersunt
2189 3781 2254 3843 in

864 3871 1098 3928 serrato
1127 3864 1278 3928 folio
1306 3867 1444 3927 111.
1477 3865 1715 3932 Deinde
1749 3886 1877 3932 una
1919 3886 2066 3932 cum
2109 3869 2254 3933 Dio·

865 3951 1027 4034 nysii
1073 3951 1347 4014 carmine
1403 3951 1576 4016 aliud
1633 3953 1828 4018 habes
1871 3955 2254 4022 scholiorum

864 4059 1092 4121 corpus
1119 4039 1382 4104 minoris
1403 4041 1608 4122 pretii.

725 4136 800 4196 -9.
849 4130 920 4192 N.
955 4131 1112 4192 1310
1157 4125 1362 4208 (nobis
1399 4125 1486 4210 1),
1517 4145 1660 4193 saec.
1703 4131 1834 4207 XV,
1867 4129 2250 4198 chartaceus.

858 4217 1168 4277 Insunt51
1205 4214 1540 4296 opuscula,
1569 4233 1840 4300 quorum
1880 4217 2252 4300 vigesimum

861 4305 1150 4382 excerpta
1191 4299 1485 4382 quaedam
1529 4321 1566 4366 e
1613 4305 1902 4386 Dionysio
1949 4306 2248 4371 continet.

861 4386 1166 4452 Praecedit
1206 4387 1548 4468 Hesiodus;
1599 4397 1948 4474 sequuntur
1993 4393 2254 4476 Oppiani

859 4474 1220 4540 Halieutica.

704 4569 800 4629 10.
844 4566 916 4627 N.
951 4567 1101 4627 1411
1137 4561 1339 4648 (nobis
1367 4564 1486 4646 K);
1512 4565 1663 4628 olim
1687 4567 1761 4629 N.
1790 4570 1948 4632 1322
1979 4577 2046 4631 et
2071 4573 2250 4645 3042,

863 4669 1005 4716 saec.
1035 4652 1165 4727 XV,
1195 4651 1581 4716 chartaceus.
1613 4654 1828 4718 Insunt
1873 4675 1888 4718 ε
1935 4659 1994 4718 1.
2035 4658 2258 4721 Pausa-

863 4741 996 4806 nias
1013 4739 1138 4822 (fol.
1152 4741 1378 4822 12427).
1395 4744 1456 4804 2.
1475 4742 1792 4822 Dionysius
1809 4742 1890 4806 ad
1903 4743 2254 4826 marginem

864 4828 1098 4892 hahens
1137 4827 1374 4892 scholia
1422 4827 1664 4892 minuta
1705 4828 2064 4914 nulliusque
2120 4851 2256 4898 mo·

865 4917 1061 4981 menti
1114 4917 1239 4999 (fol.
1281 4917 1586 4999 429456).
1631 4922 1690 4982 3.
1718 4920 2076 4982 Eustathius
2116 4921 2249 5003 (sol.

861 5005 1180 5085 453-566).
1212 5011 1273 5068 4.
1304 5003 1642 5069 Provincias
1687 5006 1852 5070 Asiae
1893 5011 1955 5069 et
1983 5008 2252 5092 Europae

861 5099 924 5156 et
946 5077 1169 5157 Africae
1191 5093 1322 5176 (fol.
1341 5091 1641 5176 567-585).
1667 5097 1815 5158 Haec
1831 5095 1910 5159 ab
1927 5094 2048 5159 alia
2063 5115 2253 5161 manu

854 5180 1089 5261 scripta
1145 5189 1308 5247 sunt.
1353 5179 1730 5264 Bibliopegae
1776 5182 1977 5248 cultro
2035 5185 2250 5267 singu-

2506 790 2635 868 XV,
2666 787 3044 853 chartaceus.
3070 790 3289 853 Insunt
3313 811 3329 854 :
3350 794 3411 856 1.
3428 794 3682 858 Hesiodi
3706 798 3899 861 Theo-

2506 874 2709 958 gonia.
2739 878 2799 939 2.
2829 877 3089 940 Scutum
3114 877 3423 943 Herculis.
3454 885 3515 945 3.
3548 883 3796 949 Scholia
3834 886 3899 949 in

2504 963 2946 1044 Theogoniam.
2962 968 3024 1028 4.
3042 963 3297 1028 Hesiodi
3308 967 3509 1049 Opera
3524 974 3585 1031 et
3602 968 3733 1034 dies
3752 991 3898 1038 cum

2505 1051 2726 1134 glossis
2756 1059 2819 1116 et
2861 1052 3139 1118 scholiis.
3172 1055 3231 1117 5.
3270 1054 3574 1118 Manuelis
3616 1059 3897 1126 Moscho-

2506 1139 2638 1222 puli
2688 1139 2925 1204 scholia
2968 1141 3035 1203 in
3075 1158 3224 1223 opp.
3254 1147 3319 1206 et
3363 1141 3519 1206 dies.
3550 1149 3609 1208 6.
3643 1148 3897 1215 Joannis

2506 1228 2761 1292 Diaconi
2836 1227 3075 1293 scholia
3152 1227 3218 1291 in
3284 1229 3517 1312 '1⁸heog.
3582 1234 3641 1294 7.
3692 1235 3897 1302 Procli

2508 1315 2765 1379 Diaconi
2812 1314 3053 1378 scholia
3093 1313 3159 1377 in
3202 1332 3348 1398 opp.
3397 1324 3461 1381 et
3489 1316 3644 1380 dies.
3678 1322 3738 1384 8.
3774 1323 3899 1386 ew

2506 1403 2759 1466 scothia-s
2790 1403 2918 1483 (fol.
2944 1407 3063 1468 109
3092 1405 3277 1486 sqq.).
3304 1406 3366 1469 9.
3398 1407 3727 1484 Dionysius
3748 1426 3893 1474 cum

2505 1488 2879 1642 5911ζῆ
2934 1489 3899 1660 (ῶὲὃὲἣέἓιζῑ..ξὲὲῃ.ἶέἶ

2506 1670 2795 1746 excerpta
2820 1683 2860 1727 0
2886 1662 3290 1726 Strabonede
3312 1664 3490 1727 India
3511 1671 3577 1727 et
3594 1665 3671 1729 de
3698 1669 3896 1750 Syria,

2506 1749 2733 1832 quibus
2780 1748 3035 1814 additur
3076 1749 3253 1814 locus
3284 1750 3583 1833 Stephani
3624 1755 3901 1835 Byzantii

2502 1857 2559 1900 v.
2591 1837 2764 1911 Ἰόπη.
2797 1837 2907 1902 His
2935 1837 3242 1919 excerptis
3270 1847 3491 1902 auctor
3520 1837 3756 1904 codicis
3796 1862 3899 1907 re-

2504 1927 2731 1990 sarcire
2797 1927 2996 1990 voluit
3057 1924 3340 1996 lacunas.
3394 1945 3659 2011 quarum
3727 1931 3899 2011 prior

2464 2069 2474 2080 .
2504 2013 2769 2096 pertinet
2795 2032 2832 2077 a
2860 2032 2999 2097 pag.
3026 2018 3165 2091 372,
3199 2018 3239 2079 2
3269 2014 3350 2079 ad
3377 2034 3441 2095 p.
3468 2017 3608 2094 379,
3638 2019 3718 2081 26
3743 2019 3895 2085 edit.

2502 2107 2757 2179 nostroe,
2807 2102 3002 2166 altera
3052 2107 3264 2167 autem
3310 2122 3349 2166 a
3394 2122 3457 2185 p.
3507 2107 3650 2184 400,
3695 2109 3766 2169 11
3816 2109 3895 2172 ad

2505 2210 2565 2273 p.
2596 2193 2737 2265 407,
2767 2194 2861 2254 15.
2891 2189 3261 2272 Paraphrasi
3304 2190 3721 2272 subjiciuntur
3760 2193 3889 2279 (Iol.

2502 2275 2801 2360 299-300)
2823 2285 3013 2357 caput
3033 2277 3114 2340 de
3128 2279 3206 2339 12
3228 2278 3426 2341 ventis
3436 2297 3624 2361 agens
3634 2280 3898 2365 aliaeque

2502 2365 2734 2430 notitiae
2762 2363 3219 2445 geographicae,
3245 2383 3387 2448 quae
3410 2366 3629 2429 eadem
3656 2367 3723 2430 in
3751 2372 3892 2434 cod.

2502 2455 2575 2515 N.
2636 2456 2713 2516 83
2752 2452 2969 2534 Suppl.
3001 2453 3467 2532 praemittuntur
3507 2455 3889 2536 paraphrasi.

2502 2539 2838 2622 Epistolam
2884 2537 3191 2602 Eustathii
3228 2541 3695 2606 commentariis
3725 2563 3877 2626 prae·

2502 2627 2757 2690 missam
2784 2631 3002 2690 auctor
3030 2625 3273 2690 codicis
3298 2627 3533 2692 omisit.

2348 2720 2441 2780 12.
2488 2717 2561 2779 Ν.
2594 2717 2773 2795 2730,
2802 2720 2979 2778 antea
3006 2718 3157 2780 2531
3192 2714 3399 2795 (nobis
3436 2721 3543 2796 Μ),
3576 2736 3719 2784 saec.
3764 2723 3893 2803 XV,

2507 2803 2897 2876 chartaceuS,
2930 2802 3083 2864 olim
3121 2802 3446 2866 Philiberti
3488 2803 3567 2868 de
3609 2806 3670 2869 la
3702 2810 3891 2874 Mare.

2502 2893 2821 2970 Dionysius
2835 2907 2979 2952 cum
2996 2887 3274 2970 scholiis,
3286 2891 3649 2973 paraphrasi
3664 2895 3892 2973 mixtiS,

2504 2995 2645 3060 quae
2698 2994 2896 3058 usque
2943 2975 3024 3038 ad
3076 2995 3166 3039 vs.
3222 2981 3377 3040 1065
3442 2979 3773 3061 pertinent.
3828 2986 3896 3047 In

2504 3065 2708 3146 primo
2755 3063 2905 3128 folio
2949 3062 3241 3144 leguntur
3265 3065 3404 3128 11ωο
3440 3085 3455 3127 :
3494 3088 3527 3126 α
3552 3067 3757 3133 Codex
3802 3089 3897 3134 re-

2504 3171 2651 3218 cens
2708 3169 2743 3214 e
2805 3151 2997 3215 veteri
3054 3151 3265 3235 aliquo
3338 3151 3717 3235 descriptus,
3772 3178 3897 3242 quo

2506 3237 2857 3304 continetur
2924 3237 3200 3319 Dionysii
3269 3238 3671 3305 Alexandrini
3729 3244 3899 3308 orbis

2505 3325 2839 3406 descriptio
2884 3343 3007 3388 una
3054 3342 3200 3387 cum
3254 3327 3564 3409 Anonymi
3609 3330 3894 3411 scholiis,

2501 3430 2643 3496 quae
2689 3411 2807 3474 sihi
2852 3430 2889 3475 a
2936 3410 3285 3476 clarissimo
3332 3414 3616 3479 Boivinio
3664 3417 3899 3484 Biblio-

2500 3501 2698 3564 thecae
2742 3499 2931 3580 regiae
2981 3499 3241 3565 custode
3287 3502 3649 3568 transmissa
3677 3505 3899 3572 lubens

2504 3589 2782 3672 agnoscit
2814 3588 2911 3652 vir
2941 3589 3109 3653 doct.
3158 3588 3431 3654 Thomas
3477 3591 3755 3658 Hudson.
3786 3595 3901 3661 Ill'a

2500 3683 2739 3740 tantum
2767 3675 2969 3740 edidit
3002 3695 3145 3760 quae
3190 3676 3269 3739 ad
3320 3677 3753 3744 illustrandam
3796 3703 3899 3748 ve-

2504 3773 2701 3829 terem
2728 3765 3173 3847 geographiam
3202 3765 3615 3846 pertinerent,
3647 3769 3760 3832 sed
3786 3791 3893 3853 pa-

2506 3871 2647 3918 rum
2684 3852 3012 3916 emendate
3040 3852 3373 3928 nonnulla,
3406 3872 3547 3937 quae
3582 3853 3767 3936 hujus
3796 3877 3897 3923 co·

2505 3941 2663 4006 dicis
2690 3959 2810 4023 ope
2838 3939 3040 4002 sanari
3070 3946 3352 4020 possunt.
3382 3963 3413 4000 1)

2346 4035 2443 4094 13.
2489 4030 2563 4092 Ν.
2587 4031 2741 4092 2833
2768 4027 2970 4107 (nobis
2984 4028 3089 4108 Ν),
3112 4025 3266 4090 011111
3286 4029 3441 4090 1375
3466 4034 3528 4089 et
3546 4031 3722 4104 3341,
3746 4048 3889 4093 saec.

2504 4119 2611 4180 XV
2654 4114 2964 4189 exeuntia,
2992 4115 3368 4192 membran„
3395 4115 3652 4179 vineolis
3680 4122 3743 4180 et
3780 4117 3895 4181 ini-

2503 4202 2751 4268 tialibus
2776 4202 2972 4266 literis
2997 4219 3243 4267 summa
3264 4209 3393 4266 arte
3415 4201 3597 4284 pictis
3618 4211 3889 4268 ornatus.

2508 4295 2721 4356 Insunt
2751 4311 2765 4352 :
2801 4296 2860 4354 1.
2886 4289 3273 4354 Theocritus
3298 4295 3357 4355 2.
3378 4291 3633 4354 Homeri
3651 4290 3887 4374 hymni.

2508 4387 2567 4448 3.
2612 4379 2848 4446 Moschi
2912 4383 3103 4445 Amor
3166 4379 3479 4458 mgitivus.
3556 4383 3615 4442 4.
3675 4382 3891 4446 Musaei

2500 4473 2667 4534 Hero
2686 4474 2749 4531 et
2760 4467 3057 4530 Leander.
3080 4471 3141 4532 5.
3162 4467 3392 4549 Orphei
3415 4467 3585 4548 hym.
3607 4471 3687 4531 76
3709 4472 3769 4530 et
3789 4472 3887 4532 77.

2504 4595 2583 4607 --
2628 4561 2687 4622 6.
2754 4555 3007 4620 Hesiodi
3053 4556 3208 4638 Opp.
3259 4562 3324 4618 ct
3373 4555 3544 4632 dies,
3598 4558 3884 4636 Scutum,

2504 4646 2879 4728 Theogonia.
2913 4649 2971 4709 7.
3001 4647 3364 4726 Dionysius,
3395 4643 3616 4726 glossis
3659 4645 3890 4727 passim

2502 4737 2662 4800 inter
2676 4735 2867 4798 lineas
2879 4733 3203 4798 etscholiis
3212 4733 3289 4797 ad
3302 4732 3645 4815 marginem
3657 4732 3891 4816 positis.

2346 4830 2440 4890 14.
2487 4826 2560 4888 Ν.
2608 4826 2765 4888 2834
2820 4821 3041 4903 (nobis‘
3072 4822 3176 4902 0),
3223 4839 3368 4886 saec.
3417 4823 3527 4885 XV
3579 4821 3883 4897 exeuntis,

2501 4911 3030 4976 membranaceus.
3049 4911 3285 4972 Insunt.
3311 4931 3326 4974 z
3353 4915 3409 4975 1.
3423 4905 3806 4974 Theocritus.
3825 4913 3884 4971 2.

2500 4999 2821 5066 Hesiodus.
2855 5001 2913 5060 3.
2945 4999 3271 5077 Dionysius
3301 5001 3432 5084 (sol.
3465 4995 3752 5076 89-112),
3795 5014 3891 5058 va·

2502 5088 2614 5152 riae
2648 5085 2941 5149 lectiones
2972 5085 3036 5148 in
3060 5087 3350 5168 margine
3376 5085 3609 5178 passim
3646 5087 3890 5144 notatae.

2500 5181 2561 5240 4.
2594 5173 2913 5238 Pindarus,
