4584 6284
818 508 933 559 518

736 612 789 675 A
812 618 1159 692 spectaculum
1172 618 1385 690 praebet.
1407 621 1521 687 (27)
1542 617 1783 672 laodicia
1804 635 1924 671 vero
1947 617 2125 671 civitas
2143 617 2360 688 optima,
2399 616 2406 643 '

815 723 933 780 quoe
967 704 1204 759 similiter
1246 704 1427 758 omnia
1468 706 1669 775 negotia
1716 703 1935 775 suscipit
1976 713 2031 756 et
2073 700 2365 757 Antiochiae

815 792 993 845 mittit.
1015 793 1128 860 (28)
1156 788 1357 844 Deinde
1383 789 1611 844 Seleucia
1632 790 1809 844 civitas
1828 806 2033 861 magna,
2055 806 2173 861 quoe
2189 789 2367 843 omnia

815 878 956 931 bona
998 876 1217 947 suscipit
1260 886 1313 929 et
1356 875 1470 947 ipsa
1508 875 1743 928 similiter
1774 874 2033 947 praedictae
2074 872 2367 930 Antiochiae

818 965 999 1021 mittit.
1047 964 1222 1031 Quam
1263 962 1335 1017 ob
1360 979 1473 1016 rem
1517 962 1849 1017 Constantius
1893 961 2183 1032 imperator
2207 960 2368 1014 maxi·

816 1067 963 1103 mum
1005 1060 1241 1103 montem
1268 1046 1463 1101 secavit
1486 1056 1539 1101 et
1562 1045 1898 1101 introducens
1928 1064 2070 1100 mare
2097 1045 2219 1099 fecit
2242 1062 2367 1117 por·

817 1148 932 1191 tum
956 1136 1160 1190 bonum
1188 1144 1241 1188 et
1268 1151 1537 1205 magnum,
1562 1132 1652 1187 ubi
1691 1134 1953 1186 venientes
1974 1150 2133 1186 naves
2167 1131 2367 1185 salvan·

816 1231 926 1276 tur.
956 1220 1071 1294 (29)
1098 1220 1349 1275 Similiter
1393 1218 1505 1273 aliae
1538 1219 1767 1272 civitates
1806 1218 2030 1273 Ascalon
2069 1228 2121 1271 et
2147 1218 2286 1272 Gaza
2309 1218 2366 1270 in

816 1308 1037 1379 negotiis
1061 1308 1351 1361 eminentes
1374 1316 1427 1360 et
1463 1306 1780 1360 abundantes
1805 1305 2050 1359 omuibus
2076 1304 2229 1359 bonis
2247 1305 2369 1358 mit·

819 1404 940 1449 tunt
963 1396 1110 1448 omni
1152 1394 1355 1465 regioni
1380 1395 1540 1466 Syriae
1562 1404 1615 1447 et
1636 1394 1840 1465 AEgypti
1870 1395 2051 1447 vinum
2084 1393 2366 1464 optimum.

822 1480 937 1553 (30)
958 1480 1201 1554 Neapolis
1219 1482 1400 1535 civitas
1426 1480 1645 1553 gloriosa
1668 1492 1720 1535 et
1744 1480 1889 1535 valde
1916 1479 2123 1536 nobilis.
2174 1480 2366 1552 Tripo-

744 1655 801 1714 B-
817 1654 1194 1727 spectaculum.
1246 1653 1358 1727 (27)
1399 1656 1518 1707 Iam
1568 1652 1738 1707 alteroe
1784 1671 1995 1718 omnes,
2040 1671 2263 1725 quarum
2312 1665 2366 1708 et

822 1744 1053 1814 ipsarum
1077 1742 1292 1796 nomina
1308 1759 1373 1795 ex
1390 1751 1538 1814 parte
1559 1742 1900 1795 necoesarium
1918 1750 1994 1794 est
2012 1740 2187 1794 dicere
2200 1781 2215 1805 ‚
2242 1742 2366 1812 quia

822 1830 1037 1901 singulae
1059 1847 1239 1884 earum
1272 1829 1557 1901 [singulare
1581 1828 1813 1901 aliquod]
1846 1829 2059 1885 habent.
2102 1830 2364 1900 Praecipua

820 1928 901 1972 est
925 1936 1049 1989 ergo
1080 1928 1133 1971 et
1168 1916 1308 1971 bona
1347 1918 1525 1970 civitas
1550 1920 1641 1984 (et)
1671 1916 1911 1982 Ladicia,
1940 1934 2056 1987 quae
2084 1915 2366 1988 suscipiens

820 2021 982 2059 omne
1006 2006 1280 2075 negotium
1307 2013 1361 2057 et
1384 2002 1626 2057 emittens
1659 2002 1949 2057 Antiochiae
1982 2001 2249 2074 magnifice
2276 1999 2368 2055 ad·

810 2092 963 2166 juvat
988 2102 1042 2146 et
1066 2101 1287 2145 exercet.
1322 2093 1439 2161 (28)
1457 2091 1553 2144 His
1576 2090 1809 2144 similiter
1842 2101 1895 2144 et
1925 2089 2153 2144 Seleucia
2187 2088 2368 2142 civitas

818 2180 1044 2251 optima,
1069 2196 1190 2251 quae
1215 2188 1269 2233 et
1294 2179 1405 2252 ipsa
1432 2196 1549 2250 quae
1574 2179 1793 2231 veniunt
1814 2177 2103 2232 Antiochia:
2134 2176 2290 2231 offert
2314 2187 2365 2230 et

818 2265 1013 2320 fiscales
1034 2266 1233 2339 species
1265 2276 1319 2319 et
1352 2266 1601 2339 privatas.
1634 2266 1896 2320 Dominus
1929 2264 2071 2319 orbis
2110 2274 2366 2319 terrarum

817 2355 1103 2426 imperator
1126 2353 1494 2420 Constantius,
1521 2351 1703 2407 videns
1721 2352 1865 2426 quod
1890 2354 1965 2407 sic
1986 2352 2124 2407 utilis
2146 2362 2225 2406 est
2246 2352 2294 2405 ei
2316 2361 2370 2404 et

820 2439 1101 2506 exercitui,
1132 2450 1365 2493 montem
1419 2440 1711 2493 maximum
1750 2440 1939 2493 secavit
1977 2448 2031 2492 et
2078 2436 2346 2492 introduxi

2125 494 2405 556 Tons
2445 492 2670 553 oRBts

2447 614 2508 669 lis
2517 623 2570 667 et
2579 612 2903 685 Scythopolis
2920 622 2974 667 et
2989 611 3179 685 Byblus
3195 623 3250 667 et
3265 613 3390 685 ipse
3401 615 3632 669 civitates
3645 615 3981 673 industriose.

2447 700 2732 773 Heliopolis
2766 698 2970 755 Libano
3001 700 3165 754 monti
3202 700 3510 772 proximans
3535 702 3702 757 nutrit
3738 703 3984 775 puicu-r·-

2451 805 2558 841 mas
2582 786 2841 854 mulieres,
2862 804 2992 859 quas
3017 784 3334 841 Libanitidas
3351 786 3630 861 appellant.
3660 789 3988 844 Suntiterum

2448 873 2656 946 optimae
2679 872 2909 927 civitates
2934 870 3096 926 Sidon
3109 910 3126 938 ,
3148 872 3388 945 Sarepta,
3417 871 3721 940 Ptolemais,
3749 875 3986 931 Eleuthe-

2448 959 2641 1032 ropolis
2666 970 2718 1014 et
2741 961 3043 1014 Damascus.

2521 1049 2604 1105 31.
2646 1049 2910 1118 Quoniam
2937 1066 3062 1119 ergo
3087 1066 3150 1103 ex
3179 1062 3325 1122 parte
3349 1066 3508 1121 supra
3533 1048 3699 1103 dictas
3723 1047 3991 1123 descripsi-

2451 1154 2566 1190 mus
2592 1136 2848 1202 civitates,
2897 1136 3244 1194 necessarium
3290 1136 3422 1190 mihi
3463 1134 3696 1203 videtur,
3740 1147 3802 1190 ut
3839 1138 3994 1191 etiam

2450 1220 2698 1293 quidnam
2720 1240 3044 1295 unaquaeque
3065 1222 3242 1277 civitas
3260 1224 3537 1296 proprium
3561 1224 3750 1279 habeat
3767 1242 3994 1296 expona-

2454 1326 2596 1375 mus,
2625 1320 2686 1363 ut
2723 1310 2815 1382 qui
2853 1310 2978 1382 legit
2993 1349 3010 1377 ,
3045 1321 3238 1365 certam
3263 1329 3448 1366 eorum
3489 1312 3760 1367 scientiam
3807 1311 3998 1367 tubere

2450 1397 2631 1468 possit.
2655 1396 2982 1470 Scythopolis
3020 1399 3196 1469 igitur,
3238 1398 3518 1466 Laodicia,
3547 1399 3768 1473 Byblus,
3794 1401 3992 1471 Tyrus,

2451 1486 2671 1556 Berytus
2689 1485 2832 1538 omni
2847 1485 3329 1540 mundolinteamen
3343 1488 3612 1552 emittunt;
3624 1488 3836 1559 Sarepta
3853 1506 3995 1553 vero,

2454 1654 2676 1723 gloriosa
2719 1665 2773 1709 et
2809 1654 2960 1709 valde
2987 1656 3191 1711 nobilis.
3219 1656 3447 1729 Tripolis
3484 1667 3539 1711 et
3585 1658 3910 1731 Scythopolis
3947 1672 4003 1714 et

2452 1744 2646 1817 Byblus
2655 1757 2709 1800 et
2729 1746 2854 1818 ipsae
2871 1747 3102 1801 civitates
3121 1748 3176 1802 in
3199 1746 3455 1802 industria
3473 1750 3672 1821 positae.
3695 1750 3998 1823 Heliopolis,

2455 1859 2573 1913 quae
2614 1842 2938 1915 propinquat
2983 1843 3184 1898 Libano
3225 1846 3422 1911 monti,
3466 1846 3705 1900 mulieres
3747 1849 4004 1918 speciosas

2453 1935 2646 2005 pascit,
2668 1930 2796 2007 quae'
2810 1935 2953 2007 apud
2973 1953 3154 1989 omnes
3175 1936 3516 1991 nominantur
3535 1938 3858 1992 Libanitides
3872 1979 3887 2004 ,
3910 1939 4000 1993 ubi

2453 2031 2712 2084 Venerem
2753 2030 3024 2102 magnifice
3060 2031 3264 2097 colunt,
3289 2030 3476 2085 dicunt
3501 2033 3642 2085 enim
3664 2050 3778 2086 mm
3809 2033 3885 2085 ibi
3910 2032 4003 2086 ba·

2453 2120 2619 2175 bitare
2661 2132 2715 2175 et
2759 2119 3065 2176 mulieribus
3087 2122 3298 2192 gratiam
3326 2120 3663 2176 formositatis
3695 2120 3842 2179 dare.
3873 2124 4005 2178 Sunt

2454 2223 2628 2268 autem
2662 2215 2850 2268 iterum
2893 2214 3125 2268 civitates
3158 2223 3211 2268 et
3237 2215 3361 2286 ipsae
3403 2212 3596 2281 Sidon,
3619 2216 3861 2286 Sarepta,
3882 2217 4001 2269 Pto·

2455 2306 2630 2362 lemais
2643 2347 2661 2375 ,
2727 2307 3134 2380 Eleutheropolis
3149 2347 3165 2373 ,
3236 2309 3434 2379 optima
3482 2310 3719 2363 similiter
3771 2304 3838 2362 et'
3899 2312 4004 2364 Da·

2349 2448 2369 2491 t
2405 2431 2413 2471 ι
2456 2422 2678 2461 mascus.

820 2542 963 2579 mare
1003 2536 1055 2579 et
1097 2534 1315 2596 portum
1356 2522 1481 2577 fecit
1516 2542 1764 2595 magnum
1800 2534 1853 2577 et
1891 2523 2123 2589 bonum,
2162 2522 2255 2578 ubi
2279 2542 2368 2576 ve·
2405 2472 2413 2573 i
2528 2497 2613 2550 3¹·
2662 2498 2924 2565 Q⁰⁰¹³i²m
2970 2514 3094 2567 *3Ἦο
3139 2514 3205 2549 ⁸¹
3257 2506 3405 2568 Pm'te
3451 2495 3726 2567 l'ffl‘fi‘m¹²3
3774 2498 4006 2551 cmm&

818 2612 1020 2665 nieme,
1047 2629 1203 2664 ΜΝΞ
1224 2608 1550 2665 salvaremur
1572 2621 1625 2665 et
1651 2609 1824 2665 fiscale
1847 2627 1981 2664 om„
2006 2628 2113 2664 non
2150 2610 2364 2681 periret·
2405 2576 2413 2639 l
2456 2589 2820 2661 descripsimus
2844 2599 2897 2642 et
2931 2587 3160 2641 diximus
3176 2588 3256 2614 ¹⁸⁴¹*
3281 2589 3336 2640 in
3374 2586 3676 2641 linteamina
3713 2599 3838 2642 sunt
3878 2587 3958 2642 hoe
3985 2606 4002 2642 ι

822 2698 934 2770 (29)
968 2696 1173 2753 Deinde
1213 2698 1326 2752 aliae
1358 2696 1469 2769 jam
1508 2698 1741 2752 civitates
1781 2699 2003 2769 (omnes)
2050 2696 2273 2753 Ascalon
2317 2708 2370 2751 et
2456 2680 2804 2753 S⁰5²¹¹⁰P0¹i⁸2
2836 2679 3074 2745 Ludichs
3101 2678 3328 2751 Bybffls»
3362 2680 3537 2751 T5r¹¹⁸
3554 2717 3572 2744 ν
3599 2681 3853 2750 Berytus»
3888 2698 4006 2757 (ΒΨ

818 2789 985 2849 Gaza,
1012 2786 1245 2840 civitates
1271 2787 1559 2840 eminentes
1583 2796 1637 2840 et
1678 2786 1734 2839 in
1760 2786 1968 2856 negotio
2005 2784 2276 2839 bullientes
2318 2794 2372 2838 et
2457 2773 2736 2827 Ῑῖῦῑθᾶωθῦ
2768 2771 2914 2825 Οωῦἷ
2941 2770 3060 2825 orbi
3084 2780 3338 2824 “mmm
3379 2771 3625 2823 emittunt
3648 2779 3700 2822 ⁸²
3719 2780 3844 2823 ⁵⁰⁰²
3877 2774 4005 2825 emi·

820 2871 1143 2926 abundantes
1166 2871 1413 2925 omnibus
1429 2910 1444 2936 ,
1476 2872 1693 2925 mittunt
1731 2871 1878 2923 omni
1905 2872 2113 2941 negotio
2134 2870 2296 2943 Syriae
2319 2878 2378 2922 et
2460 2872 2638 2916 nentes
2663 2862 2720 2915 in
2740 2861 2886 2915 omni
2904 2859 3247 2926 abundantia3
3274 2860 3512 2913 similiter
3530 2870 3704 2914 autem
3725 2871 3778 2913 et
3797 2862 4008 2933 Sarepta

822 2958 1041 3029 AEgypto
1064 2958 1247 3010 vinum
1271 2956 1553 3027 optimum.
1578 2956 1694 3024 (3ο)
1720 2956 1960 3028 Neapolis
1982 2966 2036 3009 et
2062 2958 2173 3027 ipsa
2194 2956 2373 3009 civitas
2459 2963 2511 3006 et
2521 2953 2752 3006 Caesarea
2768 2961 2821 3004 et
2835 2950 3104 3021 Neapolis,
3124 2948 3388 3021 quomodo
3407 2959 3460 3003 et
3482 2947 3665 3021 Lydda
3681 2988 3697 3016 ,
3717 2966 4007 3021 purpuram

824 3112 917 3166 sed
956 3111 1196 3184 tetrapyli
1225 3130 1334 3165 non
1376 3114 1632 3165 meminit.
1660 3110 1819 3166 Aliud
1847 3109 2156 3181 tetrapylum
2186 3111 2376 3163 Noster
2461 3106 2556 3160 leri
2577 3106 2924 3178 Antiquitates
2958 3103 3288 3159 Antiochens.
3308 3122 3364 3177 p.
3393 3122 3476 3168 12,
3505 3116 3619 3162 not.
3645 3110 3696 3162 8.
3725 3108 3746 3177 Ι]
3769 3137 3843 3150 —-
3861 3112 3891 3178 S
3911 3126 4001 3181 29.

826 3189 1001 3244 laudat
1026 3189 1165 3243 inl'ra
1192 3193 1221 3257 S
1248 3191 1335 3243 38.
1360 3190 1441 3242 De
1467 3189 1581 3242 aliis
1606 3188 1869 3259 tetrapylis
1895 3204 1945 3243 v.
1973 3186 2163 3242 Odofr.
2188 3186 2379 3240 Miiller

830 3269 884 3321 in
924 3268 1185 3338 Antiquit.
1218 3266 1464 3322 Antioch.
1496 3286 1551 3340 p.
1580 3266 1666 3335 57.
1694 3284 1852 3319 unum
1889 3276 1941 3318 et
1980 3265 2191 3335 novum]
2220 3282 2377 3317 unum

832 3358 910 3399 ese
934 3363 1127 3399 novum
1153 3343 1277 3398 cod.
1306 3346 1371 3397 B.
1531 3348 1537 3353 '

907 3426 939 3489 S
963 3438 1052 3491 27.
1087 3424 1153 3475 In
1192 3422 1237 3473 B
1272 3420 1437 3475 codex
1471 3422 1581 3474 ita:
1608 3431 1892 3493 quemme!
1920 3419 2149 3493 ipsorum
2269 3419 2381 3473 sin·

833 3500 959 3567 1ιζιιία
976 3518 1166 3553 eorum.
1184 3499 1391 3553 Inclusa
1411 3498 1933 3570 addidi.ss-—adjuvit
1954 3498 2072 3569 (sic)
2098 3510 2150 3551 et
2162 3499 2378 3570 exercet]

839 3581 922 3634 An
946 3577 1148 3650 εὖπορεΐ
1157 3577 1242 3632 καὶ
1262 3576 1553 3651 ἔργάζεταιῖ
1576 3579 1601 3649 ΙΙ
1620 3580 1741 3647 —S
1763 3580 1853 3633 28.
1878 3575 2227 3649 Constantius]
2258 3580 2382 3631 Con·

836 3654 1107 3711 staulinus
1142 3674 1414 3730 perperam
1438 3654 1605 3710 codex
1642 3656 1698 3710 in
1728 3656 1785 3712 B.
1814 3656 2161 3726 Hieronymus
2182 3654 2381 3709 Chron.

840 3734 910 3789 ad
949 3753 1038 3790 an.
1077 3735 1180 3805 347
1199 3753 1257 3808 p.
1288 3735 1439 3800 Chr..
1468 3736 1758 3790 Constantii
1784 3752 1923 3788 anno
1944 3754 1975 3803 9
2005 3751 2019 3788 ε
2047 3732 2256 3803 Magnis
2280 3732 2382 3787 rei-

835 3813 1064 3885 publice
1091 3812 1336 3888 impensi-5
1374 3814 1430 3868 in
1461 3812 1690 3867 Seleucia
1722 3814 1882 3884 Srrioe
1920 3824 2110 3886 portus
2145 3810 2382 3885 effectus.

836 3890 1106 3944 Cedrenus
1128 3904 1261 3945 tom.
1297 3906 1321 3942 1
1339 3927 1355 3952 ,
1385 3906 1444 3959 p.
1470 3888 1576 3941 522
1604 3886 1692 3943 cd.
1719 3889 1890 3944 Bona.
1924 3905 1938 3942 ε
1967 3888 2051 3961 Τῷ
2074 3886 2107 3941 ι’
2138 3885 2237 3941 ἔτει
2264 3886 2402 3939 Κων-

836 3971 1062 4033 στάντιος
1086 3970 1176 4024 τὸν
1204 3967 1255 4024 ἔν
1282 3967 1551 4040 Σελευκείᾳ
1582 3970 1672 4035 τῆς
1697 3967 1869 4039 Συρίας
1898 3966 2079 4039 λιμίνα
2100 3964 2366 4034 πεποίηκεν
2383 4004 2400 4030 ,

840 4042 953 4112 ὄρος
988 4043 1072 4097 ἐπὶ
1103 4044 1237 4099 πολῦ
1276 4043 1545 4115 διατεμὼν,
1572 4043 1656 4098 καὶ
1681 4042 1771 4111 τὴν
1814 4044 1957 4099 πόλιν
1987 4043 2383 4117 ἀνῳκοδόμησεν.

838 4121 922 4177 Cf.
948 4122 1293 4195 Theophanes
1327 4140 1375 4189 1,
1412 4142 1468 4194 p.
1507 4124 1594 4193 57.
1624 4122 1875 4177 Libanius
1908 4125 1964 4176 in
1992 4123 2302 4178 Antiochino
2327 4142 2380 4195 p.

840 4200 942 4256 386
966 4218 979 4254 :
1002 4202 1109 4255 Τοῦ
1131 4206 1358 4274 ποταμοῦ
1381 4201 1433 4256 δὲ
1456 4200 1693 4269 ἐννοήσας
1713 4201 1800 4263 τὰς
1825 4200 1890 4264 εἰς
1915 4199 2005 4268 τὴν
2036 4202 2283 4257 θάλατταν
2307 4202 2385 4257 Ξκ-

838 4277 991 4342 sou<
1006 4319 1022 4344 ,
1050 4280 1264 4352 ἕλκομαι
1286 4280 1408 4351 πρὸς
1428 4278 1520 4347 τὴν
1540 4285 1627 4335 τοῦ
1654 4280 1855 4350 λιμένος
1880 4282 2099 4354 μνήμην,
2116 4282 2175 4335 ὃν
2198 4281 2294 4353 οὔχ
2312 4278 2384 4337 ὧν

838 4356 970 4411 εἶναι
994 4360 1157 4426 δοκεῖ,
1196 4359 1381 4414 τούτων
1410 4360 1681 4432 κηδόμενος
1704 4360 1733 4413 ὃ
1760 4366 1948 4432 κρατῶν
1988 4361 2379 4433 μετερρύθμισεν,

838 4436 973 4491 ἀλλὰ
1010 4439 1246 4510 τέτμηται
1276 4440 1363 4511 μὲν
1393 4438 1445 4494 ἓν
1483 4438 1779 4511 Σελευκείᾳ,
1806 4442 2039 4511 τέτμηται
2064 4439 2117 4494 δὶ
2155 4440 2272 4512 ὖπὲρ
2298 4446 2386 4509 τῆς

836 4517 1074 4590 ἡμετέρας
1105 4520 1203 4586 (sc.
1231 4522 1319 4585 τῆς
1346 4518 1659 4589 Ἀντιοχείας)
1685 4519 1908 4591 τοσούτῳ
1954 4525 2123 4591 χρυσῷ
2148 4520 2300 4591 λιμὴν
2331 4520 2385 4575 ἐκ

836 4598 1008 4667 πέτρας
1033 4598 1322 4667 γενόμενος,
1346 4598 1463 4650 ὅσον
1490 4598 1603 4652 etat
1628 4598 1825 4671 Κροίσῳ
1849 4599 1877 4652 ὁ
1899 4598 2166 4663 Πακτωλὸς
2183 4598 2382 4668 ἔθησαῦ·

837 4693 959 4745 ρισε.
1006 4676 1278 4747 Τοιγαροῦν
1328 4676 1495 4729 ἅπασα
1539 4678 1854 4748 πανταχόθεν
1902 4678 2091 4749 ἄγουσα
2108 4717 2125 4744 ,
2172 4678 2349 4747 Διόόης
2365 4716 2382 4742 ,

834 4752 1104 4823 Εὐρώπης,
1138 4752 1319 4817 Ἄσίας,
1352 4754 1543 4821 νήσων,
1582 4754 1822 4829 ἠπείρων,
1863 4758 2071 4811 καὶτῶν
2108 4756 2385 4829 ἑκασταχοῦ

831 4831 1116 4885 καλλίστων
1146 4833 1204 4886 τδ
1236 4832 1505 4887 κάλλιπον
1545 4834 1690 4907 δεῦρο
1732 4835 2021 4908 κομίζεται,
2052 4838 2141 4905 τῆς
2182 4834 2249 4900 εἰς
2292 4832 2384 4903 τὴν

829 4912 1008 4981 πρᾶσιν
1038 4909 1271 4978 ὀξύτητος
1300 4914 1504 4984 γνώμας
1542 4911 1773 4986 ἐμπόρων
1812 4917 1953 4989 δεῦρο
1996 4916 2261 4984 καλούσης,
2302 4916 2385 4971 καὶ

825 4994 925 5061 γῆν
954 4991 1149 5045 ἅπασαν
1171 4992 1237 5044 δι’
1266 4990 1415 5061 αὐτῆς
1442 4994 1755 5065 καρπούμεθα
1779 5016 1789 5028 ·
1822 4996 2033 5050 πλεῖστα
2054 4993 2115 5062 δὴ
2136 5002 2234 5051 τῶν
2265 4995 2384 5069 ὑπὲρ

824 5068 1069 5140 πελάγους
1091 5068 1425 5125 ἆπλωθέντων
1449 5070 1616 5126 ἱστίων
1646 5072 1798 5146 λιμὴν
1823 5070 1960 5138 οὗτος
1982 5075 2272 5129 συνέστειλε.
2301 5077 2382 5129 De

821 5159 984 5219 portu
1012 5148 1287 5216 Seleuciae,
1329 5152 1420 5222 qui
1448 5163 1560 5207 erat
1595 5164 1715 5207 ante
1753 5155 2040 5208 Constantii
2072 5172 2231 5227 opus,
2264 5154 2381 5207 vide

822 5229 1031 5282 Livium
1060 5230 1148 5295 33,
1182 5233 1270 5295 413
1295 5231 1650 5304 Appian.Syr.
1675 5251 1722 5287 c.
1754 5237 1807 5298 [ις
1829 5234 2000 5288 Caroli
2030 5233 2218 5289 Odofr.
2239 5234 2375 5287 Mal-

2465 3188 2543 3238 De
2579 3202 2639 3237 re
2668 3200 2718 3240 v,
2757 3182 2910 3237 Stark
2940 3187 3087 3236 Gaza
3110 3200 3165 3255 p.
3193 3186 3314 3237 562.
3351 3202 3523 3237 onmes
3567 3202 3671 3240 vox
3715 3188 3895 3242 nescio
3933 3207 4003 3243 an

2467 3271 2584 3315 nata
2637 3262 2700 3315 sit
2750 3278 2815 3313 ex
2859 3264 3090 3315 Iamnea.
3128 3262 3151 3331 ΙΙ
3184 3291 3257 3303 -
3284 3264 3373 3318 3ο.
3415 3263 3604 3336 nutrit]
3662 3264 3834 3319 mittit
3877 3268 4003 3324 (hv.

2465 3342 2528 3391 In
2563 3340 2606 3391 Β
2642 3335 2806 3390 codex
2834 3352 2848 3390 :
2877 3348 2929 3389 et
2975 3336 3093 3409 ipsa
3131 3337 3328 3392 civitas
3371 3340 3428 3393 in
3471 3339 3734 3395 industria
3785 3344 3997 3415 pas-ita,

2467 3425 2519 3468 et
2544 3433 2670 3470 mox
2706 3431 2720 3469 ε
2749 3413 3111 3471 Libanotidas.
3139 3416 3218 3469 De
3240 3418 3449 3471 Venere
3473 3417 3764 3472 Libanitide
3797 3418 3867 3477 cf.
3895 3422 4006 3475 Lu-

2467 3494 2602 3548 cian.
2633 3491 2773 3548 Adv.
2793 3491 3062 3547 indoctum
3090 3510 3138 3547 c.
3171 3493 3222 3559 3,
3246 3496 3327 3549 De
3351 3496 3494 3567 Syria
3517 3493 3614 3549 dea
3639 3513 3688 3551 c.
3722 3497 3776 3563 3,
3799 3497 4004 3553 Antho-

2469 3569 2571 3642 log.
2602 3569 2707 3625 vol.
2738 3588 2820 3637 11,
2840 3589 2895 3644 p.
2927 3574 3046 3643 1983
3076 3570 3178 3626 vol.
3213 3589 3295 3640 12,
3331 3592 3387 3645 p.
3422 3590 3506 3645 ¹93
3543 3573 3763 3629 Nonnus
3787 3580 3841 3641 4,
3874 3578 4000 3643 243.

2475 3658 2556 3717 16,
2597 3656 2719 3723 169.
2749 3668 2836 3718 2ο,
2867 3650 2986 3715 145.
3028 3651 3115 3716 31,
3153 3668 3274 3707 202.
3310 3652 3397 3719 33,
3441 3670 3562 3722 1703
3601 3653 3857 3709 Eusebius
3883 3657 3997 3713 Vit.

2469 3734 2739 3787 Constant.
2768 3732 2820 3785 3.
2851 3732 2936 3789 53.
2967 3729 3053 3796 56;
3082 3732 3312 3786 Socrates
3339 3749 3388 3801 1,
3419 3733 3914 3801 14;Sozomenus5,
3946 3756 4001 3808 93

2467 3810 2761 3865 Macrobius
2786 3811 2991 3863 Saturn.
3024 3826 3070 3872 ι,
3097 3809 3186 3875 23,
3221 3814 3304 3867 18.
3331 3811 3354 3881 ΙΙ
3378 3813 3528 3866 —In
3566 3813 3608 3865 B
3657 3824 3748 3865 :et
3765 3812 3914 3886 t‘psoe]
3953 3828 4005 3869 et

2474 3892 2594 3966 ipsa
2615 3892 2801 3947 codex.

2538 3974 2569 4040 ς
2596 3970 2682 4027 31.
2697 3974 2763 4025 Α.
2785 3970 3074 4042 linteamen]
3094 3969 3416 4025 literaturam
3430 3973 3556 4028 Car.
3588 3997 3611 4020 ι
3633 3974 3771 4027 Hinc
3791 3974 3999 4045 baphia,

2469 4047 2674 4103 linificia
2690 4090 2707 4114 ,
2746 4050 2972 4121 gynaecia
3013 4066 3108 4121 per
3131 4050 3382 4103 orientem
3416 4068 3534 4121 quae
3567 4063 3922 4106 memorantur
3949 4056 4002 4106 in

2467 4128 2662 4183 Notitia
2699 4130 2826 4201 imp.
2864 4129 3152 4193 orientalis,
3181 4128 3281 4183 sub
3329 4130 3667 4203 dispositione
3714 4134 3936 4187 comitis.
3972 4159 3997 4181 ι

2468 4207 2750 4263 Ges-nora.
2779 4209 2801 4278 ss
2822 4236 2894 4249 -
2909 4206 3184 4262 Nicolaum
3207 4226 3327 4261 νει-ο
3347 4208 3616 4281 palmulas
3637 4208 3820 4275 codd.;
3850 4211 4005 4269 Nico-

2470 4284 2665 4339 laorum
2687 4304 2808 4340 vem
2820 4284 3088 4360 palmulas
3113 4284 3258 4340 dedit
3281 4287 3408 4343 Mai.
3432 4289 3512 4341 De
3537 4288 3775 4360 palmulis
3812 4290 3920 4343 istis
3948 4310 4001 4345 v.

2469 4362 2675 4434 Fragm.
2703 4364 2902 4419 Hister.
2928 4362 2980 4427 3,
3009 4380 3065 4436 p.
3088 4364 3210 4429 343.
3239 4366 3266 4431 ΙΙ
3283 4368 3433 4420 -In
3451 4367 3494 4420 Β
3517 4382 3531 4419 t
3551 4369 3795 4441 Sumpta]
3815 4370 4004 4439 Sat-asa

2469 4438 2734 4511 (Σάραπτα)
2761 4440 2864 4495 hoc
2889 4440 3004 4495 loco
3029 4441 3212 4496 codex.
3244 4442 3438 4496 Orat-ia
3473 4444 3771 4499 Sarabdena
3806 4448 3861 4500 in
3893 4450 4006 4519 epi·

2469 4517 2596 4571 stola
2622 4518 2838 4573 Gallieni
2865 4517 3005 4591 apud
3028 4518 3250 4573 Trebell.
3279 4520 3566 4575 Pollionem
3593 4523 3649 4575 in
3671 4524 3774 4577 vita
3803 4524 3999 4577 Claudii

2468 4613 2523 4666 p.
2548 4600 2648 4652 208
2675 4598 2950 4649 memorari
2971 4615 3001 4650 e
3021 4596 3264 4652 Salmasio
3287 4610 3464 4653 monet
3483 4600 3855 4658 Gothosredus.
3889 4604 4003 4671 11-

2469 4675 2765 4746 alithinam]
2783 4674 3006 4729 altinum
3037 4675 3227 4742 codex;
3252 4696 3355 4732 em.
3382 4679 3631 4735 Gotbost.
3658 4681 3728 4733 V.
3756 4681 4002 4751 Ducange

2469 4772 2512 4807 s.
2541 4771 2590 4811 ν.
2623 4753 2866 4823 ἀληθινός.
2895 4754 3096 4808 Eodem
3127 4772 3280 4809 sensu
3309 4758 3464 4811 etiam
3493 4756 3680 4826 ἆληθής
3717 4776 3898 4812 vocem
3924 4757 4002 4811 lu-

2469 4832 2597 4887 dens
2631 4834 2902 4907 usurpavit
2941 4849 3224 4906 anonymus
3257 4845 3442 4890 auctor
3485 4836 3870 4908 epigrammatis
3883 4875 3898 4902 ,
3945 4838 4001 4889 in

2470 4914 2700 4967 Crameri
2728 4912 2921 4968 Anecd.
2951 4913 3113 4967 Paris.
3143 4922 3272 4969 tom.
3303 4917 3356 4979 4,
3402 4931 3456 4985 p.
3506 4914 3630 4982 333,
3670 4912 3736 4977 εἰς
3779 4912 3872 4982 τὴν
3921 4913 4001 4966 διὰ

2469 4993 2787 5063 κινναὸἀρεως
2815 4988 3070 5063 βασιλικὴν
3093 4990 3392 5063 ὓπογρωφήν·

2602 5144 2724 5201 Οίον
2749 5146 2808 5201 τὸ
2829 5152 3007 5217 χρῶμα
3021 5185 3037 5211 ,
3067 5146 3152 5217 χοῖ
3172 5146 3318 5218 λόγοι
3345 5150 3433 5200 τοῦ
3455 5147 3715 5202 δεσπότου.

2609 5225 2830 5299 Ῥήματα
2855 5226 2990 5281 ταῦτ’
3020 5225 3204 5295 ἀληθέα
3219 5267 3235 5293 ,
3256 5226 3462 5281 τοῦνεκα
3487 5229 3734 5300 χρώματα
3755 5233 3890 5283 τοῖα.
