4584 6284
1806 421 2157 485 ANAPLUS
2196 420 2520 483 Bosvont
2559 419 2904 483 THRAcu.
3882 434 3954 488 17

745 571 835 618 zer
858 563 1113 613 rationem
1138 556 1251 610 lieri
1278 554 1466 609 solent.
1484 554 1711 609 Videtur
1725 556 1867 608 enim
1879 572 1946 609 ex
1968 556 2099 608 mari
2126 552 2310 609 Adria-

751 650 859 701 tico
889 645 1065 700 fluxus
1096 642 1219 697 illuc
1250 639 1527 705 accedere,
1560 650 1615 694 et
1638 658 1704 694 ex
1733 640 1865 695 mari
1886 640 2192 713 Tyn-rhem,
2217 638 2306 694 sed

745 732 857 787 boc
886 741 1106 805 repente
1132 728 1349 783 crebros
1384 727 1607 781 vortices
1644 744 1675 781 a
1696 726 1837 781 nulla
1858 727 2009 783 nobis
2042 736 2308 800 perspecta

746 835 909 873 causa
936 817 1075 873 ciere
1094 826 1147 869 et
1170 830 1329 869 naves
1354 810 1573 885 perdere
1594 813 1923 885 perspicitur,
1952 830 2069 885 quae
2098 822 2306 885 propte-

752 916 841 954 rea
858 916 889 953 a
910 897 1082 971 poetis
1102 893 1353 949 dicuntur
1377 910 1408 947 a
1432 892 1697 965 Charybdi
1730 892 2015 947 absorberi.
2052 896 2159 963 Qui
2184 912 2308 948 vero

745 986 944 1042 -dicunt
982 985 1039 1039 in
1064 982 1201 1039 freto
1238 980 1412 1036 Siculo
1447 979 1609 1035 multa
1652 979 1764 1035 fieri
1799 990 1989 1053 preter
2012 981 2265 1035 rationem
2288 1018 2304 1046 ,

755 1066 919 1121 iidem
950 1072 1140 1139 putant
1164 1062 1389 1135 plurima
1414 1059 1669 1135 ejusmodi
1696 1070 1886 1133 praeter
1910 1061 2167 1115 rationem
2194 1060 2306 1115 fieri

749 1154 813 1207 'in
841 1149 1089 1205 omnibus
1126 1146 1269 1203 fretis
1304 1165 1369 1201 ex
1394 1146 1633 1219 proxima
1674 1146 1923 1217 utrinque
1962 1156 2131 1213 terra,
2160 1144 2308 1218 cujus

756 1232 1007 1304 angustiis
1034 1232 1181 1287 aiunt
1196 1247 1407 1287 cursum
1424 1230 1598 1285 fluxus
1620 1229 1675 1283 in
1704 1226 1959 1301 quasdam
1980 1230 2308 1285 necessitates

748 1318 874 1389 cogi
902 1319 1157 1373 rationem
1192 1334 1299 1372 non
1324 1316 1589 1373 habentes.
1620 1316 1979 1387 Quamobrem
2006 1320 2100 1373 etsi
2132 1318 2308 1373 fluxus

754 1400 947 1455 aFano
960 1398 1102 1453 Jovis
1123 1396 1191 1453 ad
1214 1396 1397 1452 urbem
1419 1398 1725 1469 Byzantium
1739 1395 1947 1451 videtur
1970 1395 2112 1461 ferri,
2134 1406 2304 1451 tamen

758 1494 943 1544 nemo,
969 1476 1242 1549 inquiunt,
1274 1486 1413 1531 recte
1442 1486 1633 1531 asseret
1657 1494 1803 1530 mare
1833 1474 2067 1546 AEgaeum
2097 1486 2151 1529 et
2170 1478 2308 1532 Pon-

755 1572 873 1617 tum
912 1562 1033 1617 illuc
1079 1560 1340 1629 desiner03
1379 1579 1607 1633 quorum
1648 1562 1951 1634 opinionem
1997 1560 2308 1617 confirmare

757 1645 1003 1702 videntur
1025 1648 1305 1721 piscatores
1344 1658 1535 1702 nostrae
1556 1648 1721 1702 aetatis
1758 1647 1948 1721 piscari
1982 1648 2038 1703 in
2068 1650 2308 1723 Bosporo

754 1732 907 1788 soliti.
946 1732 1015 1786 Hi
1052 1732 1193 1787 enim
1230 1741 1484 1787 testantur
1515 1736 1806 1805 Bosporum
1829 1733 2109 1789 immensos
2134 1737 2310 1807 gurgi-

750 1830 827 1875 tes
844 1828 897 1875 et
918 1822 1185 1891 voragines
1212 1819 1405 1875 habere
1420 1861 1437 1889 ,
1468 1838 1639 1894 neque
1656 1820 1875 1877 omnino
1896 1832 2065 1876 totum
2082 1824 2305 1897 Bospori

746 1906 954 1963 fluxum
978 1907 1120 1963 abire
1145 1908 1457 1981 Byzantium
1476 1948 1493 1975 ,
1527 1906 1620 1962 sed
1655 1905 1769 1978 ejus
1810 1906 2071 1981 quandam
2106 1922 2304 1983 partem

747 2010 991 2068 superam
1032 2005 1087 2049 et
1124 2011 1414 2059 summam,
1454 1993 1734 2047 hominum
1762 1993 1927 2048 oculis
1951 1996 2302 2067 perspicuam,

744 2100 813 2137 ex
840 2084 1011 2139 Ponto
1036 2080 1227 2137 deferri
1254 2082 1565 2155 Byzantium
1591 2098 1789 2148 versus,
1811 2081 2024 2137 alteram
2041 2102 2165 2139 vero
2190 2103 2310 2158 par·

750 2178 859 2223 tem
876 2168 1096 2225 inferam
1112 2206 1129 2233 ,
1182 2168 1522 2240 attingentem
1562 2167 1777 2236 vadum,
1808 2178 1992 2225 contra
2026 2170 2307 2228 decursum

750 2256 927 2327 superi
961 2264 1015 2309 et
1040 2254 1237 2310 summi
1276 2254 1467 2310 fluctus
1486 2256 1773 2329 procedere
1789 2298 1805 2325 ,
1838 2258 1897 2314 id
1920 2258 2065 2334 quod
2100 2261 2197 2333 ipsi
2228 2280 2308 2317 se-

744 2341 993 2411 colligere
1010 2338 1251 2395 dictitant
1281 2357 1345 2395 ex
1371 2359 1436 2395 eo
1450 2380 1467 2407 ,
1494 2340 1638 2413 quod
1665 2355 1941 2419 postquam
1963 2348 2094 2401 retia
2111 2345 2310 2419 dejece-

756 2436 883 2481 runt
915 2427 971 2480 in
992 2422 1311 2498 profundam
1338 2426 1664 2483 altitudinem
1683 2469 1700 2497 ,
1723 2446 1929 2505 semper
1948 2431 2016 2487 ab
2037 2434 2145 2488 imo
2166 2434 2312 2489 fluxu

746 2524 1017 2587 asportata
1033 2512 1275 2569 seruntur
1300 2532 1509 2571 sursum
1525 2516 1593 2571 ad
1614 2518 1819 2573 Fanum
1840 2536 2039 2576 versus.
2079 2546 2103 2569 ι

822 2599 953 2654 Vidi
980 2600 1370 2673 tempestatibus
1388 2602 1593 2673 navigia
1618 2602 1856 2661 dernema
1874 2623 2132 2681 nusquam
2162 2610 2314 2665 exsti·

750 2688 873 2743 tisse
900 2706 1071 2759 neque
1094 2706 1279 2744 eorum
1308 2700 1570 2759 vectore„
1599 2690 1745 2763 quod
1776 2706 2086 2766 argumento
2110 2710 2187 2753 ωε
2210 2700 2312 2754 1·oe-

748 2785 869 2830 tum
906 2774 1011 2829 boc
1040 2776 1298 2847 quosdam
1335 2775 1549 2848 abyssos
1585 2787 1640 2833 et
1682 2780 1953 2853 voragines
1988 2782 2181 2839 habere
2198 2824 2217 2852 ,
2254 2786 2312 2841 in

748 2878 977 2933 quarum
1029 2860 1363 2917 altitudinem
1416 2864 1694 2919 contradis
1736 2865 1986 2923 fluctibus
2028 2872 2312 2944 praecipitia

750 2956 969 3021 agantur
1010 2966 1071 3003 ea
1096 2966 1213 3019 quae
1238 2946 1636 3021 demerguntur.
1670 2949 1775 3007 Sed
1799 2951 1869 3007 de
1896 2950 1982 3009 his
2008 2958 2312 3032 utquisque

751 3033 917 3100 volet,
940 3032 1141 3107 judicet
1168 3051 1182 3087 ε
1216 3051 1312 3105 ego
1338 3044 1512 3089 tamen
1548 3038 1781 3092 Pontum
1810 3056 1909 3113 per
1928 3042 2229 3115 Bosporum
2254 3045 2312 3100 in

746 3120 1125 3195 Propontidem
1170 3139 1279 3177 non
1321 3121 1485 3177 modo
1536 3121 1789 3181 decursus
1827 3138 2109 3201 perpetuos
2132 3126 2310 3187 ‘medii

750 3206 879 3260 alvei
902 3217 1079 3261 tenere
1097 3246 1112 3271 ,
1136 3205 1228 3260 sed
1250 3209 1403 3261 etiam
1428 3206 1497 3262 ad
1524 3217 1695 3265 certos
1716 3210 1981 3267 anfractus
2013 3217 2310 3273 conversio·

752 3311 845 3348 nas
866 3304 1141 3368 perpetuas
1172 3296 1617 3369 sempiternasque
1640 3295 1901 3354 conficere
1930 3318 2053 3356 cum
2077 3322 2143 3357 ex
2164 3313 2312 3359 ante-

753 3378 907 3434 dictis
938 3380 1223 3453 petspicio,
1248 3391 1364 3435 tum
1392 3399 1459 3437 ex
1488 3382 1588 3437 illis
1610 3384 1808 3452 causis,
1834 3402 1983 3457 quas,
2008 3400 2067 3443 ut
2086 3390 2311 3461 probent

754 3465 997 3540 paludem
1022 3467 1320 3524 Meotidem
1338 3469 1699 3526 exsiccandam
1720 3490 1835 3527 esse
1859 3483 1915 3528 et
1937 3476 2165 3531 Pontum
2186 3496 2314 3535 con-

754 3572 963 3610 versum
992 3555 1059 3609 iri
1098 3555 1153 3610 in
1188 3554 1429 3629 paludem
1444 3596 1462 3624 ,
1502 3556 1718 3630 quidam
1758 3558 1986 3617 afferunt
2000 3602 2017 3629 ,
2058 3566 2309 3622 nimirum

755 3640 1141 3697 multitudinem
1162 3643 1437 3700 fluminum
1455 3649 1880 3718 exaggerantium
1892 3660 1945 3704 et
1960 3648 2311 3711 differentiam

757 3726 1011 3783 vadorum
1035 3745 1127 3784 :ex
1147 3729 1231 3784 bis
1252 3731 1393 3786 enim
1420 3733 1591 3787 causis
1609 3733 1812 3788 Pontus
1834 3735 1967 3790 mihi
1992 3738 2168 3810 potius
2188 3742 2312 3797 assi·

754 3811 870 3869 duo
916 3812 1143 3870 decursu
1186 3814 1495 3872 defluxurus
1530 3836 1626 3891 per
1660 3820 1960 3893 Bosporum
1978 3862 1995 3887 ,
2024 3842 2185 3897 quam
2218 3840 2312 3883 aut

762 3900 967 3954 Maeotis
984 3900 1042 3954 in
1070 3910 1265 3955 terram
1284 3940 1299 3969 ,
1324 3912 1417 3956 aut
1430 3904 1631 3958 Pontus
1656 3906 1713 3959 in
1745 3906 1989 3979 paludem
2007 3924 2314 3971 converten-

748 3983 861 4039 dus
899 4002 1011 4040 esse
1044 3983 1273 4057 ridetur.
1324 3989 1524 4043 Dicunt
1567 3990 1709 4046 enim
1755 4004 1801 4057 7,
1832 3998 2213 4067 permeantium
2254 4001 2312 4055 in

748 4070 929 4125 alveos
956 4071 1237 4126 fluminum
1260 4071 1597 4131 multitudine
1616 4094 1737 4133 cum
1763 4077 1962 4135 humor
1990 4084 2316 4143 continenter

750 4167 1025 4229 augeatur,
1054 4175 1155 4212 nec
1184 4156 1397 4214 aliunde
1432 4162 1633 4217 exitum
1672 4162 1890 4233 babeat,
1928 4186 2137 4225 necesse
2168 4170 2280 4228 fore
2292 4213 2312 4242 ,

747 4255 1050 4314 excrescat,
1083 4255 1144 4300 ut
1168 4246 1383 4303 tand-
1407 4248 1585 4305 efferri
1612 4268 1710 4324 per
1738 4254 1870 4308 «istis
1903 4266 2122 4327 cogatur
2150 4274 2166 4313 z
2194 4276 2316 4333 pro-

752 4340 1035 4406 ptereaque
1068 4334 1205 4388 coeni
1238 4350 1515 4408 arenaeque
1552 4346 1607 4391 et
1632 4337 1849 4412 reliquae
1876 4343 2109 4399 mater-ize
2146 4345 2318 4402 multi-

2397 569 2508 605 rem
2541 561 2596 605 et
2621 568 2717 623 per
2756 552 2890 605 ostia
2919 553 3063 607 exire
3089 552 3328 607 futurum
3351 554 3422 608 sit
3451 572 3691 623 necesse,
3724 557 3962 611 tandem·

2397 653 2502 708 que
2541 634 2844 690 Meotidem
2878 636 2936 689 in
2979 646 3168 691 terram
3189 676 3206 704 ,
3249 648 3302 693 et
3348 641 3578 695 Pontum
3623 642 3678 695 in
3715 641 3959 715 paludem

2395 740 2708 777 conversum
2753 721 2842 777 iri.
2891 723 3028 777 Nam
3067 722 3214 797 quod
3247 722 3316 779 ad
3363 725 3662 783 Meotidem
3703 730 3958 803 pertinet,

2396 807 2699 864 Aristoteles
2723 807 3036 879 (Meteon-ol.
3069 825 3090 863 t
3111 848 3127 877 ,
3159 812 3222 875 ¹4
3253 819 3294 864 t.
3319 810 3378 875 3,
3403 828 3460 883 p.
3489 811 3588 883 573
3619 812 3708 869 ed.
3755 814 3954 891 Didot)

2397 892 2556 949 tradit
2576 891 2690 967 ejus
2712 892 2912 949 vadum
2941 895 3342 966 exaggeratione
3365 912 3554 951 eorum
3568 936 3586 965 ,
3615 916 3732 969 que
3755 900 3960 957 assidua

2396 979 2710 1037 deseruntur
2753 999 2788 1035 a
2831 981 3160 1048 fluminibus,
3196 983 3510 1051 excrevisse,
3561 995 3622 1041 ut
3663 1004 3818 1043 naves
3865 1006 3961 1046 sua

2395 1080 2546 1125 etate
2595 1070 2766 1125 multo
2806 1070 3036 1125 minores
3093 1088 3255 1142 quam
3297 1087 3440 1126 anno
3483 1082 3606 1127 ante
3641 1078 3960 1145 sexagesimo

2395 1165 2626 1227 quaestus
2661 1156 2828 1227 gratia
2861 1156 2919 1210 in
2952 1154 3256 1211 Moeotidem
3289 1154 3708 1229 ingrederentur.
3757 1162 3959 1217 Maeotis

2395 1244 2538 1297 enim
2550 1281 2568 1310 ,
2593 1252 2658 1297 ut
2675 1241 2924 1317 Polybius
2945 1244 3026 1314 (1.,
3046 1262 3096 1299 c.
3117 1245 3206 1309 ho,
3233 1245 3354 1317 58)
3375 1244 3482 1313 ait,
3499 1242 3610 1317 jam
3628 1246 3822 1326 repleta
3847 1258 3927 1305 est
3941 1288 3958 1316 ,

2395 1338 2448 1383 et
2464 1326 2712 1383 altissima
2728 1326 2841 1400 ejus
2861 1345 2984 1401 pass
3007 1330 3240 1401 quinque
3273 1328 3355 1385 vel
3377 1329 3447 1384 ad
3471 1348 3742 1387 summum
3757 1345 3960 1407 septem

2399 1414 2536 1469 ulnis
2558 1412 2710 1470 altior
2742 1432 2852 1469 non
2879 1425 2977 1471 est.
2999 1416 3168 1471 Miror
3197 1418 3337 1472 intra
3357 1418 3734 1490 sexagesimum
3761 1438 3958 1479 annum

2397 1496 2650 1571 majorem
2704 1500 3153 1573 exaggerationem
3198 1500 3386 1558 factam
3426 1521 3539 1559 esse
3577 1522 3738 1578 quam
3767 1505 3962 1563 abhinc

2395 1596 2545 1640 aetate
2568 1585 2859 1642 Aristotelis
2889 1596 2944 1641 et
2966 1586 3190 1661 Polybii.
3219 1586 3352 1641 Nam
3377 1600 3552 1645 naute
3579 1600 3770 1647 nostre
3797 1595 3962 1649 aetatis

2395 1682 2654 1729 testantur
2672 1673 2915 1731 similiter
2929 1674 3104 1731 adbuc
3131 1674 3326 1730 bahem
3358 1687 3559 1749 septem
3583 1678 3753 1735 ulnas.
3782 1679 3962 1750 Quid?

2397 1760 2546 1833 quod
2571 1762 2774 1817 ratione
2787 1802 2806 1830 ,
2835 1779 2943 1836 qua
2965 1760 3328 1818 demonstrare
3355 1775 3618 1821 conantur
3641 1768 3874 1825 Pontum
3893 1786 3962 1827 ex

2398 1850 2740 1907 accumulatis
2783 1850 3072 1907 fluviorum
3123 1850 3604 1908 conces-rationibus
3649 1855 3961 1929 replendum

2403 1953 2546 2001 esse,
2589 1934 2773 1991 eadem
2823 1934 3052 2009 probare
3083 1954 3356 2012 possemus
3397 1954 3544 1993 mare
3585 1941 3856 1999 internum
3890 1961 3961 2001 ex

2395 2022 2550 2077 Ponti
2569 2032 2824 2097 perpetuo
2843 2022 3050 2079 influxu
3063 2022 3483 2096 exaggerandum
3495 2042 3625 2081 esse.
3665 2026 3801 2081 Nam
3815 2028 3962 2102 quod

2395 2106 2578 2165 dicunt
2599 2109 2798 2165 vadum
2825 2111 2984 2167 Ponti
3001 2112 3178 2166 minus
3205 2110 3370 2166 altum
3397 2130 3558 2185 quam
3577 2114 3740 2169 maris
3767 2114 3958 2187 AEgoei,

2396 2194 2594 2253 idcirco
2625 2196 2828 2253 tardius
2849 2199 3082 2254 Pontum
3117 2198 3360 2253 existimo
3389 2198 3631 2270 paludem
3668 2198 3780 2257 fore
3801 2220 3962 2277 quam

2398 2280 2442 2333 si
2475 2297 2663 2351 magna
2688 2280 2965 2337 altitudine
3003 2292 3164 2347 esset3
3205 2300 3328 2337 nam
3365 2292 3430 2337 ut
3463 2284 3744 2339 {luminum
3771 2286 3958 2342 lubrici

2397 2375 2672 2437 congestus
2695 2363 2892 2421 assidui
2919 2367 3188 2439 ponticum
3210 2366 3402 2424 vadum
3423 2369 3699 2425 sublimius
3715 2370 3960 2428 reddide-

2399 2450 2534 2517 rint,
2560 2452 2637 2506 sic
2669 2454 2870 2509 Pontus
2889 2454 2948 2506 in
2981 2452 3206 2509 sublime
3232 2453 3396 2510 elatus
3427 2453 3682 2512 declivior
3699 2455 3963 2515 delabitur

2400 2536 2456 2591 in
2477 2536 2707 2609 AEgaeum
2721 2578 2738 2605 ,
2759 2548 2814 2594 et
2834 2549 3032 2612 quanto
3053 2538 3178 2594 binc
3207 2552 3368 2614 atque
3384 2540 3528 2597 illinc
3556 2542 3619 2599 iit
3637 2546 3865 2619 pressior
3887 2558 3963 2604 at·

2401 2641 2505 2696 que
2527 2626 2817 2698 angustior,
2840 2636 2986 2683 tanto
3003 2626 3220 2684 celerior
3239 2630 3295 2684 in
3314 2630 3619 2705 Bosporum
3637 2631 3955 2693 devolvitur.

2401 2710 2564 2782 Quod
2586 2706 2704 2769 siin
2723 2716 2984 2771 minorem
3007 2715 3340 2773 altitudinem
3355 2718 3588 2790 AE'goeum
3605 2739 3752 2777 mane
3783 2722 3960 2797 depri-

2405 2808 2640 2855 meretur
2675 2818 2836 2873 quam
2863 2804 3089 2871 Pontus,
3123 2821 3189 2858 eo
3209 2814 3451 2877 putarem
3479 2808 3708 2862 Pontum
3742 2826 3960 2883 exagge-

2399 2884 2648 2939 ratiorem
2693 2883 2808 2942 fore
2821 2926 2839 2954 ,
2878 2888 3176 2961 repulsante
3219 2889 3379 2961 AEgaei
3415 2889 3550 2947 vado
3603 2892 3961 2952 eminentiori.

2407 2968 2560 3024 Adde
2582 2968 2728 3043 quod
2752 2982 3034 3046 antequam
3060 2976 3215 3030 Ponti
3234 2992 3304 3031 -os
3329 2986 3568 3051 apa-tum
3585 2988 3738 3047 esset,
3765 2978 3960 3039 facilius

2399 3057 2696 3128 exaggerari
2713 3056 2899 3114 debuit
2930 3060 3130 3115 Pontus
3151 3100 3168 3128 ,
3193 3080 3318 3117 cum
3336 3062 3571 3137 undique
3587 3064 3963 3125 circumclusus

2401 3151 2536 3195 esset
2568 3142 2870 3213 montibus;
2915 3152 2972 3199 at
3008 3155 3123 3201 tum
3153 3145 3374 3203 infinitis
3407 3148 3596 3204 seculis
3627 3165 3964 3223 exaggemtus

2399 3246 2508 3284 non
2526 3238 2624 3285 est.
2653 3231 2735 3284 Eo
2761 3232 2940 3285 minus
2960 3232 3375 3304 exaggerabitur,
3399 3252 3526 3289 cum
3547 3235 3737 3293 babeat
3757 3240 3958 3296 exitum

2397 3334 2668 3389 perquem
2705 3319 3038 3375 continenter
3059 3330 3262 3375 tantum
3297 3323 3463 3395 possit
3488 3321 3666 3380 efferri
3703 3337 3961 3398 quantum

2398 3400 2652 3469 infertnr;
2689 3420 2754 3460 ac
2775 3404 2822 3459 si
2843 3402 3038 3460 vadum
3059 3408 3223 3477 magis
3255 3405 3582 3477 allevaretur,
3613 3420 3788 3465 tamen
3813 3414 3962 3486 palus

2398 3506 2508 3545 non
2535 3487 2682 3547 fieret
2697 3511 2714 3559 ς
2739 3501 2802 3547 ut
2822 3494 2966 3547 enim
2997 3492 3125 3548 illud
3160 3493 3518 3563 extolleretur,
3555 3495 3629 3552 ita
3653 3498 3852 3553 Pontus
3876 3518 3959 3555 as·

2398 3588 2635 3650 surgeret
2651 3618 2669 3647 ,
2712 3580 3004 3653 prasertim
3052 3580 3270 3637 infinitis
3309 3582 3618 3639 fluminibus
3656 3596 3866 3653 auctus,
3909 3598 3963 3643 et

2401 3664 2752 3721 eminentibus
2779 3666 3048 3722 montibus
3075 3666 3298 3724 clausus.
3344 3672 3418 3725 At
3451 3670 3612 3725 maris
3637 3682 3825 3728 namra
3848 3683 3926 3728 est
3942 3712 3958 3739 ,

2398 3760 2460 3804 ut
2483 3766 2581 3805 sua
2616 3750 2670 3805 vi
2705 3751 2938 3825 spirabili
2963 3750 3163 3825 rejiciat
3193 3772 3254 3809 ea
3277 3771 3395 3827 quae
3425 3755 3748 3828 ingerantur.
3779 3760 3963 3833 Neque

2398 3834 2583 3891 eadem
2607 3838 2766 3892 maris
2793 3838 2930 3893 ratio
2952 3849 3030 3894 est
3051 3856 3170 3912 quae
3195 3838 3494 3909 fluminum,
3525 3853 3779 3915 quantum
3800 3846 3963 3919 perti·

2399 3932 2491 3977 net
2511 3920 2580 3976 ad
2605 3924 3074 3995 exaggerationem.
3113 3924 3208 3980 Illa
3243 3926 3388 3981 enim
3414 3928 3470 3982 in
3493 3928 3640 3983 ostiis
3669 3946 3820 3985 suam
3855 3933 3962 3987 vim

2400 4006 2716 4077 ostendunt;
2745 4008 2839 4065 scd
2863 4028 2987 4066 suos
3008 4028 3217 4083 aggeres
3239 4011 3398 4085 paulo
3421 4012 3556 4069 ultra
3589 4016 3722 4071 ostia
3745 4034 3961 4090 promo·

2402 4104 2557 4161 vent,
2589 4093 2673 4149 vel
2701 4112 2798 4149 sua
2839 4094 3217 4164 imbecillitate,
3255 4096 3339 4152 vel
3374 4098 3655 4172 repellente
3688 4101 3742 4156 vi
3783 4103 3959 4159 Ponti.

2403 4182 2484 4235 Ac
2509 4188 2716 4237 tantum
2753 4180 2926 4249 abest,
2967 4192 3028 4237 ut
3071 4184 3328 4239 ostiorum
3361 4188 3651 4259 exaggerati
3688 4203 3962 4262 congestus

2402 4266 2560 4322 Ponti
2594 4266 2730 4323 vada
2771 4266 2999 4323 efferant
3013 4308 3030 4337 ,
3072 4280 3135 4324 ut
3170 4272 3400 4327 Pontum
3413 4312 3430 4339 ,
3459 4273 3506 4332 si
3539 4270 3760 4332 fortasse
3801 4276 3960 4349 paulo

2403 4354 2758 4426 angustiorem
2804 4352 3027 4411 reddere
3046 4355 3280 4429 possint,
3310 4375 3376 4413 eo
3403 4358 3762 4417 violentiorem
3791 4360 3962 4419 iacere

752 4417 939 4476 tudine
954 4460 971 4489 ,
994 4438 1155 4493 quam
1180 4422 1513 4479 continenter
1530 4424 1797 4483 innumeri
1818 4447 1999 4486 amnes
2032 4431 2318 4491 defluentes
2405 4437 2633 4495 debeant
2666 4439 2734 4495 ad
2769 4442 3221 4497 transmittendam
3259 4442 3538 4501 fluminum
3573 4448 3846 4503 materiam
3879 4468 3963 4505 re·

756 4508 813 4563 in
834 4508 1131 4565 Meotidem
1149 4520 1204 4567 et
1220 4512 1451 4568 Pontum
1485 4510 1781 4582 devehunt,
1812 4516 1947 4573 adeo
1968 4518 2141 4576 alveos
2162 4524 2320 4579 Meo-
2400 4525 2590 4601 jectam
2611 4566 2628 4596 ,
2653 4538 2815 4602 atque
2838 4528 3280 4587 vehementiorem
3309 4529 3380 4587 ad
3414 4531 3547 4586 vada
3577 4534 3877 4591 excavanda
3904 4538 3961 4591 in

760 4596 883 4651 tidis
912 4608 965 4652 et
980 4599 1133 4654 Ponti
1152 4598 1491 4673 complendos
1522 4618 1653 4669 csse,
1680 4612 1743 4659 ut
1768 4606 2093 4679 superfluere
2125 4608 2316 4667 bumo-
2407 4614 2658 4687 majorem
2676 4614 3022 4674 altitudinem.
3055 4618 3164 4673 Cur
3189 4627 3269 4674 tot
3291 4618 3711 4675 laetas-immensa
3737 4622 3960 4693 prosun-

758 4702 3961 4747 Ἣ-

754 4768 894 4810 rum.
920 4760 1047 4825 Quoe
1070 4756 1235 4825 igitur
1250 4758 1548 4832 ratiosacit
1564 4774 1626 4817 ue
1646 4764 1871 4820 rivatim
1897 4784 2049 4842 aquoe
2066 4768 2131 4825 de
2148 4774 2316 4829 Ponto
2402 4774 2686 4831 introrsum
2714 4776 2928 4835 minari.
2959 4782 3036 4833 Et
3061 4777 3155 4833 hoc
3180 4796 3315 4853 soepe
3351 4796 3450 4833 usu
3471 4779 3756 4853 probatum
3791 4794 3871 4837 ese
3899 4796 3958 4835 ue

765 4835 943 4898 fluant
957 4876 973 4899 ,
1004 4852 1121 4891 cum
1148 4838 1297 4907 foris
1324 4840 1591 4909 influentes
1616 4860 1785 4917 aquas
1820 4849 2023 4903 Pontus
2045 4849 2319 4924 accipiat?
2395 4854 2643 4921 graviora
2659 4872 2870 4929 queque
2899 4855 3141 4925 infundo
3170 4857 3515 4931 Propontidis
3544 4858 3620 4913 ad
3639 4860 3801 4915 Ponti
3826 4861 3959 4915 inte·

760 4910 883 4967 Sed‘
909 4926 1118 4969 constat
1132 4940 1145 4949 ν
1168 4926 1384 4991 ueraque
1422 4920 1582 4978 ratio.
1634 4925 1779 4979 Nam
1809 4926 2108 4999 superficies
2157 4932 2318 4986 Ponti
2403 4929 2548 4986 riom
2561 4933 2850 5007 pelluntur.

744 5000 977 5064 propter
1010 4992 1209 5049 nimias
1243 5013 1409 5069 aquas
1451 5016 1566 5071 quoe
1602 4997 1666 5053 de
1701 5012 1841 5057 terra
1878 5001 2055 5061 dulces
2091 5006 2318 5075 influunt

2470 5026 2526 5081 7.
2553 5007 2756 5065 Dicunt
2779 5010 2947 5086 enim]
2969 5014 3040 5067 V.
3063 5012 3246 5086 Polyb.
3263 5019 3332 5088 -4,
3351 5018 3581 5093 36·sqq.;
3605 5018 3792 5075 Strabo
3813 5036 3869 5091 Ρ.
3894 5019 3961 5075 50

759 5068 907 5130 foras
927 5071 1121 5143 qlfhcit,
1149 5072 1385 5130 deorsum
1403 5095 1525 5132 vem
1546 5077 1683 5135 intro
1700 5082 1883 5155 pergit
1901 5081 2143 5154 influxio.
2174 5086 2320 5142 Unde
2396 5104 2502 5159 σιμ
2541 5089 2844 5151 Aristoteles
2869 5090 3136 5151 meteorol.
3183 5109 3231 5159 1,
3269 5102 3362 5165 τί..
3397 5120 3450 5170 2,
3485 5118 3509 5155 ι
3537 5111 3590 5155 et
3625 5116 3742 5173 quae
3763 5098 3964 5169 collegit

744 5148 1039 5221 probatum
1063 5161 1145 5205 est
1167 5152 1415 5209 natantia
1439 5174 1584 5229 quae,
1602 5167 1666 5211 ut
1690 5176 1854 5234 supra
1870 5158 1992 5216 dixi
2006 5203 2023 5227 ,
2036 5162 2318 5234 jaciuntur
2396 5168 2498 5224 alia
2523 5166 2711 5225 Ukert.
2737 5170 2934 5243 Geogr.
2956 5171 3009 5238 3,
3030 5188 3084 5239 2,
3102 5190 3158 5245 p.
3185 5189 3314 5245 172.

758 5227 817 5283 in
856 5231 1083 5283 Pontum
1098 5270 1115 5294 ,
1138 5229 1302 5299 forus
1324 5235 1461 5308 pelli
1472 5271 1489 5294 ,
1531 5238 1585 5292 si
1611 5255 1731 5293 vem
1763 5240 2001 5295 columna
2025 5239 2308 5311 deciderit,

965 5332 1133 5373 erosa.
1154 5336 1206 5374 ιι.
