4584 6284
705 464 823 518 550
2024 474 2704 551 CHRESTOMATfflAE

782 610 854 651 11.
899 588 1033 651 Ὅτι
1075 596 1110 663 ἠ
1156 594 1261 652 τῶν
1301 592 1542 655 Λατίνων
1568 594 1718 677 χῶρα
1748 599 1944 676 μεταξὺ
1972 605 2141 667 κεῖται
2169 612 2262 684 τῆς

698 699 755 737 τε
782 677 887 737 aab
903 682 1007 739 τῶν
1035 677 1266 741 Ὦστίων
1288 681 1553 764 παραλίας
1579 683 1735 767 μέχρι
1754 687 1955 758 πόλεως
1974 693 2263 773 Σινοέσσης
2347 716 2428 760 est
2459 659 2527 761 al)
2553 712 2712 766 Ostiis
2739 730 2910 789 usque
2947 720 3016 773 ad
3054 724 3352 783 Sinuessam
3397 732 3582 790 urbem
3613 748 3670 793 et
3693 692 3911 799 S’abinos

696 763 788 824 καὶ
810 770 903 838 τῆς
928 766 1180 840 Σαςςνης.
1210 766 1279 828 τὰ
1308 770 1355 829 δ’
1380 768 1579 832 Ὤστια
1612 771 1833 836 ἐπίνειόν
1862 779 1973 839 ἐστι
2018 778 2258 861 Ῥώμης,
2347 792 2444 847 sita
2474 804 2571 850 est.
2616 798 2860 857 Ceterum
2893 806 3047 905 ‘Ostia
3075 810 3222 867 urbis
3257 816 3440 915 llomae
3463 825 3645 879 navale
3677 838 3774 893 est,
3805 848 3908 903 qua

750 1046 819 1087 12.
838 1024 969 1090 Ὅτι
980 1028 1241 1112 Τυρρηνοὶ
1254 1032 1538 1092 καλοῦνται
1557 1032 1661 1094 ἀπὸ
1679 1038 1949 1121 Τυρρηνοῦ
1964 1047 2057 1104 τοῦ
2072 1041 2255 1116 Ἄτυος

686 1114 985 1187 στείλαντος
1010 1118 1070 1178 ἐκ
1087 1118 1285 1189 Λυδίας
1312 1118 1559 1190 ἀποίκους
1585 1126 1657 1193 εἷς
1696 1124 1793 1199 τήν
1820 1126 2003 1211 χώραν
2037 1132 2252 1210 ταύτην.

684 1206 845 1285 Λιμῷ
872 1204 975 1287 γὰρ
1000 1208 1035 1277 ἡ
1078 1205 1294 1289 Μῃονία
1320 1207 1575 1280 ἐπιέζετο·
1617 1213 1706 1271 καὶ
1744 1214 1831 1273 διὰ
1864 1220 2018 1278 τοῦτο
2044 1223 2073 1278 ὁ
2100 1219 2251 1292 Ἄτυς

684 1292 977 1373 βασιλεύων
998 1296 1141 1374 ἐκεῖ,
1165 1292 1519 1376 Ἡρακλείδης
1546 1294 1618 1359 ὢν
1649 1299 1754 1360 άπὸ
1782 1300 2082 1386 Ὀμφάλης,
2115 1310 2248 1383 ἠνα-

683 1380 887 1460 γκάσθη
908 1381 997 1443 τὸν
1022 1381 1119 1461 μὶν
1142 1382 1318 1465 ἕτερον
1338 1389 1445 1445 τῶν
1467 1386 1687 1462 παίδων,
1711 1390 1880 1453 Λυδὸν
1903 1393 2244 1472 καλούμενον,

684 1470 847 1530 αὗτοῖῖ
892 1479 1213 1553 κατασχεῖν,
1256 1470 1310 1543 ἐξ
1345 1464 1408 1533 οὗ
1438 1473 1531 1535 καὶ
1574 1479 1610 1548 ἡ
1647 1476 1800 1559 χώρα
1845 1481 2035 1543 Λυδία·
2082 1484 2173 1545 τὸν
2200 1488 2247 1547 δ’

682 1558 881 1641 ἕτερον,
908 1559 1183 1641 Τυρρηνὸν
1200 1606 1221 1637 ,
1261 1561 1467 1623 στεῖλαι
1518 1562 1653 1641 μετὰ
1675 1571 1767 1627 τοῦ
1792 1569 2040 1633 πλείστου
2079 1574 2207 1636 λαοῦ
2224 1620 2242 1656 ,

680 1642 738 1715 ὃς
764 1645 929 1708 ἐλθὼν
955 1646 1134 1730 ᾤκησε
1158 1646 1255 1719 τὴν
1285 1647 1337 1718 ἐξ
1366 1650 1526 1711 αὗτοῦ
1552 1654 1869 1733 Τυρρηνίαν.

762 1753 839 1795 11.
883 1732 1016 1798 Ὅτι
1044 1738 1092 1798 οἱ
1113 1735 1412 1818 Τυρρηνοὶ,
1448 1740 1711 1823 ἐπιφανεῖς
1736 1744 2029 1825 γενόμενοι,
2071 1752 2241 1814 πολλὰ

678 1820 862 1891 ἔνδοξα
888 1821 1119 1905 ἔπραξαν
1158 1823 1296 1887 ἄλλα
1326 1849 1387 1887 τε
1414 1827 1507 1889 καὶ
1533 1826 1650 1901 τοὺς
1676 1832 1922 1907 Γαλάτας
1938 1883 1957 1916 ,
1984 1838 2104 1909 τοὺς
2140 1841 2237 1917 τὴν

676 1906 899 1987 Ῥώμην
931 1914 1019 1974 ἐπὶ
1066 1913 1298 1997 Φουρίου
1340 1913 1633 1995 λαὸόντας,
1680 1923 2069 1999 ὑπαντήσαντες
2118 1930 2239 2012 περὶ

677 1999 945 2070 Σαὸίνους
970 2002 1437 2081 κατεπολέμησαν,
1469 2006 1561 2067 καὶ
1588 2005 1685 2067 ὅσα
1720 2011 1976 2093 χρήματα
2014 2016 2235 2081 ἑκόντων

674 2084 963 2167 Ῥωμαίων
1000 2088 1222 2167 ἔλαθον,
1262 2091 1444 2155 πάντα
1480 2096 1787 2174 ἠνάγκασαν
1833 2100 1949 2173 τοὺς
1992 2105 2237 2177 Γαλάτας

671 2174 897 2246 ἄκοντας
923 2178 1099 2240 δοῦναι
1115 2180 1283 2261 λύτρα
1307 2188 1411 2245 τῶν
1437 2184 1669 2248 ἁλόντων
1690 2191 1781 2249 ὑπ’
1807 2192 1997 2256 αὐτῶν.

752 2284 820 2326 14.
861 2264 993 2329 Ὀτι
1017 2266 1075 2327 τὸ
1092 2273 1221 2350 παρ’
1244 2269 1473 2355 Ὁμήρῳ
1488 2277 1816 2357 Πελασγικὸν
1832 2276 2017 2363 Ἄργος
2034 2288 2069 2358 ἡ
2094 2286 2230 2347 Θετ-

664 2354 827 2414 ταλία
845 2353 1076 2436 λέγεται,
1104 2356 1136 2413 8
1153 2359 1266 2419 ἐστι
1287 2360 1483 2438 μεταξὺ
1498 2366 1601 2424 τῶν
1628 2364 1859 2427 ἐκὸολῶν
1886 2374 1980 2429 τοῦ
2000 2372 2230 2447 Πηνειοῦ

663 2446 756 2504 καὶ
787 2450 891 2505 τῶν
921 2450 1286 2527 Θερμοπυλῶν
1324 2448 1423 2519 ἕως
1446 2454 1543 2525 τῆς
1568 2456 1767 2537 ἐρεινῆς
1792 2459 1887 2530 τῆς
1922 2456 2063 2518 κατὰ
2092 2462 2225 2522 Πίν·

660 2532 750 2591 δον
768 2576 785 2606 ,
828 2533 917 2595 διὰ
942 2534 1001 2595 τὸ
1028 2533 1252 2615 ἐπάρξαι
1276 2541 1382 2598 τῶν
1423 2540 1601 2602 τόπων
1627 2543 1824 2604 τούτων
1867 2544 1987 2615 τοὺς
2032 2549 2221 2611 Πελα-

661 2622 834 2699 σγούς·
872 2622 960 2683 τόν
986 2645 1044 2682 τε
1080 2622 1184 2685 Δία
1226 2624 1318 2684 τὸν
1344 2628 1655 2689 Δωδωναῖον
1678 2631 1919 2711 ὀνομάζει
1964 2629 2221 2719 Ὅμηρος·

660 2734 685 2762 ι
712 2711 817 2771 Ζεῦ
847 2710 980 2790 ἄνα,
1010 2713 1325 2791 Δωδωναῖε,
1372 2717 1489 2777 Πελ
1502 2716 1708 2797 ασγικί.
1744 2746 1768 2773 ²·
1808 2722 2009 2783 Πολλοὶ
2044 2724 2100 2785 δὲ
2128 2726 2220 2785 καὶ

656 2796 729 2857 τά
756 2797 1120 2881 Ἦπειρωτικὰ
1162 2800 1283 2876 ἔθνη
1328 2804 1644 2884 Πελασγικὰ
1671 2805 1943 2887 εἰρήκασιν
1967 2854 1987 2885 ,
2016 2814 2087 2880 ὥς
2128 2814 2220 2874 καὶ

652 2886 814 2969 με’χρι
833 2888 983 2968 δεῦρο
1010 2893 1114 2951 τῶν
1138 2892 1437 2969 Πελασγῶν
1457 2893 1810 2976 ἐπαρξάντων·
1830 2897 1965 2959 ἀλλὰ
1989 2901 2223 2970 καὶτοὺς

652 2974 870 3055 ὁμόρους
897 2980 1000 3037 τῶν
1034 2978 1088 3039 ἐν
1113 2980 1332 3059 Τρωάδι
1374 2981 1609 3043 Κιλίκων
1638 2980 1880 3065 Ὅμηρος
1911 2988 2218 3070 Πελασγοὺς

652 3062 829 3145 εἴρηκε
844 3110 861 3140 ,
881 3064 1079 3147 λέγων·
1108 3093 1133 3121 ι
1159 3067 1439 3139 Ἱππόθοος
1475 3070 1524 3130 δ’
1553 3071 1651 3152 ἄγε
1674 3076 1811 3153 φῦλα
1833 3076 2153 3159 Πελασγῶν.
2181 3102 2215 3141 a>

735 3171 807 3216 ιι.
850 3150 984 3215 Ὅτι
1002 3153 1124 3224 τοὺς
1148 3156 1460 3237 Πελασγοὺς
1484 3157 1571 3219 διὰ
1588 3157 1650 3218 τὸ
1675 3160 1949 3236 πλάνητας
1966 3154 2100 3225 εἶναι
2124 3166 2217 3227 καὶ

654 3238 803 3314 δίκην
844 3238 1035 3324 ὀρνέων
1076 3244 1349 3324 ἐπιφοιτᾶν
1397 3246 1477 3326 ἐφ’
1513 3244 1603 3313 οὓς
1644 3244 1796 3328 ἔτυχε
1834 3248 2021 3319 τόπους
2038 3296 2059 3327 ,
2087 3252 2217 3334 φασὶ

654 3327 963 3410 Πελαργοὺς
985 3328 1089 3389 ὑπὸ
1104 3333 1210 3389 τῶν
1234 3330 1484 3391 Ἀττικῶν
1503 3335 1780 3406 κληθῆναι.

734 3436 811 3477 10.
850 3413 990 3479 Ὅτι
1013 3420 1109 3492 τῆς
1139 3418 1442 3499 Τυρρηνίας
1468 3419 1531 3480 τὸ
1558 3418 1654 3499 μὲν
1684 3424 1879 3499 μῆκος,
1904 3415 1945 3504 ᾖ
1972 3424 2217 3505 μίγιστόν

656 3503 828 3577 ἐστιν,
863 3504 971 3565 ἀπὸ
1007 3503 1216 3577 Λοῦνης
1258 3502 1463 3575 πόλεως
1510 3506 1666 3588 μέχρι
1692 3507 1962 3585 Ὦστίων,
1992 3514 2216 3575 σταδίων

657 3590 928 3673 δισχιλίων
956 3590 1313 3653 πεντακοσίων
1328 3639 1347 3673 ,
1380 3593 1577 3664 πλάτος
1605 3595 1661 3655 δὲ
1684 3600 1782 3657 τοῦ
1810 3598 2030 3677 ἡμίσους
2065 3599 2219 3665 ἔλατ·-

653 3701 745 3740 τον
770 3679 832 3738 τὸ
854 3679 985 3761 πρὸς
1010 3688 1117 3747 τοῖς
1144 3678 1335 3762 ὄρεσιν.
1416 3678 1493 3743 Ἥ
1518 3681 1575 3741 δὲ
1598 3682 1778 3746 Λοῦνα
1797 3685 1959 3766 μικρὰ
1982 3688 2078 3767 μέν
2104 3692 2217 3752 ἐστι

654 3767 840 3845 πόλις,
865 3764 979 3848 ἔχει
1006 3766 1061 3827 δὲ
1086 3767 1275 3847 λιμένα
1306 3767 1557 3849 μέγιστον
1574 3771 1666 3832 καὶ
1690 3773 1999 3835 κάλλιστον·
2030 3774 2139 3859 ἔχει
2158 3778 2213 3840 δὲ

655 3855 896 3935 μέταλλα
922 3856 1065 3919 λίθου
1103 3859 1345 3921 ποικίλου
1376 3862 1567 3922 λευκοῦ
1595 3864 2063 3942 ὗπογλαυκίζοντος
2077 3912 2095 3946 ,
2120 3872 2209 3953 ἀφ’

651 3934 726 4004 ὄν
752 3942 821 4005 τὰ
849 3947 906 4007 ἐν
944 3943 1135 4028 Ῥώμῃ
1162 3946 1332 4030 ἐδάφη
1373 3948 1468 4009 καὶ
1502 3952 1551 4010 οἱ
1578 3950 1693 4013 ναοὶ
1738 3956 1788 4013 ot
1814 3954 2087 4018 κάλλιστοι
2124 3982 2211 4020 κο-

2375 1128 2388 1143 .
2417 1069 2500 1108 12.
2525 1056 2787 1129 Tyrrheni
2821 1064 3064 1137 appellati
3089 1080 3217 1125 sunt
3236 1089 3269 1126 a
3289 1026 3568 1147 'Pyrr-beno
3587 1084 3752 1155 Atyos
3776 1086 3906 1155 lilio,

2339 1147 2452 1201 ejus
2477 1135 2576 1206 qui
2619 1152 2651 1191 e
2688 1139 2856 1211 Lydia
2899 1143 3114 1201 colonos
3157 1148 3214 1202 in
3259 1150 3397 1209 banc
3422 1158 3694 1229 regionem
3743 1166 3904 1221 misit.

2339 1212 2520 1279 Quum
2547 1214 2690 1269 enim
2715 1216 2935 1275 Maionia
2957 1220 3094 1278 fame
3115 1242 3461 1299 premeretur,
3495 1238 3644 1309 Atys,
3673 1243 3766 1312 qui
3790 1252 3904 1299 tum

2338 1290 2648 1363 imperabat,
2671 1295 2738 1350 ab
2753 1298 2981 1355 Hercule
3002 1320 3068 1357 ex
3090 1305 3350 1380 Omphale
3371 1312 3653 1386 oriundus,
3677 1319 3904 1377 alterum

2336 1387 2367 1423 e
2387 1370 2508 1425 filiis
2539 1374 2748 1447 Lydum
2769 1381 2986 1435 nomine
3009 1382 3151 1455 apud
3173 1404 3230 1442 se
3251 1391 3479 1447 retinere
3503 1405 3716 1452 coactus
3743 1411 3842 1469 est,
3869 1422 3904 1457 a

2335 1466 2445 1521 quo
2470 1454 2810 1524 postmodum
2853 1460 3000 1531 regio
3041 1462 3212 1536 Lydia
3250 1478 3328 1522 est
3368 1472 3640 1544 appellata,
3679 1476 3901 1536 alterum

2336 1546 2462 1584 vero
2485 1532 2818 1604 Tyrrhenum
2853 1556 2975 1593 cum
3002 1557 3191 1613 magna
3217 1554 3367 1615 parte
3387 1552 3569 1623 populi
3596 1554 3897 1627 dimittere3

2335 1615 2426 1685 qui
2449 1633 2618 1688 quum
2643 1618 2700 1674 in
2723 1619 2927 1675 ltaliam
2945 1623 3190 1691 venisset,
3223 1628 3574 1700 Tyrrheniam
3593 1637 3844 1697 habitavit
3859 1620 3896 1698 'a

2331 1711 2388 1747 se
2411 1695 2489 1749 sic
2514 1693 2927 1756 denominatam.

2407 1773 2490 1831 13.
2529 1776 2738 1832 Etrusci
2766 1778 2994 1835 celebres
3019 1784 3332 1841 exstiterunt
3357 1808 3419 1845 ac
3439 1795 3696 1864 permulta
3723 1816 3894 1870 gesse-

2329 1871 2457 1915 runt
2478 1862 2768 1936 insigniter,
2799 1876 2914 1921 tum
2946 1868 3044 1923 alia
3061 1909 3077 1937 ,
3106 1881 3220 1926 tum
3261 1878 3407 1946 quod
3435 1879 3638 1949 Gallos,
3668 1887 3761 1962 qui
3789 1891 3897 1943 Ro·

2327 1964 2469 2003 mam
2493 1950 2594 2005 sub
2629 1953 2790 2008 Furio
2829 1953 3118 2032 [Camillo]
3159 1974 3439 2033 ceperant,
3493 1970 3632 2025 circa
3672 1974 3893 2033 Sabinos

2327 2048 2664 2093 occurrentes
2695 2038 3048 2109 debellarunt,
3077 2054 3133 2101 et
3157 2064 3320 2120 quam
3342 2051 3417 2106 illi
3461 2072 3497 2109 a
3521 2058 3773 2117 Romanis
3795 2082 3892 2120 vo·

2323 2120 2550 2178 lentibus
2569 2126 2850 2199 pecuniam
2883 2144 3222 2203 acceperant,
3253 2154 3371 2191 eam
3405 2156 3507 2212 pro
3527 2143 3893 2220 redemptione

2321 2213 2650 2284 eaptivorum
2675 2214 2742 2271 ab
2768 2218 2948 2273 invitis
2973 2230 3330 2280 extorserunt.

2394 2303 2480 2365 14.
2533 2302 2694 2377 Apud
2740 2307 3034 2363 Homerum
3085 2310 3410 2384 Pelasgicum
3470 2321 3642 2391 Argos
3689 2320 3887 2381 dicitur

2316 2386 2606 2455 Thessalia.
2629 2392 2766 2448 inter
2790 2396 2925 2451 ostia
2959 2399 3116 2453 Penei
3141 2410 3194 2455 et
3221 2401 3604 2481 Thoemopylas
3629 2426 3796 2483 usque
3816 2412 3884 2468 ad

2319 2488 2566 2533 montana
2590 2480 2768 2548 Pindi,
2794 2483 2943 2554 quod
2969 2486 3034 2539 iis
3058 2486 3186 2543 locis
3215 2490 3548 2563 imperarunt
3573 2498 3804 2571 Pelasgi;
3833 2514 3886 2557 et

2313 2564 2346 2615 J
2347 2580 2498 2619 ovem
2536 2564 2865 2623 Dodonaeum
2914 2571 3182 2628 Homerus
3225 2577 3450 2649 appellat
3503 2582 3828 2656 Pelasgicum
3864 2606 3883 2643 2

2320 2670 2344 2699 α
2395 2651 2508 2705 Rex
2556 2670 2592 2707 o
2639 2654 2672 2705 J
2673 2655 2885 2726 uppiter
2928 2657 3205 2715 Dodonaee
3252 2662 3534 2735 Pelasgice.
3569 2693 3594 2716 ι
3641 2669 3884 2746 Plerique

2309 2738 2466 2793 etiam
2500 2739 2793 2813 Epiroticas
2818 2754 2998 2815 gentes
3031 2746 3320 2820 Pelasgicas
3351 2754 3676 2825 appellavere
3690 2800 3705 2823 ,
3733 2762 3880 2832 quod

2309 2842 2374 2878 eo
2426 2844 2592 2899 usque
2626 2847 2772 2884 snam
2813 2832 3014 2904 Pelasgi
3055 2833 3316 2891 ditionem
3349 2840 3702 2912 protuleriut;
3743 2850 3874 2919 quin

2308 2920 2364 2965 et
2384 2929 2476 2967 eos
2501 2916 2594 2986 qui
2638 2916 2850 2971 finitimi
2877 2929 3004 2973 sunt
3035 2919 3258 2976 Cilicum
3287 2924 3346 2978 in
3383 2925 3592 2983 Troade
3611 2929 3880 2989 Homerus

2306 2999 2545 3073 Pelasgos
2570 3004 2825 3077 appellat,
2854 3007 3100 3079 inquiens
3123 3026 3139 3064 ε
3179 3035 3202 3057 ι
3229 3010 3567 3085 Hippothous
3601 3014 3756 3072 duxit
3781 3021 3874 3073 tri·

2307 3084 2409 3142 bus
2433 3089 2787 3163 Pelasgorum.

2381 3176 2467 3234 15.
2526 3178 2725 3252 Pelasgi
2773 3180 2843 3236 ab
2884 3182 3296 3239 Atheniensibus
3339 3185 3542 3259 Pelargi
3589 3190 3868 3263 (ciconia-2)

2306 3273 2432 3316 sunt
2478 3264 2716 3338 appellati
2729 3304 2748 3333 ‚
2799 3284 2969 3339 quum
3015 3286 3232 3325 errones
3274 3283 3445 3326 essent
3461 3312 3479 3342 ,
3523 3286 3681 3347 atque
3722 3294 3871 3335 mone

2304 3348 2481 3403 avium
2515 3368 2624 3421 quo
2649 3368 2762 3406 sors
2789 3365 3000 3409 voearet
3021 3355 3127 3409 huc
3151 3365 3310 3428 atque
3340 3358 3465 3412 illuc
3489 3376 3861 3419 commearent.

2382 3438 2470 3493 16.
2510 3437 2812 3510 Longitudo
2837 3440 3066 3497 Etruriae
3101 3444 3327 3499 maxima
3341 3483 3358 3511 ,
3378 3444 3447 3499 ab
3473 3446 3670 3519 oppido
3700 3451 3867 3505 Lunae

2304 3544 2473 3602 usque
2506 3530 2577 3585 ad
2614 3532 2789 3601 Ostia,
2830 3532 3124 3591 stadiorum
3166 3547 3248 3593 est
3282 3537 3473 3605 2,5οο;
3515 3539 3736 3597 latitudo
3762 3560 3862 3615 per

2303 3645 2556 3693 montana
2576 3634 2801 3696 dimidio
2827 3638 3026 3699 minor.
3097 3642 3195 3697 Est
3221 3652 3398 3698 autem
3435 3644 3586 3699 Luna
3613 3645 3862 3717 exiguum

2303 3729 2560 3803 oppidum
2575 3771 2594 3801 ,
2619 3744 2942 3808 portumque
2965 3734 3126 3791 babet
3165 3736 3458 3792 maximum
3492 3748 3546 3792 et
3567 3740 3862 3812 pulcherri-

2301 3845 2481 3897 mum3
2511 3831 2638 3886 item
2660 3831 2864 3886 fodinas
2881 3830 3038 3887 babet
3053 3831 3240 3906 lapidis
3265 3836 3394 3889 varii
3415 3834 3547 3902 albi,
3567 3836 3854 3909 subglauci,

2299 3944 2365 3981 ex
2391 3944 2500 4000 quo
2530 3931 2708 3984 Romae
2731 3930 3029 4002 pavimenta
3055 3940 3214 4003 atque
3235 3930 3433 4003 templa
3462 3944 3722 3989 ornantur
3737 3937 3857 4008 pul·

651 4040 925 4111 σμοῧνται.
1006 4038 1077 4098 Οἱ
1106 4037 1152 4095 δ’
1182 4034 1440 4111 Ἕλληνες
1461 4040 1678 4103 καλοῦσι
1704 4040 1792 4103 τὸν
1819 4044 2008 4124 λιμένα
2033 4046 2209 4121 Σελή-
2295 4022 2574 4081 “henim''
2647 4025 2815 4080 Graeci
2845 4016 2992 4080 hunc
3016 4034 3232 4098 ΡΟΓιιιιιι
3270 4026 3479 4082 &¹³¹oe
3517 4038 3732 4101 Pomm
3759 4048 3854 4090 ψ·

649 4144 744 4195 νης
767 4125 981 4202 λιμένα.

731 4230 805 4272 17.
846 4210 976 4274 *Ὅτι
999 4210 1106 4271 ἀπὸ
1125 4212 1328 4287 Λοῦνης
1350 4217 1424 4284 εἰς
1452 4213 1628 4277 Πίσαν
1650 4217 1855 4280 στάδιοί
1870 4221 1969 4280 εἰσι
1997 4220 2203 4291 πλείους

2290 4120 2505 4192 pellant.

2367 4234 2452 4287 17.
2473 4217 2519 4273 A
2546 4219 2696 4271 Luna
2720 4216 2864 4271 Pisas
2883 4233 3053 4289 usque
3079 4217 3230 4291 plura
3255 4230 3380 4273 sunt
3399 4236 3561 4290 quam
3589 4221 3848 4291 quadrin-

647 4301 753 4358 τῶν
780 4300 1151 4382 τετρακοσίων.
1236 4300 1307 4364 Ἢ
1358 4300 1414 4362 δὲ
1444 4301 1587 4364 Πίσα
1622 4305 1820 4385 κτίσμα
1851 4308 1963 4369 ἐστὶ
1993 4311 2099 4369 τῶν
2139 4312 2200 4371 ἐκ
2286 4341 2440 4403 genn
2489 4330 2671 4387 stadia,
2746 4332 2994 4387 ceterum
3036 4332 3170 4387 Pisae
3215 4350 3246 4386 a
3285 4332 3472 4388 Pisatis
3502 4333 3848 4407 Peloponnesi

646 4388 1052 4462 Πελοποννήσου
1083 4392 1331 4453 Πισατῶν
1345 4413 1360 4430 ·
1390 4390 1445 4451 οἳ
1489 4382 1643 4470 μετὰ.
1662 4396 1922 4479 Νέστορος
1953 4396 2200 4479 στρατεύ·

645 4478 914 4544 σαντεςέν
942 4478 1019 4559 τῷ
1044 4478 1211 4557 νόστῳ
1238 4477 1606 4553 ἐπλανήθησαν
1631 4480 1721 4542 καὶ
1748 4483 1944 4557 ταύτην
1972 4482 2068 4557 τὴν
2092 4487 2146 4548 Π

644 4582 743 4623 σαν
774 4563 1009 4625 ἔκτισαν.

724 4671 796 4713 1⁸.
841 4649 973 4713 Ὀτι
1025 4658 1053 4713 ὃ
1090 4654 1346 4735 Στράὸων
1399 4646 1503 4717 εἶδε
1543 4656 1660 4726 τοὺς
1702 4660 2071 4739 ἐργαζομένους
2104 4662 2192 4724 τὸν

636 4736 851 4820 σίδηρον
877 4740 968 4800 τὸν
1000 4743 1061 4802 ἐκ
1084 4746 1179 4815 τῆς
1203 4743 1451 4814 Αἰθαλίας
1482 4746 1641 4819 νήσου
1667 4749 1759 4820 τῆς
1796 4748 2017 4821 πλησίον
2049 4749 2190 4830 Κύρ·

638 4839 728 4876 νου
767 4820 1139 4900 κομιζόμενον.
1226 4824 1306 4885 Οὔ
1352 4822 1456 4905 γὰρ
1505 4824 1720 4887 δύναται
1766 4828 2191 4889 συλλιπαίνεσθαι

632 4904 1049 4986 καμινευόμενος
1072 4912 1128 4970 ἐν
1152 4915 1217 4992 τῇ
1242 4909 1387 4994 νήσῳ
1400 4958 1423 4990 ,
1453 4913 1721 4991 κομίζεται
1748 4914 1795 4973 δ’
1822 4914 1967 4986 εὐθὺς
1996 4918 2058 4976 ἐκ
2082 4920 2188 4977 τῶν

633 4992 911 5068 μετάλλων
958 4998 1031 5065 εἰς
1060 4998 1162 5071 τὴν
1190 4998 1424 5080 ἤπειρον.
1504 5002 1675 5063 Τοῦτό
1708 5026 1765 5062 τε
1807 5004 1871 5077 δὴ
1898 5003 2187 5085 παράδοξον

618 5229 673 5284 p.
716 5218 841 5282 218,
874 5220 946 5271 D.
985 5234 1120 5291 219,
1168 5226 1238 5276 A.
1290 5223 1314 5293 n
1342 5252 1416 5265 -
1458 5214 1638 5296 11.'p.
1674 5240 1795 5296 219,
1835 5229 1909 5281 A.
1944 5226 1965 5297 fl
1994 5256 2068 5268 —
2098 5242 2183 5283 12.

615 5308 672 5364 P·
704 5309 839 5364 219,
870 5299 974 5351 BC·
1011 5303 1034 5368 ss
1079 5329 1146 5341 —
1194 5301 1281 5357 13.
1311 5319 1365 5374 p.
1403 5319 1525 5369 220,
1566 5305 1631 5358 B.
1673 5303 1919 5378 ΦουρίουῙ
1958 5305 2183 5378 φρουρίου

2153 4484 2196 4545 γ’
2286 4448 2510 4505 conditae
2529 4448 2741 4503 suerunt
2755 4490 2771 4517 ,
2793 4451 2885 4523 qui
2912 4449 3013 4505 sub
3036 4451 3258 4505 Nestore
3282 4452 3563 4506 militantes
3595 4452 3652 4506 in
3673 4452 3848 4509 reditu

2281 4567 2390 4621 huc
2402 4565 2726 4631 aberrarunt,
2741 4575 2898 4639 atque
2917 4568 3062 4622 Pisas
3083 4565 3424 4625 edificarunt.

2358 4665 2442 4718 18.
2482 4661 2668 4717 Strabo
2697 4662 2828 4716 vidit
2853 4664 2947 4735 qui
2973 4661 3314 4717 elaborarunt
3359 4662 3560 4716 ferrum
3604 4662 3753 4735 quod
3783 4684 3844 4717 ex

2278 4749 2498 4805 AEthalia
2530 4758 2767 4822 portatur
2787 4748 2960 4804 insula
2984 4749 3162 4821 Cyrno
3204 4749 3396 4804 vicina.
3495 4748 3560 4802 Id
3591 4767 3760 4821 quum
3789 4751 3842 4803 in

2278 4834 2392 4907 ejus
2419 4834 2600 4890 insulae
2622 4834 2923 4890 fornacibus
2945 4836 3215 4907 coquitur,
3240 4836 3298 4889 in
3321 4852 3545 4889 massam
3574 4836 3840 4907 compingi

2276 4925 2492 4998 nequit,
2518 4942 2680 4997 quare
2699 4942 2730 4978 e
2765 4922 2960 4979 fodinis
2985 4923 3124 4978 illico
3159 4925 3214 4977 in
3257 4924 3612 4978 continentem
3643 4923 3821 4995 perfer

2276 5022 2386 5069 tur.
2460 5014 2642 5081 Quum
2678 5010 2807 5066 illud
2850 5010 3198 5067 admiratione
3219 5009 3440 5083 dignum
3460 5010 3619 5065 habet
3643 5010 3834 5077 insula,

2268 5223 2457 5282 codex.
2495 5224 2619 5295 11-
2653 5226 2735 5289 14.
2769 5240 2828 5297 p.
2863 5240 2997 5290 221,
3033 5229 3136 5281 Bc.
3179 5225 3202 5297 ΙΙ
3237 5254 3310 5267 -
3337 5223 3420 5278 15.
3457 5244 3512 5298 p.
3539 5242 3664 5289 221,
3689 5228 3760 5280 D.
3799 5226 3823 5272 Β

2266 5336 2339 5347 —-—
2368 5312 2450 5361 16.
2492 5324 2549 5384 p.
2588 5322 2710 5373 222,
2740 5308 2858 5360 AB.
2891 5308 2914 5377 fl
2946 5336 3019 5348 —
3045 5322 3135 5375 17.
3170 5323 3228 5377 p.
3269 5306 3393 5370 223,
3432 5309 3544 5361 AC.
3583 5307 3604 5375 ΙΙ
3640 5334 3713 5347 -
3741 5306 3803 5358 18
