4584 6284
636 568 714 619 48

630 686 907 763 Cyparode
954 684 1366 757 quadringentos
1408 701 1588 758 passus
1626 700 1931 756 progressus
1969 700 2089 737 sum
2124 681 2191 737 ad

628 776 843 831 alteram
876 774 1169 830 valliculam
1187 812 1203 837 ,
1242 790 1307 826 ex
1334 789 1442 843 qua
1474 788 1642 842 usque
1666 767 1735 825 ad
1760 778 1974 841 portum
2010 768 2195 823 Mulie·

628 880 751 917 rum
786 872 959 916 totum
984 860 1133 914 littus
1176 857 1439 913 excelsum
1466 868 1545 911 est
1588 866 1744 926 atque
1782 866 2105 928 praeruptum
2144 864 2196 909 et

628 965 845 1003 saxeum
862 988 877 1014 ,
898 946 956 1000 in
983 963 1093 1017 quo
1129 944 1240 999 sere
1273 953 1388 997 toto
1417 940 1660 995 videntur
1694 939 2035 995 fundamenta
2058 940 2194 994 anti·

628 1053 861 1111 quorum
890 1032 1256 1088 aedificiorum.
1296 1027 1429 1083 Inde
1455 1028 1675 1101 amplius
1702 1028 2011 1099 octingentis
2038 1028 2195 1101 passi-

628 1123 731 1181 bus
766 1121 1019 1177 consectis
1069 1137 1165 1192 per
1195 1134 1344 1172 oram
1384 1116 1697 1170 maritimam
1743 1114 1929 1169 leniter
1970 1132 2195 1188 pronam

631 1210 849 1287 perveni
890 1206 1002 1262 ad
988 1224 1153 1260 imam
1192 1204 1362 1259 tertiae
1402 1201 1649 1256 vallimlae
1686 1201 1987 1274 planitiem,
2033 1219 2065 1255 a
2090 1218 2195 1273 qua

632 1297 843 1353 circiter
878 1292 1137 1347 ducentos
1174 1307 1357 1363 passus
1396 1288 1541 1343 abest
1583 1290 1729 1341 sinus
1772 1286 2113 1341 Leosthenii'
2100 1306 2199 1341 ιιιι-

635 1384 792 1438 llum.

1054 1522 1205 1575 XIV.
1245 1522 1325 1573 De
1348 1518 1469 1573 sinu
1489 1517 1777 1573 Leosthene.

710 1702 867 1755 Sinus
899 1696 1243 1752 Leosthenius
1262 1694 1328 1749 ab
1350 1705 1475 1749 ortu
1500 1692 1621 1748 solis
1657 1692 1725 1747 ad
1749 1711 1992 1747 oceasum
2028 1696 2195 1767 porri·

638 1790 783 1860 gitur
807 1787 865 1841 in
888 1802 1137 1858 passuum
1176 1779 1555 1852 longitudinem
1590 1781 1797 1834 circiter
1832 1780 1973 1834 mille
1992 1791 2043 1833 et
2068 1797 2195 1851 qua·

638 1872 1062 1945 dringentorum.
1107 1866 1237 1940 Ejus
1278 1865 1500 1921 latitudo
1536 1866 1695 1919 varia.
1737 1866 1912 1919 Prima
1959 1866 2101 1920 enim
2139 1866 2194 1919 in

639 1960 775 2015 ostio
795 1968 939 2032 patet
959 1957 1015 2011 in
1039 1954 1370 2011 latitudinem
1388 1953 1545 2027 paulo
1566 1954 1737 2007 minus
1761 1962 1987 2024 quatuor
1998 1953 2193 2009 stadio-

638 2063 791 2113 rum3
838 2042 1015 2099 media
1053 2059 1163 2096 non
1197 2040 1459 2114 patentior
1488 2036 1695 2093 duobus
1747 2036 1955 2107 stadiis3
2001 2038 2193 2095 deinde

637 2133 833 2189 sensim
881 2140 1176 2186 coarctatur
1211 2131 1267 2183 in
1296 2145 1476 2201 passus
1503 2126 1783 2193 ducentos,
1828 2137 2093 2200 postremo
2138 2130 2193 2182 in

637 2220 763 2273 sinu
782 2218 970 2273 intimo
994 2226 1209 2271 centum
1243 2232 1353 2269 non
1390 2212 1617 2284 attingit.
1643 2213 1727 2267 Ex
1751 2212 1919 2268 tribus
1956 2215 2191 2287 partibus

638 2304 853 2361 excelsis
874 2302 1093 2359 collibus
1118 2302 1367 2374 cingitur,
1390 2300 1565 2370 itaque
1592 2297 1827 2371 undique
1849 2298 1919 2355 ab
1946 2303 2191 2357 omnibus

638 2392 808 2446 ventis
834 2390 1125 2445 tutissimus
1142 2398 1241 2456 est,
1261 2388 1417 2443 etiam
1448 2386 1519 2442 ob
1540 2386 1737 2441 oriente
1760 2386 2038 2456 flantibus3
2068 2408 2189 2445 nam

636 2477 928 2534 solstitiales
954 2476 1157 2551 repellit
1182 2494 1351 2531 cornu
1382 2474 1556 2530 lateris
1582 2472 1752 2528 dextri
1784 2476 2020 2531 eminens
2044 2478 2099 2531 in
2124 2480 2191 2532 si·

636 2582 738 2619 nus
762 2563 999 2631 aditum3
1044 2562 1274 2636 reliquos
1298 2562 1515 2617 orientis
1553 2570 1764 2626 ventos,
1792 2572 1854 2616 ut
1892 2562 2186 2630 debiliores,

634 2651 785 2707 facile
810 2650 1003 2723 frangit
1020 2668 1115 2706 ora
1134 2650 1355 2723 Bospori
1378 2650 1634 2717 Asiatica,
1655 2667 1775 2722 quae
1791 2648 1946 2705 editis
1968 2649 2187 2705 collibus

633 2740 949 2792 continetur.
996 2739 1077 2792 Ac
1114 2736 1157 2790 si
1185 2736 1240 2789 in
1292 2732 1525 2790 medium
1562 2736 1737 2790 sinum
1763 2735 1908 2789 vallis
1942 2736 2187 2791 intimum

628 2832 900 2896 penetrat,
934 2831 1108 2877 tamen
1136 2817 1205 2875 ad
1242 2830 1457 2893 portum
1496 2839 1604 2877 uon
1638 2819 1869 2893 adspirat
1910 2833 2187 2879 ventorum

628 2910 707 2963 vis
726 2908 799 2963 ob
819 2908 1069 2964 flexiones
1108 2907 1322 2963 vallium
1359 2906 1699 2980 objectusque
1722 2906 1937 2963 collium
1951 2948 1968 2976 ,
1994 2910 2187 2982 quihus

628 2996 721 3063 fit,
752 3006 813 3051 ut
837 2996 997 3051 etiam
1018 2996 1074 3051 in
1102 2994 1280 3050 medio
1325 2997 1447 3050 sinu
1478 2997 1843 3069 navigantibus
1876 2997 1921 3052 is
1944 3015 2010 3052 ex
2039 3009 2187 3070 parte

624 3084 769 3141 vallis
804 3084 1009 3141 clausus
1030 3102 1140 3139 esse
1166 3083 1421 3141 videatur.
1458 3082 1627 3140 Valde
1661 3096 1947 3157 portuosus
1976 3095 2055 3139 est
2070 3125 2087 3151 ,
2124 3096 2187 3140 ut

625 3191 785 3229 naves
804 3172 1047 3228 admittat
1084 3190 1253 3245 usque
1291 3170 1360 3227 ad
1406 3174 1695 3245 marginem
1722 3172 1912 3227 littoris
1950 3172 2022 3227 ob
2066 3190 2188 3245 pro-

625 3260 847 3317 fundam
879 3258 1213 3315 altitudinem
1264 3258 1498 3331 ejusdem
1546 3260 1683 3315 latus
1722 3259 1967 3314 dextrum
1980 3300 1997 3325 ,
2043 3260 2185 3332 quod

626 3350 733 3403 situ
759 3346 939 3403 differt
959 3365 992 3402 a
1009 3348 1169 3402 latere
1194 3348 1407 3401 sinistro
1419 3368 1435 3413 3
1457 3365 1581 3402 nam
1600 3347 1873 3402 sinistrum
1894 3346 1962 3401 ab
1976 3348 2111 3401 ostio
2134 3348 2188 3400 in

628 3432 1011 3504 longitudinem
1049 3431 1255 3486 circiter
1286 3432 1423 3486 mille
1458 3448 1705 3503 passuum
1743 3432 1903 3486 habet
1931 3432 2077 3485 littus
2102 3450 2187 3485 ex·

705 3628 802 3679 Fr.
849 3628 939 3689 40.
972 3624 1286 3696 Lasthenes]
1317 3621 1480 3693 Quod
1508 3640 1699 3677 nomen
1736 3624 1923 3677 attinet
1937 3662 1955 3689 ,
1997 3622 2067 3678 cf.
2099 3626 2198 3678 Aa·

634 3706 825 3774 σθίνης,
854 3702 968 3759 dux
991 3703 1365 3759 Thebanorum
1384 3744 1399 3770 ,
1430 3720 1515 3775 ap.
1538 3702 1765 3777 AEschyl.
1792 3704 1847 3757 in
1878 3704 2023 3775 Sept.
2052 3713 2195 3760 cont.

634 3783 808 3839 Theb.
840 3788 963 3839 602.
994 3784 1139 3838 Alios
1162 3782 1443 3837 hsthenoe
1478 3782 1635 3837 habes
1661 3784 1717 3838 in
1744 3783 1927 3855 steph.
1961 3783 2121 3838 Thes.
2150 3802 2193 3841 s.

636 3879 689 3918 v.
714 3861 867 3919 Idem
898 3880 1091 3916 nomen
1110 3879 1209 3935 pro
1236 3862 1507 3917 Casthenes
1528 3860 1669 3935 apud
1695 3862 1921 3918 Plinium
1939 3880 2196 3935 reponen-

633 3940 769 3998 dum
780 3952 877 4009 est,
896 3951 1144 3997 monente
1164 3941 1357 4015 Gyllio.
1376 3943 1548 3997 Iocus
1560 3952 1738 3997 noster
1752 3942 2023 4012 Δαοσθίνης
2044 3960 2194 3997 voca·

636 4022 800 4077 turin
825 4031 1055 4093 excerpt.
1078 4020 1407 4075 Salmasianis
1426 4022 1645 4075 Joannis
1660 4020 1978 4076 Antiocheni
2002 4023 2077 4091 (v.
2102 4022 2193 4077 Fr.

636 4100 777 4155 mat.
800 4104 855 4167 4,
870 4118 928 4173 p.
942 4100 1058 4163 548
1081 4109 1196 4154 ιιοι.
1221 4101 1265 4171 );
1284 4099 1607 4153 Δεωσθίνειον
1626 4115 1712 4172 ap.
1728 4097 1905 4172 Steph.
1927 4101 2052 4172 Byz.
2068 4116 2114 4155 ε.
2138 4116 2190 4158 v.

632 4176 1026 4243 Γυναικόςπολιςς
1042 4176 1313 4231 Σωσθένιον
1330 4176 1799 4250 (promtum),
1819 4197 1903 4252 ap.
1921 4181 2190 4251 Anonym.

634 4255 827 4330 Peripl.
858 4258 1015 4310 Pont.
1042 4258 1183 4311 Eux.
1210 4256 1293 4327 (t.
1325 4273 1374 4320 ι,
1393 4274 1451 4329 p.
1474 4254 1639 4330 424);
1667 4257 1925 4311 Joannem
1944 4255 2191 4313 Antioch.

633 4332 702 4389 fr.
740 4334 831 4399 153
862 4332 1514 4406 Cedrenump.210,153
1539 4336 1821 4390 Leontium
1845 4345 1898 4390 et
1919 4336 2193 4406 Agathiam

635 4415 693 4471 in
718 4414 1135 4488 epigrammatis3
1160 4414 1539 4487 Theophanem
1558 4432 1613 4488 p.
1638 4415 1742 4470 332
1764 4414 1930 4472 adan.
1953 4432 1979 4470 1
2002 4418 2195 4472 Leonis

637 4494 1116 4563 mammetem,
1128 4512 1217 4569 ap.
1228 4495 1541 4568 Malaiamp.
1556 4498 1646 4566 78,
1669 4512 1765 4567 19·
1751 4535 1768 4563 ,
1808 4498 2076 4555 sosthenes
2109 4516 2197 4571 ap.

633 4578 1066 4638 Victor.Tunens.
1082 4578 1136 4633 in
1151 4580 1426 4636 Anastasio
1440 4599 1456 4647 3
1471 4580 1797 4635 Sosthenense
1804 4586 2084 4654 privatum,
2102 4596 2188 4653 ap.

634 4662 928 4719 Marcellin.
968 4664 1247 4721 Comitem.
1290 4662 1443 4721 Adde
1486 4667 1752 4737 Anonym.
1785 4662 1981 4737 Peripl.
2020 4665 2087 4734 (t.
2140 4680 2189 4728 ι,

634 4760 693 4816 p.
705 4744 835 4814 422)
852 4740 1133 4798 :hautot
1148 4742 1299 4817 Ἱεροῦ
1314 4743 1381 4807 εἰς
1391 4743 1567 4817 λιμένα
1578 4744 1767 4815 Δάφνης
1782 4746 1869 4809 τῆς
1882 4742 2194 4814 Μαινομένης

632 4820 723 4878 τδν
749 4826 835 4877 νῦν
872 4821 1145 4896 λεγόμενον
1162 4822 1415 4893 Σωσθένην
1434 4823 1605 4881 στάδια
1639 4818 1713 4894 μ’,
1734 4820 1829 4876 ἀπὸ
1847 4820 1901 4875 δὲ
1919 4821 2196 4887 Σωσθένους

636 4902 703 4969 εἰς
723 4904 782 4962 rb
805 4906 1070 4969 Βυζάντιον
1106 4906 1278 4961 στάδια
1310 4905 1380 4964 π’.
1406 4908 1470 4961 In
1495 4906 1579 4960 his
1616 4906 1837 4979 Daphne
1858 4906 2195 4961 Mainomene

632 4994 713 5039 est
738 5002 804 5041 ex
823 4985 1037 5041 Arriani
1076 4984 1287 5059 Periplo
1308 4986 1361 5055 (5
1388 4984 1475 5056 37,
1516 5002 1573 5057 p.
1600 4984 1725 5060 4οι)
1758 4994 1985 5039 assumta
2009 4995 2064 5039 et
2081 5002 2197 5058 per-

632 5084 820 5142 peram
845 5086 971 5125 cum
997 5070 1253 5126 Sostheue
1278 5070 1586 5141 composita.
1628 5068 1903 5123 Rationem
1925 5069 2193 5125 Sosthenis

630 5147 865 5202 nominis
896 5146 999 5203 hac
1034 5149 1337 5203 narratione
1372 5143 1548 5201 reddit
1570 5148 1795 5201 loannes
1832 5146 2194 5202 Antiochen-,ts

629 5222 739 5293 (st.
774 5226 876 5293 15
904 5235 946 5281 2·
977 5230 1045 5293 4
1074 5244 1133 5301 Ρ·
1159 5226 1347 5298 548)·
1379 5222 1679 5298 ορμηιώθῑ
1700 5227 1811 5296 (90·
1838 5226 2189 5301 mmmm)

625 5300 717 5373 τὴν
741 5302 989 5374 Ποντικὴν
1012 5306 1299 5379 διαπερᾶσαι
1326 5304 1573 5360 Θάλασσαν
1594 5305 1679 5361 καὶ
1696 5304 1961 5379 φθάσαντες
1982 5305 2092 5380 περὶ
2106 5326 2193 5362 τον

628 5383 939 5460 καλούμενον
980 5386 1267 5456 Ἀνάπλουν,
1308 5386 1493 5461 ἔμαθον
1530 5388 1607 5443 ὅτι
1626 5386 1685 5443 rb
1716 5384 1886 5441 στενδν
1915 5385 2075 5442 ἰκεΐνο
2109 5390 2196 5456 τῆς

1862 551 2207 613 DloNst
2249 552 2617 615 ΒΥΖΑΝΤΠ

2282 684 2504 751 celsum,
2535 702 2761 757 praeceps
2797 696 2850 739 et
2883 698 3244 761 praerupnim3
3281 689 3408 744 inde
3435 708 3530 763 par
3561 692 3838 765 longitudi-

2282 787 2404 823 nem
2431 768 2932 842 quadringentorum
2958 790 3206 846 passuum
3237 775 3507 847 planitiem
3534 780 3836 834 intermittit

2282 866 2550 925 angustam
2596 857 2842 928 quidem,
2895 860 2986 913 sed
3033 860 3200 915 hortis
3251 873 3306 916 et
3330 862 3562 919 edificiis
3605 865 3834 938 plenam.

2281 946 2538 999 Dextrum
2571 945 2704 1000 latus
2733 947 3000 1018 planitiem
3039 951 3356 1004 maritimam
3391 950 3549 1006 habet
3565 992 3582 1019 ,
3618 953 3838 1009 aedificia

2284 1028 2642 1086 admittentem
2663 1032 2974 1106 hortosque,
3000 1034 3144 1106 quod
3169 1054 3200 1089 a
3227 1037 3426 1091 Graecis
3451 1036 3716 1093 habitatur
3735 1038 3842 1093 fre·

2282 1118 2462 1189 quenti
2490 1119 2636 1185 vieo,
2665 1130 2772 1174 tam
2791 1119 2954 1173 ferme
2981 1119 3138 1193 longo
3164 1140 3322 1194 quam
3349 1124 3524 1195 ipsum
3559 1124 3698 1179 latus
3721 1124 3838 1181 lou·

2283 1221 2408 1275 gum
2439 1216 2535 1259 est.
2568 1206 2730 1259 Turci
2752 1207 2998 1261 intimum
3025 1226 3288 1263 recessum
3316 1210 3564 1265 accolunt
3591 1210 3840 1285 frequen·

2284 1292 2406 1345 tiori
2441 1292 2556 1347 vico
2575 1333 2590 1357 ,
2636 1294 2738 1347 sito
2783 1295 2840 1347 in
2885 1295 3145 1349 maritima
3185 1295 3400 1368 planitie
3429 1296 3572 1353 vallis
3609 1299 3676 1353 ab
3717 1310 3841 1355 ortu

2281 1376 2404 1431 solis
2428 1377 2497 1432 ad
2527 1396 2770 1434 oceasum
2795 1381 3148 1445 excurrentis,
3190 1381 3338 1453 cujus
3383 1384 3492 1438 ima
3515 1384 3757 1456 planities
3783 1387 3840 1439 in

2282 1476 2554 1538 pratorum
2591 1468 2851 1539 pastiones
2883 1467 3076 1523 diffusa
3089 1508 3104 1535 ,
3134 1470 3306 1525 cincta
3337 1472 3588 1544 utrinque
3617 1472 3842 1528 collibus

2282 1556 2467 1609 vitium
2501 1554 2822 1627 aliarumque
2849 1556 3096 1611 arborum
3131 1556 3522 1614 fructiferarum
3547 1560 3808 1617 feracibus
3819 1582 3836 1628 3

2280 1661 2314 1698 a
2337 1642 2458 1697 sinu
2491 1641 2827 1716 progreditur
2861 1642 3048 1698 librata
3083 1644 3240 1716 paulo
3267 1645 3489 1719 amplius
3514 1646 3596 1702 his
3619 1648 3760 1703 mille
3786 1658 3840 1703 et

2282 1730 2537 1786 ducentos
2557 1748 2738 1803 passus
2753 1771 2770 1799 ,
2807 1748 3066 1804 nusquam
3086 1734 3316 1788 strictior
3335 1745 3547 1789 eentum
3580 1737 3836 1809 passibus,

2281 1836 2453 1891 neque
2475 1820 2630 1875 latior
2653 1818 2918 1887 dueentis3
2950 1821 3006 1873 in
3043 1820 3173 1875 duas
3203 1819 3327 1875 inde
3363 1821 3518 1876 valle·
3561 1822 3838 1891 dividitur,

2283 1915 2528 1978 utrasque
2546 1904 2874 1961 tantumdem
2910 1903 3020 1960 fem
3044 1906 3252 1978 longas,
3298 1924 3363 1961 ex
3391 1908 3586 1979 quibus
3610 1910 3712 1963 rivi
3747 1909 3842 1964 de-

2280 1990 2570 2059 scendunt,
2601 1993 2694 2065 qui
2727 1992 2884 2048 simul
2928 1990 3218 2065 conjuncti,
3254 1994 3404 2049 omni
3443 1994 3570 2048 anni
3603 2006 3843 2068 tempore

2280 2098 2534 2153 perennes
2559 2097 2658 2153 per
2677 2078 2906 2135 mediam
2933 2078 3078 2134 vallis
3109 2078 3374 2151 planitiem
3395 2078 3637 2134 defluunt
3657 2082 3714 2136 in
3735 2100 3844 2137 me·

2278 2167 2431 2223 dium
2447 2170 2622 2223 sinum
2639 2167 2890 2223 intimum
2907 2208 2922 2234 ,
2952 2168 3246 2222 emittentes
3279 2167 3636 2239 profluentem
3671 2170 3728 2223 in
3755 2171 3827 2225 al·

2278 2274 2376 2309 veo
2396 2256 2692 2326 angustiore
2713 2255 2960 2325 exiguum
2979 2252 3194 2325 quidem
3226 2255 3325 2321 (ut
3342 2254 3435 2327 qui
3463 2273 3669 2310 summa
3694 2266 3844 2311 aetate

2278 2342 2534 2397 circulum
2558 2340 2774 2413 implere
2798 2341 2962 2413 possit
2977 2340 3124 2395 haud
3149 2340 3318 2395 multo
3349 2343 3702 2413 patentiorem
3734 2343 3840 2398 cir-

2277 2432 2426 2485 cuitu
2453 2427 2856 2501 sesquipedali),
2894 2439 3251 2483 verumtamen
3279 2428 3451 2501 major
3472 2441 3626 2502 esset,
3655 2431 3840 2486 nisiex

2275 2518 2388 2591 ejus
2415 2518 2647 2573 fontibus
2667 2534 2830 2590 opere
2847 2517 3188 2572 subterraneo
3214 2516 3280 2570 ad
3301 2517 3578 2571 hominum
3600 2518 3845 2589 potiones

2274 2616 2330 2660 et
2370 2605 2574 2659 lavacra
2609 2603 2960 2659 deduceretur
3001 2606 3058 2659 in
3098 2604 3276 2659 vicum
3318 2605 3714 2669 Leosthenium,
3744 2623 3843 2679 per

2278 2708 2438 2765 quem
2463 2689 2700 2745 medium
2723 2690 2914 2745 fluvius
2949 2690 3144 2763 partim
3167 2688 3332 2744 salsus
3354 2688 3634 2758 delabitur,
3655 2702 3843 2747 auctus

2274 2796 2340 2832 ex
2357 2794 2565 2833 recessu
2599 2777 2745 2832 sinus
2783 2786 2906 2831 octo
2937 2794 3122 2849 passus
3160 2778 3216 2832 in
3251 2775 3582 2831 latitudinem
3626 2787 3838 2849 patens,

2274 2865 2480 2939 scaphis
2514 2876 2682 2920 tutam
2705 2864 2985 2921 stationem
3019 2864 3277 2937 praebens.
3309 2862 3414 2919 Sed
3439 2874 3502 2918 ut
3527 2874 3582 2917 et
3609 2864 3755 2917 sinus
3789 2874 3844 2917 et

2276 2952 2469 3005 fluvius
2509 2951 2671 3021 magis
2695 2951 2958 3022 perspicui
2985 2960 3039 3003 et
3064 2948 3190 3005 clari
3221 2949 3349 3004 fiant
3365 2988 3383 3017 ,
3411 2948 3628 3004 afferam
3641 2966 3702 3003 ea
3723 2966 3841 3021 quae

2274 3036 2344 3091 de
2369 3036 2449 3090 his
2476 3036 2760 3108 Dionysius
2783 3036 2984 3093 scribit.

2939 3194 3040 3255 Fr.
3085 3204 3184 3255 40.

2348 3350 2477 3401 Post
2521 3350 2798 3422 templum,
2843 3350 3052 3421 inqut,
3095 3352 3310 3403 Hecaeoe
3345 3348 3584 3422 seqnitur
3624 3348 3803 3420 [smus
3814 3350 3840 3423 j

2279 3436 2559 3490 Lasthenes
2603 3437 2901 3511 appellatus
2934 3454 2970 3490 a
2991 3436 3108 3492 viro
3137 3436 3432 3505 Megarensi
3457 3436 3740 3501 Lasthene,
3769 3436 3842 3491 εἰ·

2287 3626 2533 3699 θαλάσσης
2556 3628 2793 3703 βάρὸαρός
2817 3648 2890 3694 τις
2908 3628 3114 3701 Ἀμυκος
3129 3630 3324 3703 κατέχει
3346 3628 3431 3684 καὶ
3451 3627 3563 3693 τοὺς
3585 3627 3842 3697 πλέοντας,

2285 3708 2510 3783 λῃστεύει
2547 3709 2631 3763 καὶ
2655 3710 2862 3783 φονεύει.
2896 3710 2991 3765 Καὶ
3015 3713 3372 3785 καταφυγόντες
3402 3708 3452 3765 ἓν
3488 3709 3662 3785 κόλπῳ
3695 3710 3842 3765 δασυ-

2283 3789 2416 3861 τάτῳ
2440 3791 2535 3857 (an
2567 3789 2888 3863 βαθυτάτῳῖ)
2912 3788 3174 3845 ἐθεάσαντο
3199 3788 3250 3845 ἰν
3273 3790 3486 3861 ὀπτασίᾳ
3504 3786 3614 3843 τινὰ
3631 3788 3840 3861 φοὸερᾶν

2286 3870 2310 3941 [
2321 3869 2529 3943 ἀνδρὸς]
2559 3868 2722 3925 εἰκόνα
2748 3868 2893 3925 ἀετοῦ
2917 3868 3120 3941 ἔχοντος
3145 3871 3383 3943 πτέρυγας
3403 3866 3531 3924 κατὰ
3547 3874 3646 3922 τῶν
3665 3868 3837 3942 ὤμων,

2280 3951 2686 4023 προθεσπίζοντος
2723 3950 2887 4014 «trote
2924 3954 3013 4012 τὴν
3051 3949 3176 4005 κατὰ
3216 3948 3415 4023 Ἀμύκου
3441 3949 3601 4018 νίκην.
3643 3948 3842 4021 Συμὸα-

2282 4028 2454 4093 λόντις
2494 4034 2616 4103 γοῦν
2657 4028 2906 4103 ἀναιροῦσι
2950 4030 3038 4085 τὸν
3083 4030 3294 4102 Ἄμυκον
3348 4028 3434 4083 καὶ
3469 4027 3843 4099 δποστρέψαντες

2281 4110 2606 4183 ᾠκοδόμησαν
2625 4108 2674 4166 ἓν
2695 4108 2864 4185 ἐκείνῳ
2888 4116 2962 4184 τῷ
2984 4112 3121 4183 τόπῳ
3146 4108 3298 4183 ἱερὸν,
3320 4108 3590 4183 γρόψαντες
3610 4106 3660 4163 ἐν
3691 4107 3842 4164 εἰκόνι

2282 4192 2396 4263 ὅπερ
2431 4188 2568 4247 εἶδον
2598 4190 2858 4265 ἔκτόπωμα
2879 4190 2966 4246 καὶ
2984 4190 3313 4265 ὀνομάσαντες
3343 4188 3430 4245 τδν
3458 4190 3610 4243 τόπον
3647 4188 3842 4243 Σωσθέ-

2281 4289 2387 4325 νιον
2413 4270 2726 4343 (Σωσθένην,
2753 4271 2878 4326 διότι
2904 4268 3014 4326 tut·
3028 4272 3264 4344 φυγόντες
3289 4268 3563 4337 ἔσιῖιθησαν,
3597 4266 3835 4335 Malaia).

2280 4350 2436 4423 Ὅπερ
2475 4348 2604 4423 ἱερὸν
2649 4350 2848 4422 χρόνοις
2873 4349 3073 4423 ὕστερον
3119 4350 3147 4405 ὃ
3185 4354 3274 4404 τοῦ
3309 4347 3574 4411 Βυζαντίου
3616 4348 3844 4419 βασιλεὺς

2281 4430 2648 4493 Κωνσταντῗνος
2672 4429 2701 4483 ό
2725 4431 2875 4503 μέγας
2900 4428 2967 4494 εἰς
2983 4429 3143 4502 ὄνομα
3175 4432 3266 4483 τοῦ
3292 4426 3608 4500 ἂρχαγγέλου
3631 4424 3841 4499 Μιχαὴλ

2278 4511 2555 4585 ὠνόμασεν.
2585 4508 2669 4565 Cf.
2701 4508 2770 4565 de
2802 4510 2986 4565 eadem
3011 4528 3071 4564 re
3094 4508 3306 4564 Malalas
3345 4526 3402 4581 p.
3442 4526 3544 4581 77,
3571 4505 3840 4562 Cedrenus

2278 4608 2335 4663 p.
2361 4608 2464 4661 ²09
2482 4630 2502 4661 ,
2524 4588 2853 4661 Nicephorus
2874 4588 3107 4643 Callisth.
3129 4586 3223 4643 lib.
3250 4605 3302 4658 7,
3321 4604 3371 4642 0.
3403 4604 3453 4642 ι.
3481 4588 3664 4641 Exstat
3682 4587 3838 4640 etiam

2278 4665 3572 4819 ffliffziiizssissffiffissssssssssizssimfflzffliffl
3597 4664 3839 4799 iffiil

2279 4828 2452 4901 gelum
2473 4829 2730 4885 Sosthenii
2750 4830 2991 4883 meminit
3009 4829 3166 4881 etiam
3190 4828 3437 4891 loannes,
3463 4824 3838 4880 Euchaita-um

2278 4908 3011 5059 ww?
3027 4902 3834 5057 ..Stemma

2279 5066 2501 5122 σθενίτου
2561 5066 2702 5121 τοῦδε
2757 5068 2845 5121 τοῦ
2891 5063 3258 5137 πρωταγγέλου.
3315 5064 3560 5117 Ceterum
3608 5064 3835 5115 Joannes

2278 5146 2640 5202 Antiochenus
2669 5144 2885 5217 ejusque
2912 5142 3114 5199 assecla·
3149 5141 3402 5216 templum
3441 5138 3708 5196 Michaelis
3743 5140 3834 5193 So-

2280 5226 2545 5281 sthenium
2571 5244 2682 5281 non
2711 5224 2974 5278 diversum
3006 5223 3183 5278 fecisse
3220 5220 3465 5277 videntur
3484 5220 3552 5275 ab
3587 5238 3652 5273 eo
3689 5216 3834 5289 quod

2278 5317 2393 5362 erat
2417 5307 2474 5360 in
2501 5304 2704 5377 Anaplo
2729 5322 2759 5359 a
2786 5302 3004 5359 meridie
3039 5303 3580 5371 neniarum.Qua1-e
3626 5300 3834 5353 Ducan-

2279 5389 2397 5459 gius
2417 5386 2454 5441 l.
2485 5387 2524 5443 l.
2555 5404 2610 5459 p.
2647 5388 2742 5457 187
2767 5385 2988 5439 dubium
3013 5402 3121 5438 uon
3154 5401 3265 5437 esse
3299 5380 3428 5437 dicit
3459 5382 3588 5454 quin
3627 5378 3835 5435 Sosthe-
