4584 6284
1864 406 1963 466 DE
2001 405 2775 472 PSEUDOPLUTABGHO.

3808 414 3907 492 Ml

737 533 904 614 etc.,)
932 534 1510 615 Pseudoplutarcho
1528 541 1740 599 autem
1753 535 1921 600 mille
1938 545 2001 601 et
2013 537 2278 620 amplius
2368 558 2685 623 responsa.
2712 542 2891 620 Quod
2919 551 3352 648 argumentum
3390 544 3611 610 deinde
3636 545 3919 626 pluribus

736 630 1060 686 auctorum
1105 623 1362 687 nomina
1423 629 1654 704 praesto
1699 623 1914 703 fuisse,
1965 645 2000 688 e
2049 626 2276 709 quibus
2366 635 2729 710 persecutus
2770 631 3121 695 Hercherus
3166 637 3261 696 est
3298 631 3365 695 in
3390 634 3599 696 Jahrb.
3622 633 3741 711 sar
3768 637 3921 697 clas-

733 709 1002 793 eligendi
1032 711 1289 776 daretur
1315 718 1621 796 potestas,
1655 713 1809 777 nihil
1833 673 1988 780 ad’eo
2018 717 2272 782 subesse

731 798 995 864 dixerim
1035 801 1208 884 quod
1245 808 1424 883 cogat
1455 809 1525 866 ut
1566 803 1959 886 Anonymum
1989 814 2270 869 nostrum

729 894 958 970 praeter
986 907 1232 954 morem
1259 899 1536 956 veterum
1575 890 1984 975 impostorum
2023 895 2117 958 vel
2159 913 2276 958 no-

727 979 898 1043 mina
947 979 1322 1062 scriptorum
1369 981 1618 1044 finxisse
1662 987 2014 1046 statuamus.
2049 983 2270 1049 Contra

725 1087 871 1132 vero
896 1069 1056 1133 inter
1081 1088 1300 1134 omnes
1327 1077 1569 1135 constat
1593 1071 1934 1154 saepissime
1962 1072 2098 1136 fleri
2135 1080 2266 1137 tum

723 1165 796 1220 ut
841 1157 1007 1222 notis
1050 1157 1454 1241 scriptoribus
1501 1177 1690 1241 opera
1735 1157 2084 1225 tribuantur
2127 1179 2268 1243 quae

723 1265 1044 1329 nunquam
1089 1246 1500 1329 scripserunt,
1529 1253 1662 1310 tum
1691 1254 1762 1312 ut
1796 1266 1874 1312 ex
1921 1249 2084 1313 notis
2119 1266 2270 1332 ope-

723 1335 898 1398 ribus
923 1335 1224 1400 desumtae
1247 1335 1529 1400 dicantur
1543 1338 1922 1402 narrationes
1940 1357 2082 1421 quae
2108 1357 2270 1401 nun-

724 1444 914 1508 quam
947 1426 1010 1489 in
1039 1425 1116 1490 iis
1149 1426 1528 1508 legebantur.
1558 1429 1690 1503 Quo
1725 1433 1988 1511 utroque
2029 1427 2266 1492 fraudis

722 1531 948 1595 genere
978 1512 1254 1578 libellum
1280 1519 1558 1580 nostrum
1581 1515 1877 1580 refertum
1901 1535 2036 1580 esse
2057 1516 2265 1579 nullus

721 1600 969 1683 dubito,
1010 1601 1166 1666 adeo
1197 1611 1266 1667 ut
1297 1603 1680 1668 narrationes
1709 1603 2264 1688 Pseudoplutarchi

715 1689 858 1752 vel
839 1687 913 1752 iis
963 1689 1152 1770 locis,
1181 1691 1291 1754 ubi
1334 1710 1410 1754 ex
1459 1690 1865 1774 scriptoribus
1911 1698 1977 1756 et
2016 1691 2262 1774 scriptis

715 1777 961 1840 aliunde
989 1777 1150 1840 bene
1194 1777 1358 1841 notis
1405 1779 1616 1859 petitas
1659 1777 1973 1858 dicuntur,
1999 1780 2078 1842 ab
2122 1779 2262 1861 ipso

713 1865 886 1928 fictas
909 1883 1044 1928 esse
1072 1865 1486 1949 suspicemur,
1512 1866 1632 1931 nisi
1665 1867 1854 1932 certis
1879 1866 2282 1949 argumentis·

709 1954 1089 2017 contrarium
1111 1955 1377 2036 probare
1405 1953 1610 2020 liceat.
1644 1955 1952 2020 Indicium
1975 1954 2254 2032 rationiS,

707 2061 892 2125 quam
917 2043 982 2106 in
1011 2042 1315 2126 eligendis
1343 2050 1669 2109 auctorum
1698 2045 2060 2111 nominibus
2100 2048 2260 2108 Ano-

706 2151 926 2215 nymus
953 2133 1184 2216 passim
1207 2141 1458 2198 secutus
1483 2153 1620 2198 esse
1638 2134 1904 2211 videtur,
1931 2135 1998 2197 in
2021 2153 2096 2198 eo
2121 2151 2258 2214 rep·

705 2220 868 2303 perit
888 2223 1262 2299 Hercheru3‚
1279 2221 1448 2306 quod
1465 2223 1792 2288 interdum
1809 2224 2006 2306 prima
2025 2222 2255 2304 syllaba

707 2309 774 2373 in
823 2311 1100 2374 auctoris
1167 2313 1421 2376 nomine
1479 2311 1699 2377 eadem
1741 2313 1822 2378 sit
1857 2329 2001 2377 curn
2055 2311 2256 2393 prima

707 2397 941 2480 syllaba
983 2399 1142 2464 alius
1191 2399 1464 2462 nominis
1519 2399 1688 2482 quod
1735 2401 1801 2464 in
1843 2399 2240 2464 antecedente

701 2485 962 2551 historia
991 2487 1288 2550 occurrit.
1307 2487 1410 2550 Sic
1443 2486 1522 2550 de
1553 2489 1962 2568 Chrysorrhoe
1993 2489 2077 2568 (7,
2108 2492 2165 2563 1,
2191 2487 2252 2564 4)

702 2580 766 2638 et
794 2573 875 2638 de
911 2575 1238 2656 Chrystppe
1265 2574 1492 2640 fabulae
1517 2577 1600 2658 (1,
1634 2581 1692 2654 1,
1722 2576 1780 2658 5)
1809 2595 1844 2640 e
1871 2577 2253 2658 Chrysermo,

706 2666 1020 2728 Timandri
1061 2681 1210 2727 vero
1251 2683 1422 2728 mors
1465 2667 1586 2746 (21,
1614 2665 1672 2748 1)
1707 2685 1742 2729 e
1771 2667 2086 2746 Timagora
2115 2682 2252 2727 nar-

696 2759 932 2817 rantur.
959 2755 1028 2816 ln
1051 2752 1420 2816 Scamandri
1458 2753 1721 2818 historia
1771 2754 1933 2817 inter
1972 2754 2095 2817 alia
2133 2755 2248 2816 De-

693 2843 955 2905 modiees
983 2859 1213 2904 nomen
1245 2841 1494 2922 legitur,
1521 2840 1700 2905 testis
1723 2848 1934 2905 autem
1965 2840 2252 2906 laudatur

699 2932 1104 2992 Demostratus
1138 2931 1258 3011 (13,
1291 2935 1350 2996 1.
1380 2928 1465 3012 2).
1497 2931 1796 3012 Ejusdem
1837 2930 2082 3011 generis
2114 2946 2250 2993 esse

697 3015 1047 3080 Hercherus
1063 3026 1274 3082 monet
1296 3017 1466 3102 quod
1487 3017 1720 3098 saepius
1739 3017 2114 3099 scriptorum
2137 3037 2244 3080 no·

693 3103 864 3166 mina
896 3104 975 3168 ab
1010 3105 1232 3168 eadem
1270 3103 1504 3186 syllaba
1552 3104 1915 3187 incipientia
1973 3123 2039 3168 se
2079 3104 2244 3168 exci-

696 3191 900 3272 piunt;
917 3210 1064 3255 nam
1079 3200 1223 3275 post
1235 3194 1661 3256 Demostatum
1686 3192 1769 3275 (9,
1796 3195 1858 3262 2)
1881 3195 2243 3256 Demaratus

697 3277 774 3358 (9,
791 3283 907 3342 3et
919 3279 1004 3360 5),
1020 3287 1164 3361 post
1178 3279 1586 3360 Agathoclem
1601 3283 1677 3362 (9,
1701 3283 1758 3363 1)
1790 3280 2036 3362 Agenor
2069 3275 2148 3362 (9,
2175 3281 2236 3357 4)

693 3372 756 3428 et
796 3366 1284 3447 Agatharchides
1334 3367 1413 3450 (9,
1469 3369 1531 3448 5)
1547 3413 1565 3447 ‚
1620 3374 1764 3450 post
1831 3367 2238 3448 Agathoclem

697 3456 820 3535 (18,
848 3458 906 3535 3)
938 3461 1003 3520 et
1046 3456 1312 3520 Ctesiam
1355 3457 1475 3536 (18,
1520 3457 1584 3536 6)
1615 3455 2078 3538 Agathonymus
2112 3457 2232 3534 (18,

689 3543 770 3605 10
811 3547 876 3605 et
918 3541 1252 3626 Ctesiphon
1278 3546 1401 3626 (18,
1433 3545 1528 3622 11)
1576 3551 2022 3608 memorantur.
2083 3545 2232 3620 Quae

690 3628 946 3712 quidem
1017 3630 1296 3715 quamvis
1370 3651 1484 3712 per
1549 3651 1616 3696 se
1677 3631 2010 3696 levidensis
2075 3631 2232 3708 sint,

689 3720 756 3782 in
796 3720 1037 3804 reliqua
1076 3729 1288 3786 tamen
1337 3720 1578 3785 fraudis
1623 3720 1974 3804 suspicione
2004 3725 2065 3784 et
2105 3720 2242 3802 ipsa

693 3816 980 3889 suspecta
1017 3827 1155 3872 esse
1176 3808 1370 3872 videri
1413 3808 1671 3891 possint.
1700 3811 1984 3874 Ceterum
2019 3809 2243 3873 erravit

690 3897 1044 3961 Hercherus
1069 3898 1112 3960 l.
1143 3897 1186 3958 l.
1217 3901 1388 3979 p.31‚
1421 3897 1472 3960 si
1503 3915 1648 3962 cum
1685 3903 1893 3964 nostro
1917 3900 2008 3962 De
2037 3895 2238 3960 fluviis

690 3985 939 4066 libello,
964 3983 1172 4067 quoad
1198 3983 1483 4048 fraudem
1518 3995 1580 4048 et
1607 3985 1956 4062 mendacia,
1985 4002 2239 4068 compo-

688 4071 960 4135 nendam
989 4091 1128 4136 esse
1173 4082 1386 4138 censet
1422 4075 1742 4139 Ptolemaei
1769 4075 2004 4138 Chenni
2040 4075 2241 4138 Histo-

685 4159 843 4224 riam
879 4161 1146 4240 Novam,
1195 4183 1225 4220 t«
1267 4163 1482 4243 cujus,
1529 4163 1763 4246 inquit,
1808 4164 1938 4244 jam
1991 4163 2240 4228 nomine

687 4247 992 4330 proditur,
1023 4250 1179 4312 nihil
1224 4249 1287 4312 in
1333 4269 1405 4314 ea
1435 4251 1596 4314 tradi
1630 4251 1750 4313 nisi
1797 4250 1964 4332 quod
2014 4267 2238 4314 novum

683 4344 747 4400 et
767 4337 1122 4402 inauditum
1151 4339 1264 4414 sit;
1305 4339 1368 4402 in
1393 4358 1518 4422 qua
1555 4337 2009 4403 conscribenda
2034 4338 2239 4402 Ptole-

684 4445 881 4490 maeus
923 4445 1052 4491 non
1097 4427 1218 4492 hoc
1269 4427 1387 4492 sibi
1433 4428 1795 4511 proposuit,
1842 4435 1914 4493 ut
1959 4433 2236 4492 veterum

682 4515 992 4580 abstrusas
1017 4517 1478 4581 observationes
1503 4516 1570 4579 in
1597 4517 1822 4581 horrea
1839 4522 2230 4598 congereret,

685 4621 898 4666 verum
945 4608 1013 4665 ut
1071 4605 1412 4687 repudiatis
1473 4623 1615 4687 quae
1677 4605 1858 4668 docta
1907 4604 2238 4687 antiquitas

687 4700 1160 4774 propagaverat,
1213 4712 1322 4756 sua
1377 4693 1576 4776 ipsius
1631 4692 1878 4756 inventa
1923 4711 2050 4755 nou
2103 4693 2235 4756 sine

688 4774 1048 4840 fictitiorum
1101 4785 1425 4843 auctorum
1475 4778 1830 4844 testimonio
1885 4780 2236 4860 legentibus

686 4863 1071 4927 obtruderet.
1113 4887 1146 4925 n
1195 4866 1544 4931 Profectum
1596 4885 1743 4932 vero
1785 4885 1940 4951 opus
1981 4876 2160 4949 putat
2199 4885 2236 4930 a

685 4955 1095 5033 grammatico
1151 4954 1358 5036 aliquo
1404 4974 1484 5018 ex
1537 4975 1754 5020 eorum
1813 4975 2074 5021 numero
2127 4955 2232 5037 qui

687 5039 1092 5122 problematis
1129 5043 1661 5126 qualibuscunque
1695 5051 1906 5128 parata
1935 5043 2237 5107 haberent

2363 718 2555 780 rische
2570 718 2911 800 Philoloqie
2941 720 3189 801 (Erster
3218 721 3645 802 supplemento.
3696 740 3761 804 p.
3801 725 3919 785 269

2366 807 2549 908 sqq..)
2596 807 2679 868 At
2722 825 2911 890 quam
2958 806 3207 871 fallaces
3248 808 3372 871 sint
3423 808 3730 888 ejusmodi
3789 810 3919 893 opi·

2362 892 2583 956 niones
2629 893 2822 958 meris
2872 894 3335 978 suspicionibus
3386 896 3759 975 innitentes,
3794 917 3918 963 uno

2364 980 2625 1061 probare
2669 981 2856 1046 liceat
2899 985 3204 1066 exemplo.
3254 984 3513 1048 Miratus
3564 987 3917 1050 Hercherus

2362 1067 2635 1133 hominis
2686 1070 3171 1153 impudentiam,
3203 1073 3438 1156 quippe
3488 1073 3595 1156 qui
3644 1075 3805 1138 scire
3850 1093 3917 1137 se

2361 1156 2725 1238 profiteatur
2758 1162 2841 1241 (p.
2911 1165 3029 1224 192
3094 1161 3193 1224 ed.
3249 1163 3613 1242 Westerm.)
3649 1181 3909 1228 uxorem

2358 1246 2719 1325 candaulis,
2750 1247 2830 1311 de
2860 1249 3038 1330 cujus
3070 1249 3323 1313 nomine
3348 1249 3490 1312 silet
3526 1250 3908 1327 Herodotus,

2358 1333 2497 1398 aliis
2539 1335 2666 1398 dici
2712 1337 3009 1418 Mysiam,
3034 1338 3173 1402 aliis
3204 1337 3563 1410 Tudonem‚
3597 1337 3735 1402 aliis
3775 1340 3915 1420 Gly-

2358 1423 2505 1487 tIam
2524 1471 2541 1502 ,
2575 1425 2801 1490 Abanti
2834 1433 3045 1490 autem
3090 1426 3469 1491 Habronem.
3503 1431 3581 1490 At
3610 1426 3749 1491 haec
3787 1445 3911 1490 non

2356 1512 2434 1576 de
2474 1531 2589 1577 suo
2632 1515 3015 1597 excogitasse
3043 1515 3395 1590 falsarium,
3436 1515 3568 1596 jam
3614 1515 3813 1601 liquet
3836 1535 3913 1580 ex

2354 1601 2717 1683 fragmentis
2779 1603 3310 1669 Escorialensibus
3373 1603 3615 1669 Nicolai
3690 1606 3910 1668 Dama-

2353 1691 2523 1754 sceni
2556 1693 2673 1769 (Fr.
2707 1693 2784 1755 H.
2811 1695 2873 1772 3,
2902 1711 2965 1775 p.
2998 1693 3135 1773 384)
3154 1739 3171 1768 ,
3201 1711 3342 1774 quae
3369 1691 3449 1755 de
3480 1692 3741 1756 Tudone
3787 1693 3907 1756 ista

2351 1777 2626 1861 amplam
2658 1779 2943 1861 praebent
2988 1781 3405 1845 narrationem
3424 1826 3441 1857 ,
3475 1799 3509 1846 e
3538 1780 3765 1845 Xanthi
3796 1782 3910 1863 Ly-

2351 1864 2578 1947 diacis,
2610 1875 2685 1932 ut
2727 1867 2993 1948 videtur,
3024 1867 3437 1951 depromtam.
3483 1874 3572 1934 Ac
3619 1870 3906 1946 omnino,

2348 1962 2651 2038 quantum
2682 1974 2861 2020 meus
2889 1975 2991 2020 me
3022 1975 3171 2022 usus
3199 1956 3445 2034 docuit,
3482 1957 3639 2022 nihil
3672 1959 3915 2022 in·Pto-

2350 2042 2573 2108 lemaeo
2591 2043 2815 2125 legitur
2833 2043 3001 2128 quod
3034 2044 3340 2124 ejusmodi
3368 2043 3453 2107 sit
3483 2050 3554 2108 ut
3578 2045 3659 2108 ad
3697 2047 3910 2108 fucum

2348 2129 2687 2195 lectoribus
2742 2130 3099 2196 faciendum
3150 2131 3577 2196 fraudulenter
3643 2133 3723 2196 ab
3773 2132 3911 2215 ipso

2347 2217 2685 2284 Ptolemaeo
2715 2237 3014 2284 excusum
3039 2238 3174 2284 esse
3200 2225 3575 2297 statuamus,
3599 2239 3809 2303 neque
3834 2239 3909 2284 cx

2346 2305 2819 2372 obscurioribus
2904 2307 3152 2390 scriptis
3230 2309 3907 2394 grammaticorumque

2348 2393 2531 2476 nugis
2574 2395 2654 2458 ab
2704 2414 2779 2460 eo
2824 2396 3035 2478 colligi
3072 2405 3135 2462 et
3161 2414 3198 2461 e
3223 2399 3563 2463 Ptolemaeo
3609 2397 3907 2478 deinceps

2348 2483 2515 2565 apud
2552 2483 2820 2549 seriores
2858 2484 3191 2568 scriptores
3231 2486 3465 2568 passim
3508 2486 3903 2550 disseminari

2350 2571 2639 2654 potnerit.

2426 2659 2517 2722 De
2552 2657 2784 2722 Fluviis
2816 2658 3099 2724 libellum
3126 2679 3163 2724 e
3190 2659 3411 2724 codice
3452 2660 3906 2726 Palatino-Hei-

2348 2745 2741 2829 delbergensi
2768 2749 2842 2812 N.
2876 2751 2993 2814 398
3022 2747 3181 2831 (vid.
3212 2755 3366 2812 tom.
3394 2749 3442 2823 1,
3490 2767 3551 2831 p.
3578 2749 3731 2828 xvt)
3776 2747 3905 2832 pri-

2348 2853 2490 2900 mus
2514 2836 2713 2900 edidit
2740 2837 3061 2911 Gelenius,
3089 2835 3376 2911 Basileus,
3411 2853 3511 2898 an.
3550 2839 3707 2900 1533
3751 2835 3893 2912 (vid.

2344 2931 2498 2988 tom.
2532 2927 2579 3003 1,
2618 2945 2682 3008 p.
2730 2926 2827 3006 11),
2874 2925 2962 2988 ita
3008 2931 3212 2988 tamen
3261 2930 3334 2987 ut
3373 2923 3527 3006 quid
3568 2923 3635 2986 in
3680 2923 3901 2988 codice

2346 3013 2651 3078 mendoso
2716 3014 2960 3092 legatur
2996 3018 3062 3076 et
3106 3031 3248 3096 quae
3308 3010 3387 3075 ad
3438 3011 3902 3076 emendandum

2344 3108 2668 3164 auctorem
2696 3101 2843 3164 satis
2871 3100 3069 3163 multa
3094 3099 3174 3162 de
3203 3117 3317 3162 suo
3362 3097 3565 3163 editor
3592 3099 3893 3175 attulerit,

2345 3187 2618 3252 discerni
2672 3196 2968 3269 nequeat.
3015 3185 3253 3250 Deinde
3300 3187 3655 3250 Maussacus
3713 3204 3899 3268 opus-

2340 3275 2553 3338 culum
2603 3280 2885 3338 nostrum
2940 3291 3031 3355 gr.
3066 3281 3131 3336 et
3176 3272 3279 3335 lat.
3333 3277 3396 3334 et
3443 3270 3896 3335 commentario

2342 3362 2719 3425 instructum
2747 3360 2925 3424 dedit
2948 3379 3072 3424 una
3099 3377 3243 3424 cum
3269 3359 3437 3422 Vibii
3466 3357 3787 3440 sequestri
3810 3359 3899 3422 De

2340 3449 2562 3527 fluviis,
2582 3447 2856 3513 fontibus
2876 3455 2995 3513 etc.
3015 3454 3078 3512 ei.
3087 3447 3275 3511 Pselli
3292 3448 3428 3529 Περὶ
3446 3448 3603 3508 λίθων
3628 3447 3897 3526 δυνάμεων

2337 3537 2567 3603 libellis
2614 3539 2910 3618 (rolosae,
2955 3539 3131 3615 1618,
3176 3539 3283 3617 8).
3324 3533 3689 3600 Emendavit
3730 3534 3899 3598 haud

2336 3628 2553 3692 multa.
2582 3629 2633 3690 E
2660 3629 2984 3692 Maussaco
3016 3632 3255 3690 tantum
3296 3642 3422 3689 non
3452 3631 3619 3689 totus
3664 3624 3901 3707 pendet

2336 3715 2669 3782 Hudsonus
2691 3717 2757 3780 in
2778 3718 3001 3797 Geogr.
3023 3715 3170 3778 Min.
3192 3719 3345 3780 tom.
3377 3715 3451 3790 11,
3485 3713 3593 3797 qui
3638 3714 3891 3796 praemi-

2336 3804 2415 3868 sit
2438 3803 2743 3868 Dodwelli
2764 3806 2855 3868 De
2873 3801 3186 3867 Plutarchi
3207 3802 3369 3867 libro
3394 3801 3891 3866 dissertationem

2334 3892 2529 3956 suetis
2566 3892 2819 3976 ineptiis
2848 3898 3225 3968 scatentem,
3254 3909 3329 3954 ac
3366 3889 3524 3954 calci
3561 3889 3895 3955 voluminis

2334 3981 2619 4061 eiusdem
2709 3981 3018 4046 Dodwelli
3088 3979 3518 4044 annotationes
3593 3979 3895 4060 quasdam

2334 4070 2671 4150 subjunxit.
2725 4069 2962 4133 Deinde
3016 4068 3083 4132 in
3128 4066 3511 4132 restituendo
3576 4067 3895 4148 scriptoris

2334 4177 2626 4222 sermone
2652 4159 2906 4242 egregia
2938 4154 3222 4241 praestitit
3262 4155 3781 4236 wyttenbachius
3826 4154 3892 4217 in

2333 4248 2648 4312 Plutarchi
2675 4247 2950 4312 editione
2971 4243 3325 4310 oxoniensi.
3351 4243 3501 4307 Post
3518 4243 3657 4306 haec
3682 4243 3889 4306 denuo

2333 4336 2621 4400 codicem
2647 4341 3055 4400 excusserunt
3080 4333 3325 4397 Bastius
3354 4331 3421 4396 in
3448 4330 3643 4414 Epist.
3675 4329 3891 4395 critica

2334 4431 2396 4488 et
2440 4425 2881 4507 Bernhardyus
2936 4424 3028 4505 (V.
3070 4424 3123 4504 ej
3128 4440 3205 4486 us
3246 4420 3521 4485 Analect.
3553 4419 3621 4482 in
3660 4421 3881 4500 Geogr.

2332 4513 2487 4576 min.
2552 4533 2614 4597 p.
2666 4511 2767 4596 29)
2827 4518 2891 4576 et
2938 4529 3137 4592 nuper
3196 4506 3561 4590 Rudolphus
3609 4506 3887 4571 Hei-cher

2335 4601 2676 4682 (Plutarchi
2703 4601 2941 4664 libellus
2966 4601 3059 4661 De
3084 4599 3289 4677 fluviis
3315 4601 3611 4660 recensuit
3638 4602 3697 4657 et
3729 4601 3887 4658 notis

2331 4693 2716 4754 fnstnaoeitfl.
2748 4690 2827 4751 H.
2857 4686 3115 4769 Lipsiae,
3147 4687 3323 4764 1851,
3324 4683 3429 4765 8),
3459 4689 3651 4766 quem
3677 4681 3756 4746 de
3784 4701 3888 4746 au-

2332 4783 2505 4838 ctore
2534 4781 2746 4838 nostro
2776 4773 3012 4856 optime
3042 4772 3333 4836 meritum
3374 4788 3513 4834 esse
3543 4771 3700 4851 grati
3744 4789 3885 4852 pro-

2332 4863 2601 4929 fitemur.
2634 4861 3041 4927 Novissimam
3070 4866 3270 4926 textus
3293 4859 3636 4926 editionem
3654 4859 3887 4923 curavit

2332 4952 2683 5015 Fridericus
2708 4951 2959 5013 Dubner
2986 4950 3052 5012 in
3069 4949 3391 5016 Plutarchi
3412 4950 3683 5017 editione
3704 4945 3889 5008 Dido·

2331 5039 2526 5118 tiana,
2553 5041 2673 5104 vol.
2706 5042 2778 5101 V.

2101 5211 2468 5237 ψ

952 5504 1131 5556 cecam
1167 5518 1220 5557 ιι.
