4584 6284
1718 556 2077 621 ANAPLUS
2118 558 2448 621 Bospom
2491 558 2836 621 Tamen.

698 708 976 746 conscensa
1004 689 1193 762 scapha
1219 707 1314 761 per
1334 689 1483 743 hunc
1496 698 1777 761 penetrans
1803 686 2003 743 adverti
2038 688 2269 760 Cyaneas

698 779 766 833 ab
789 794 978 833 occasu
1006 776 1223 849 quidem
1258 776 1695 847 circumnavigari
1732 794 1839 830 non
1875 792 2029 849 posse
2056 775 2155 829 nisi
2180 794 2269 829 na-

699 865 847 938 vigiis
875 865 1145 937 perparvis
1176 863 1248 918 ob
1272 864 1525 918 vadosum
1544 863 1818 936 euripum,
1846 880 1875 917 a
1902 862 2270 937 septentrioni·

694 954 793 1009 bns
837 954 1147 1025 orienteque
1186 938 1401 1007 circuiri
1447 950 1514 1006 ab
1552 950 1797 1007 omnibus
1836 950 2061 1006 navibus
2094 968 2265 1023 pmse.

694 1042 917 1116 Cyaneoe
950 1039 1084 1094 nihil
1111 1038 1253 1094 aliud
1293 1050 1419 1094 sunt
1444 1055 1633 1112 quam,
1674 1048 1735 1093 ut
1767 1038 2037 1106 dicuntur,
2074 1048 2265 1113 peu-23

692 1147 777 1184 eas
798 1130 945 1184 enim
971 1145 1249 1201 nunquam
1280 1127 1477 1183 insulas
1510 1127 1769 1201 appellant
1795 1128 2041 1203 Orpheus
2056 1168 2073 1192 .
2105 1128 2267 1202 Apol·

690 1220 863 1275 lonius
877 1258 893 1285 ,
956 1217 1201 1273 Valerius
1268 1217 1481 1273 Flaccus
1496 1256 1511 1283 ,
1584 1216 1885 1273 Herodotus
1902 1257 1917 1283 ,
1984 1216 2269 1290 Dionysius

691 1306 1112 1372 Alexandrinus,
1138 1304 1231 1361 sed
1254 1305 1507 1362 duntaxat
1532 1314 1707 1379 petras
1732 1306 2031 1361 nominant.
2080 1304 2268 1361 Strabo

692 1411 819 1448 vero
836 1403 890 1447 et
919 1394 1201 1465 Dionysius
1222 1393 1499 1467 Byzantius
1527 1404 1715 1449 vocant
1738 1392 1931 1448 insulas
1956 1392 2120 1463 magis
2142 1410 2265 1465 pro-

689 1481 825 1553 prie.
898 1479 1140 1533 Valerius
1167 1479 1379 1535 Flaccus
1416 1495 1562 1533 nunc
1586 1480 1849 1553 scopulos,
1876 1496 2023 1535 nune
2057 1490 2265 1545 cautes,

696 1584 843 1622 nunc
876 1584 1035 1640 rupes
1074 1579 1359 1641 nuncupat.
1433 1566 1714 1639 Euripides
1754 1567 2016 1640 Didymos
2055 1578 2257 1641 petras,

694 1672 813 1729 quoe
834 1654 1071 1729 profecto
1098 1656 1228 1710 nibil
1248 1653 1392 1711 aliud
1412 1665 1539 1710 sunt
1558 1673 1717 1728 quam
1743 1655 1855 1711 duo
1880 1656 2105 1730 scopuli,
2132 1674 2269 1711 unus

692 1744 981 1810 Asiaticus,
1006 1742 1133 1798 alter
1154 1746 1463 1816 Europaeus,
1492 1742 1693 1797 divisus
1720 1744 1776 1797 in
1817 1744 2058 1817 quinque
2092 1754 2267 1816 petras

694 1848 801 1885 una
828 1828 1005 1885 radice
1048 1831 1301 1895 nitentes,
1331 1828 1423 1886 sed
1459 1829 1529 1885 ab
1562 1830 1675 1885 imo
1714 1830 1783 1885 ad
1822 1847 2093 1885 summum
2122 1830 2269 1883 rimis

691 1916 891 1973 divisus
916 1933 932 1971 t
970 1934 1197 1990 quarum
1226 1918 1455 1990 primam
1488 1916 1661 1990 pharo
1707 1916 2017 1971 viciniorem
2059 1934 2093 1971 a
2122 1926 2269 1989 petra

690 2002 877 2058 dividit
897 2002 1041 2059 fissio
1062 2003 1301 2076 rimaque
1318 2004 1424 2059 alta
1446 2004 1831 2075 quinquaginta
1848 2000 2153 2069 dodrantes,
2178 2002 2271 2057 ali·

688 2090 809 2145 cubi
828 2100 1011 2164 patens
1034 2090 1091 2145 in
1117 2088 1447 2145 latitudinem
1472 2090 1637 2144 trium
1664 2089 1863 2163 pedum
1899 2106 1915 2144 ε
1939 2090 1997 2145 in
2028 2108 2135 2163 qua
2150 2092 2267 2161 qui·

689 2178 809 2233 dem
836 2177 1049 2234 fissione
1078 2180 1317 2234 consistit
1342 2196 1531 2233 saxum
1553 2178 1824 2251 plaustrici
1856 2180 2033 2233 oneris
2064 2180 2263 2250 magni-

689 2268 893 2335 tudine,
919 2285 950 2321 a
970 2268 1145 2341 prima
1164 2278 1313 2343 petra
1336 2266 1561 2339 gradum
1582 2277 1741 2341 atquc
1760 2268 1961 2325 aditum
1980 2268 2173 2341 jaciens
2199 2267 2265 2324 ad

688 2352 983 2409 secundam·
1008 2364 1215 2427 petram
1243 2356 1301 2409 in
1328 2354 1597 2409 fissionem
1632 2352 1921 2428 projectam
1962 2374 2025 2409 ex
2054 2354 2265 2428 antiqua

688 2445 845 2496 ruina
858 2482 874 2507 ,
902 2459 1061 2513 quam
1081 2460 1341 2497 summam
1364 2442 1567 2515 scopuli
1598 2444 1843 2499 verticem
1862 2442 2085 2499 edidisse
2106 2444 2265 2515 signi:-

690 2527 852 2583 ficant
876 2529 1079 2583 circum
1105 2528 1379 2603 scopulum
1402 2529 1665 2601 permulta
1686 2529 1885 2603 abjecta
1908 2548 2050 2586 saxa.
2076 2532 2265 2587 Prima

692 2609 909 2684 quidem
930 2621 1092 2684 petre
1110 2610 1299 2685 jugum
1324 2613 1382 2668 in
1408 2630 1595 2668 omnes
1621 2625 1794 2688 partes
1831 2624 1974 2688 patet
1998 2616 2265 2685 sexaginta

694 2709 895 2773 septem
918 2698 1204 2755 dodrantes
1217 2721 1233 2767 3
1260 2698 1507 2756 secundo
1531 2720 1658 2757 vero
1679 2699 1899 2758 dorsum
1922 2702 2135 2777 planum
2154 2744 2171 2771 ,
2206 2704 2259 2757 in

694 2802 803 2858 quo
832 2796 1025 2841 statuta
1054 2796 1131 2841 est
1156 2786 1400 2842 columna
1416 2827 1433 2855 ,
1460 2788 1516 2842 in
1539 2786 1860 2844 dodrantum
1880 2788 2261 2862 longitudinem

690 2872 943 2946 panditur
958 2885 1173 2931 centum
1190 2887 1243 2931 et
1258 2878 1660 2950 quinquaginta,
1680 2894 1696 2933 ε
1722 2880 1777 2933 in
1795 2877 2119 2935 latitudinem
2142 2899 2267 2935 vero

690 2962 1093 3035 quinquaginta.
1130 2962 1429 3019 Secundam
1450 2982 1483 3019 a
1502 2966 1653 3020 tertia
1674 2964 1912 3021 dividens
1938 2966 2081 3021 fissio
2102 2968 2263 3041 paulo

690 3048 843 3105 latior
880 3060 958 3105 est
1000 3052 1267 3123 sexaginta
1313 3049 1685 3108 dodrantibus.
1757 3054 2089 3110 Tantundem
2122 3068 2266 3130 patet

692 3137 873 3192 fissura
915 3140 1125 3193 tertiam
1162 3158 1195 3194 a
1234 3151 1423 3213 quarta
1462 3137 1759 3212 sejunget».
1820 3141 2063 3198 Altitudo
2106 3146 2267 3199 totius

696 3224 925 3297 scopuli,
974 3242 1133 3297 quem
1164 3225 1275 3282 dixi
1318 3226 1551 3282 divisum
1578 3228 1635 3283 in
1662 3240 1891 3301 quatuor
1914 3240 2118 3305 petras,
2154 3250 2263 3287 non

694 3312 898 3368 excedit
934 3315 1199 3384 octoginta
1233 3313 1543 3370 dodrantes.
1620 3316 1867 3371 Ambitus
1906 3330 2117 3391 superat
2152 3319 2262 3376 duo

696 3400 855 3455 millia
886 3399 1228 3456 dodrantum.
1321 3407 1591 3457 Ascensus
1626 3404 1681 3457 in
1729 3403 1886 3478 hujus
1918 3406 2109 3478 jugum
2156 3426 2264 3464 non

696 3496 838 3561 patet
858 3487 959 3542 nisi
985 3506 1095 3543 uno
1120 3488 1265 3543 aditu
1282 3496 1453 3563 eoque
1474 3502 1813 3563 perangusto,
1834 3511 1945 3567 quo
1966 3494 2267 3569 quadrupe-

698 3572 781 3628 dis
800 3574 861 3627 in
884 3573 1101 3629 modum
1126 3576 1389 3649 inrepitur.
1466 3577 1724 3651 Scopulus
1746 3580 1843 3634 etsi
1880 3589 2023 3635 totus
2048 3600 2232 3637 saxeus
2247 3624 2263 3649 ,

699 3672 875 3718 tamen
916 3680 979 3717 ex
1020 3660 1131 3736 ejus
1162 3662 1321 3720 dorso
1355 3664 1555 3738 aliquot
1582 3664 1795 3721 frutices
1826 3680 2166 3736 enascuntur,
2208 3683 2268 3727 ut

700 3752 951 3825 caprifici,
978 3762 1038 3807 ut
1060 3770 1228 3826 pruna
1249 3755 1487 3825 agrestia,
1512 3754 1605 3808 sed
1626 3756 1909 3810 rarissima.
1984 3756 2121 3810 Cum
2146 3766 2269 3811 sunt

702 3838 861 3893 maris
897 3848 1250 3911 tempestates,
1280 3841 1526 3895 fluctibus
1554 3841 1801 3897 obruitur
1840 3859 2007 3915 usque
2042 3842 2176 3898 adeo
2210 3854 2272 3898 ut

702 3925 949 3981 columna
1002 3927 1299 4000 aspersione
1340 3928 1601 3983 fluctuum
1634 3930 1941 4001 attingatur.
2016 3932 2137 3985 Fuit
2178 3932 2270 3986 ali·

702 4012 922 4087 quando
938 4014 1183 4087 scopulus
1204 4015 1424 4087 integer,
1450 4015 1606 4069 nullis
1626 4018 1775 4071 rimis
1796 4018 2006 4085 scissus,
2036 4016 2129 4073 sed
2149 4036 2271 4073 saxa

702 4098 1137 4173 circumprojecta
1176 4098 1463 4155 ostendunt
1488 4102 1765 4157 ruinarum
1796 4102 2029 4159 editione
2055 4106 2273 4161 scissum

700 4184 862 4241 fixisse
883 4203 898 4242 ι
922 4185 1069 4241 unde
1089 4186 1285 4243 factum
1305 4198 1405 4252 est,
1434 4198 1493 4243 ut
1512 4187 1624 4259 ejus
1645 4188 1849 4245 radices
1879 4191 2069 4246 multas
2099 4210 2275 4247 caver-

698 4290 793 4329 nas
815 4284 869 4327 et
906 4272 1129 4329 latebras
1168 4274 1417 4342 babeant,
1446 4276 1639 4348 partim
1670 4276 1869 4345 aridas,
1914 4280 2107 4351 partim
2136 4298 2279 4336 mare

698 4358 1063 4427 admittentes,
1104 4360 1207 4415 ubi
1244 4380 1353 4417 non
1395 4360 1561 4417 modo
1590 4364 1780 4437 pisces,
1822 4366 1915 4420 sed
1941 4368 2099 4421 etiam
2128 4352 2281 4424 multi·

698 4448 943 4505 homines
997 4448 1301 4505 delitescere
1348 4460 1591 4523 possunt.
1689 4454 1889 4523 Quinta
1932 4464 2081 4528 petra
2130 4455 2283 4529 longe

701 4536 956 4592 humilior
991 4538 1205 4599 ceteris.
1252 4536 1511 4607 fastigiata
1538 4538 1593 4592 in
1634 4538 1773 4595 duos
1808 4544 2057 4610 vertices,
2092 4544 2282 4615 exiguo

700 4626 883 4697 euripo
920 4623 1115 4680 divisos
1142 4644 1157 4681 ι
1196 4626 1333 4681 illius
1356 4625 1577 4699 quidem
1603 4626 1809 4684 radices
1844 4631 1945 4686 sub
1968 4650 2105 4705 aqua
2126 4630 2281 4704 juxta

704 4710 897 4765 vadum
924 4730 1047 4766 cum
1073 4711 1339 4767 radicibus
1361 4714 1584 4787 scopuli,
1616 4732 1775 4788 quem
1790 4714 1904 4788 jam
1921 4716 2033 4771 dixi
2065 4720 2121 4773 in
2148 4738 2280 4793 qua·

701 4806 829 4852 tuor
844 4808 1017 4871 petras
1036 4797 1265 4853 divisum
1277 4838 1294 4865 ,
1334 4800 1722 4856 continuantur
1738 4800 2247 4879 conjungunturque
2256 4828 2275 4875 ;

704 4886 795 4941 sed
838 4888 907 4942 ab
942 4888 1045 4944 hoc
1084 4890 1299 4963 scopulo
1334 4889 1634 4964 quadrifido
1664 4904 1937 4966 separatur
1971 4896 2159 4968 euripo
2188 4915 2280 4953 va-

704 4974 858 5039 doso,
884 4974 1043 5048 pleno
1061 4977 1355 5047 ingentibus
1380 4978 1519 5032 saxis
1542 4996 1606 5033 ex
1630 4996 1768 5052 aqna
1788 4980 2133 5043 exstantibus,
2161 5002 2280 5057 quae

704 5061 773 5116 ab
796 5062 923 5135 ipsis
951 5065 1177 5137 scopulis
1198 5066 1419 5140 abrupta
1452 5084 1563 5122 esse
1598 5067 1864 5125 videntur.
1939 5070 2155 5125 Circum
2176 5071 2277 5127 hos

2360 706 2542 744 omnes
2568 690 2810 762 scopulos
2835 688 3072 745 similiter
3096 691 3326 761 ingentia
3343 708 3466 744 saxa
3487 690 3708 763 abrupta
3726 702 3923 763 jacent,

2361 776 2636 850 euripique
2664 774 2856 831 vadum
2883 774 3252 831 intercedentis
3292 776 3430 832 inter
3456 778 3675 832 Panium
3699 789 3752 833 ct
3787 780 3926 851 Cya-

2359 880 2482 919 neas
2500 880 2714 917 saxeum
2744 872 2798 917 et
2829 880 3167 919 cavernosum
3182 863 3470 937 introspexi
3496 880 3510 917 ι
3533 874 3592 919 ut
3609 884 3732 920 vero
3753 866 3930 938 proxi·

2361 969 2508 1006 mum
2531 950 2772 1007 videatur
2789 952 3020 1025 Cyaneas
3037 950 3164 1006 olim
3179 951 3430 1024 abruptas
3447 970 3476 1005 a
3490 953 3655 1008 Panic
3676 972 3928 1026 promon-

2360 1040 2498 1093 torio
2544 1038 2702 1094 fuisse
2744 1038 2983 1093 similiter
3026 1048 3136 1093 toto
3182 1056 3360 1094 saxeo.
3437 1040 3616 1109 Quare
3659 1060 3768 1096 non
3813 1041 3928 1099 sine

2358 1126 2574 1199 physica
2599 1126 2822 1193 ratione,
2854 1126 2948 1182 ubi
2973 1126 3462 1183 animadvertissent
3489 1140 3657 1202 poetae
3691 1132 3926 1205 Cyaneas

2361 1226 2512 1269 terrie
2543 1224 2694 1269 motu
2719 1226 2811 1271 aut
2834 1216 3084 1289 temporis
3124 1226 3377 1271 vetustate
3415 1218 3594 1271 ruinas
3621 1217 3848 1275 edidisse
3871 1230 3926 1275 et

2357 1303 2749 1359 circumfractas
2770 1321 2880 1358 esse
2896 1343 2911 1370 ,
2935 1302 3204 1359 finxerunt
3225 1304 3362 1359 inter
3391 1323 3448 1359 se
3471 1308 3800 1363 concurrisse
3824 1324 3836 1361 ε
3867 1310 3922 1363 in

2357 1407 2466 1462 quo
2499 1408 2758 1445 concursu
2787 1390 2918 1464 quid
2952 1392 3124 1446 verius
3149 1408 3262 1446 csse
3287 1404 3500 1467 apparet
3521 1412 3678 1467 quam
3701 1394 3754 1449 id
3778 1394 3923 1467 quod

2359 1474 2518 1531 tradit
2533 1476 2773 1531 Valerius
2802 1476 3016 1533 Flaccus
3043 1494 3058 1533 ι
3103 1480 3312 1553 &anea
3327 1480 3466 1551 juga
3484 1480 3790 1555 proecipites
3829 1480 3925 1535 illa

2357 1563 2672 1619 remittunt?
2741 1564 2874 1619 Nam
2913 1582 3094 1619 revera
3121 1582 3302 1619 earum
3319 1564 3449 1638 ,ξιιμ
3481 1568 3650 1621 ruinis
3677 1566 3807 1623 illisa
3841 1586 3924 1621 re·

2357 1652 2596 1705 missiora
2621 1661 2745 1705 sunt
2779 1650 2944 1721 sacta,
2975 1651 3372 1724 earundemque
3391 1653 3556 1709 moles
3577 1654 3741 1709 illisae.
3785 1655 3922 1709 Nam

2357 1728 2500 1802 quod
2523 1729 2830 1804 Apollonius
2857 1730 3084 1806 (2568)
3110 1732 3184 1787 ait
3201 1731 3270 1786 de
3293 1734 3454 1805 petris
3476 1734 3730 1807 Cyaneis:

2479 1862 2641 1913 Kanai
2663 1862 2714 1911 at
2735 1862 2998 1927 σπήλυγγες
3015 1863 3110 1913 ὑπὸ
3133 1862 3359 1921 σπιλάδας
3378 1864 3596 1929 ³9¹⁷!st

2477 1932 2734 1993 κλυζούσης
2757 1932 2866 1991 ἁλὸς
2888 1932 3016 1985 ῑνδσν
3039 1933 3264 1998 tapam
3285 1952 3301 1985 a

2355 2063 2416 2100 ex
2444 2058 2562 2102 ante
2575 2046 2688 2121 jam
2713 2047 2864 2102 dictis
2888 2066 2999 2103 non
3019 2047 3202 2104 fictum
3225 2066 3335 2103 csse
3359 2049 3681 2121 praeimus.
3759 2050 3924 2121 Quod

2352 2140 2522 2185 autem
2571 2132 2801 2203 Cyaneas
2847 2134 3095 2187 Asiaticas
3141 2133 3470 2189 concurrisse
3514 2146 3700 2190 contra
3747 2138 3921 2191 Euro·

2351 2235 2488 2290 pus
2519 2219 2779 2293 Cyaneas,
2819 2239 3008 2295 easque
3053 2222 3216 2277 modo
3251 2222 3481 2290 clausas,
3525 2224 3688 2280 modo
3717 2237 3920 2299 apertas

2353 2304 2516 2360 videri
2561 2306 2906 2375 tradiderint,
2949 2328 3014 2364 ex
3047 2329 3216 2384 eoque
3260 2303 3604 2383 Συνορμοίδας
3621 2304 3642 2343 ³
3671 2324 3725 2367 et
3766 2308 3920 2380 Συμ-

2353 2388 2624 2464 πληγάδας
2669 2407 2722 2452 et
2773 2390 3057 2469 Πλαγκτὰς
3100 2398 3474 2473 appellaverint
3521 2416 3536 2456 ι
3603 2419 3712 2456 non
3769 2420 3920 2457 men-

2349 2480 2559 2537 dacium
2595 2486 2880 2539 commenti
2919 2496 3076 2553 sum,
3107 2484 3200 2541 sed
3227 2486 3496 2559 physicam
3529 2488 3794 2543 veritatem
3827 2508 3919 2544 ex·

2349 2582 2648 2643 presserunt
2675 2590 2741 2626 ex
2786 2574 3015 2645 antiquis
3049 2572 3258 2629 duabus
3292 2575 3544 2647 Cyaneis,
3566 2574 3669 2631 boc
3703 2586 3815 2644 est,
3855 2595 3920 2631 ex

2350 2655 2558 2713 duobus
2579 2658 2842 2713 littoribus
2863 2660 3156 2733 Bosporum
3178 2659 3528 2731 cingentibus,
3554 2678 3670 2735 qna
3695 2672 3920 2735 utraque

2351 2746 2723 2819 antiquissimis
2750 2747 3075 2821 temporibus
3095 2746 3462 2821 Symplegades
3483 2758 3536 2803 et
3564 2748 3790 2805 Planctae
3823 2768 3918 2825 ap-

2349 2832 2548 2905 pellatae
2588 2844 2740 2901 sunt,
2783 2833 2839 2888 id
2864 2844 2969 2901 est,
3025 2845 3085 2889 ut
3125 2834 3366 2889 Valerius
3409 2837 3516 2899 ait,
3555 2848 3784 2892 errantes
3817 2856 3922 2911 per

2353 2919 2522 2974 altum
2549 2924 2773 2991 Quaere.
2827 2920 2935 2975 111ae
2959 2919 3183 2975 redeunt
3198 2960 3216 2989 ,
3247 2920 3344 2975 illae
3369 2940 3578 2994 aequore
3609 2932 3828 2989 certant,
3852 2941 3918 2978 ex

2351 3024 2434 3073 eo,
2469 3016 2528 3061 ut
2549 3009 2620 3061 ait
2651 3008 3022 3063 Eratosthenes
3051 3006 3176 3081 (ap.
3208 3007 3376 3065 schol.
3404 3010 3592 3082 Eurip.
3619 3008 3764 3064 Med.
3795 3026 3850 3065 a.
3869 3012 3916 3081 ),

2353 3093 2498 3166 quod
2533 3106 2812 3165 angustum
2836 3095 3027 3152 fretum
3060 3106 3114 3151 et
3149 3097 3440 3151 flexuosum
3471 3098 3645 3152 multis
3671 3096 3919 3153 anfi-acti·

2352 3181 2452 3236 bus
2481 3183 2886 3257 circumseptum
2927 3184 3292 3257 navigantibus
3331 3184 3538 3240 videtur
3555 3196 3668 3241 tum
3697 3203 3922 3241 concur-

2353 3288 2469 3326 rere
2493 3282 2546 3327 et
2585 3272 2834 3343 congredi
2852 3314 2868 3337 ‚
2911 3274 3196 3340 occultari,
3235 3272 3436 3341 claudi,
3465 3284 3579 3328 tum
3620 3291 3802 3330 rursus
3835 3274 3918 3329 di·

2351 3355 2498 3427 gredi
2533 3358 2867 3431 aperirique:
2897 3358 3144 3430 proximo
3175 3357 3318 3412 enim
3341 3375 3552 3412 accessu
3587 3360 3916 3431 aperiuntur,

2355 3461 2478 3499 mox
2501 3444 2736 3517 digressu
2753 3462 2964 3499 rursum
2987 3443 3298 3500 delitescunt
3323 3444 3562 3517 Cyaneae.

2987 3610 3083 3673 Fr.
3129 3618 3202 3671 5³
3229 3628 3282 3671 a.

2430 3766 2712 3840 Dionysius
2739 3768 3022 3840 Byzantius
3054 3777 3115 3821 ut
3148 3768 3380 3839 Cyaneas
3409 3768 3694 3821 constituat
3725 3766 3921 3821 insulas

2355 3870 2494 3920 esse,
2520 3864 2696 3907 tamen
2717 3871 2900 3908 omnes
2920 3856 3144 3927 Bospori
3170 3852 3434 3909 anfractus
3460 3854 3536 3907 ait
3557 3850 3922 3925 Symplegadas

2359 3940 2464 3996 dici
2489 3958 2660 4013 pmse.
2702 3945 2878 4015 Neque
2917 3961 3068 4007 vero,
3114 3942 3314 4015 inquit,
3369 3946 3629 4017 Bosporus
3652 3940 3916 4007 dis-ectus,

2357 4029 2450 4083 secl
2465 4028 2742 4085 continuus
2761 4042 2814 4085 et
2833 4029 3112 4105 parallelis
3135 4030 3514 4106 promontoriis
3517 4030 3734 4101 fractus
3745 4048 3922 4105 ,Ῥιπ-

2360 4127 2576 4169 urrant
2602 4114 2738 4169 enim
2774 4128 2826 4169 et
2867 4128 3116 4190 tanquam
3149 4135 3202 4171 se
3232 4115 3454 4171 invicem
3492 4115 3842 4191 supplantant
3870 4129 3923 4172 et

2352 4202 2724 4278 propemodum
2761 4221 2816 4258 se
2861 4203 3132 4278 decipiunt
3179 4204 3540 4279 promontoria
3587 4200 3924 4277 prohibentia

2361 4291 2670 4361 navigantes
2702 4291 2922 4347 ulteria-5
2931 4292 3198 4367 progredi.
3248 4290 3393 4346 Unde
3411 4332 3424 4355 ,
3457 4301 3517 4345 ut
3537 4292 3648 4364 ipse
3672 4292 3764 4358 ait,
3785 4289 3922 4347 milti

2365 4378 2612 4433 videntur
2633 4378 2994 4453 Symplegades
3020 4380 3312 4435 nominasse
3323 4390 3510 4455 petras
3527 4419 3542 4446 ,
3562 4378 3806 4454 quoniam
3825 4378 3924 4434 ad·

2365 4466 2742 4537 navigantibus
2759 4467 2907 4524 modo
2923 4467 3138 4543 aperiri,
3169 4466 3317 4523 modo
3333 4466 3514 4522 claudi
3531 4465 3793 4535 videntur,
3805 4466 3925 4538 sal·

2368 4552 2498 4608 lente
2522 4565 2736 4628 aspectu
2763 4553 3052 4629 opinionem
3081 4577 3102 4609 .·
3134 4555 3194 4609 id
3209 4554 3342 4609 enim
3365 4553 3509 4628 quod
3537 4552 3748 4609 videtur
3758 4552 3886 4623 finis
3901 4594 3918 4619 ,

2366 4640 2553 4697 statim
2571 4640 2897 4716 principium
2923 4660 3031 4697 esse
3045 4654 3284 4718 apparet.

2438 4728 2799 4798 Quamobrem
2861 4730 3022 4801 magis
3071 4730 3286 4803 proprie
3331 4727 3552 4800 Bospori
3604 4725 3924 4783 anfractibus

2367 4816 2611 4871 convenit
2637 4834 2830 4871 nomen
2871 4814 3270 4891 Symplegadum
3305 4826 3358 4869 et
3377 4814 3705 4869 Planctarum
3720 4854 3736 4880 ,
3763 4831 3924 4886 quam

2367 4902 2585 4975 Cyaneis
2611 4902 2820 4969 insulis,
2851 4920 2968 4975 qun
3003 4901 3282 4957 traduntur
3308 4902 3445 4956 inter
3470 4918 3528 4955 se
3557 4900 3917 4968 concurrisse,

2368 4990 2511 5061 quia,
2541 5000 2602 5045 nt
2623 4988 2822 5045 Plinius
2839 4993 2862 5062 (
2876 4993 2930 5059 4,
2957 4990 3040 5059 13,
3072 4992 3170 5066 ¹7)
3195 4991 3286 5056 ait,
3297 5006 3474 5065 parvo
3497 4987 3701 5044 inter-w
3725 4988 3921 5043 disere·

2367 5087 2436 5130 τω
2460 5075 2738 5131 intervallo
2761 5095 2827 5131 ex
2843 5075 3062 5132 adverso
3079 5076 3400 5131 irritantibus
3418 5074 3635 5145 gemina
3650 5074 3922 5131 cerneban-

780 5246 833 5301 3.
876 5246 1193 5321 Συνορμάδας
1236 5250 1373 5306 dixit
1424 5251 1717 5308 Simonides
1742 5292 1759 5318 ,
1816 5262 2037 5309 toetante
2093 5255 2270 5311 schol.
2363 5250 2482 5307 vide
2506 5270 2624 5325 qno
2653 5254 2908 5325 congessit
2932 5252 3119 5309 Ukert.
3151 5255 3344 5325 Geogr.
3378 5263 3512 5308 tom.
3539 5253 3591 5319 3,
3619 5270 3674 5325 p.
3708 5268 3760 5306 a.
3795 5252 3816 5322 ΙΙ
3848 5276 3922 5292 --

704 5328 889 5401 Eurip.
917 5328 1066 5385 Med.
1098 5347 1151 5389 a.
1180 5332 1515 5399 Theocritus,
1552 5334 1634 5399 13,
1658 5350 1720 5389 αι
1749 5334 2092 5407 Συνδρομάδας
2114 5334 2267 5389 dixit.

704 5407 951 5461 Ceterum
987 5406 1057 5463 de
1082 5408 1164 5463 his
1193 5412 1359 5483 petris
1386 5410 1465 5466 vel
1506 5412 1687 5467 insulis
1713 5413 1953 5468 omnium
1987 5414 2272 5469 notissimis

917 5511 1085 5550 asoaa.
1106 5515 1156 5551 n.

2361 5334 2449 5390 rr.
2480 5333 2575 5400 53,
2611 5352 2658 5388 a.
2683 5334 2764 5387 Cf.
2793 5352 2948 5406 supra
2979 5334 3044 5387 sr.
3071 5338 3160 5399 4²·
