4584 6284
1829 424 2292 487 DESCRIPTIO
2334 425 2561 488 omns
2602 427 2906 489 TERRAE.

567 558 686 637 (sss)
713 558 1094 631 impacatorum
1115 558 1286 610 nutrit
1312 555 1508 628 pubem
1527 555 1867 629 populorum.

712 642 882 716 Hujus
907 654 1194 715 utrumque
1211 642 1346 697 latus
1369 643 1540 714 quatit
1569 642 1756 715 amplis
1779 642 1968 698 bruma
1992 642 2230 715 procellis
2251 682 2268 707 ,

567 733 681 787 805
711 731 1160 802 constrictumque
1176 739 1361 784 tenent
1381 729 1526 782 hunc
1559 727 1772 799 frigora.
1791 730 2040 784 Proxima
2067 746 2248 783 rursus

711 819 984 874 Cimmerii
1011 816 1268 890 Sindique
1291 816 1490 873 colunt.
1517 817 1752 871 Cercetia
1779 834 1906 887 gens
1922 828 2001 872 αἱ
2060 870 2066 875 ,

707 916 866 979 atque
891 906 1202 961 Toretarum
1229 916 1446 978 propter
1471 922 1668 977 genus3
1694 904 1928 977 indeque
1963 904 2132 960 Achaei
2159 920 2174 959 t

707 992 775 1047 ab
797 992 998 1048 xsnuni
1025 992 1156 1065 ripis
1181 1002 1340 1063 atquc
1358 990 1500 1046 ldaeo
1519 992 1784 1047 Simoente

710 1080 850 1135 inter
873 1079 1202 1151 cauricrepas
1223 1088 1275 1131 ct
1301 1094 1574 1149 scruposas
1595 1076 1854 1131 convalles

564 1176 680 1231 870
711 1177 1044 1223 transvexere
1060 1166 1241 1221 larem.
1266 1167 1424 1220 Juxta
1455 1182 1580 1235 gens
1613 1182 1793 1237 aspera
1819 1162 1960 1235 degit

709 1254 1002 1321 Heniochi,
1034 1254 1282 1326 Zygiique
1301 1252 1494 1307 dehine
1508 1293 1526 1321 ‚
1549 1254 1641 1323 qui
1667 1270 1826 1323 regna
1849 1251 2122 1322 Pelasgum

709 1340 1008 1413 linquentes
1043 1339 1311 1413 quondam
1336 1349 1616 1393 tenuerunt
1641 1339 1882 1411 proxima
1904 1339 2080 1393 Ponti.

711 1428 942 1499 Impiger
958 1426 1055 1481 hos
1079 1436 1291 1498 propter
1308 1424 1536 1479 Colchus
1563 1426 1690 1479 colit
1717 1442 1732 1479 ε
1763 1426 1862 1480 istc
1893 1424 2052 1479 feraci

711 1512 834 1567 exul
859 1512 926 1567 ab
950 1512 1174 1585 AEgypto
1193 1511 1340 1565 celsa
1363 1512 1490 1565 serit
1509 1528 1690 1584 aspera
1713 1512 1882 1584 rupis.

566 1607 682 1658 8⁷5
711 1601 968 1655 Caucasus
991 1602 1245 1672 Hyrcana
1275 1599 1502 1653 nimium
1521 1601 1880 1655 conterminus
1903 1598 2062 1653 undae
2087 1608 2186 1653 est.

708 1684 878 1756 Hujus
899 1684 1026 1739 valle
1042 1684 1226 1756 procul
1251 1684 1431 1737 Phasis
1455 1686 1644 1755 gemit,
1669 1685 1818 1740 istius
1839 1696 1994 1739 antro

707 1773 912 1841 agmina
935 1770 1274 1843 provolvens,
1308 1772 1608 1844 Circa-que
1633 1771 1810 1843 lapsus
1829 1772 1884 1825 in
1908 1788 2032 1825 arva

704 1855 890 1911 incidit
913 1856 1202 1911 Euxinum.
1221 1856 1453 1911 Borealis
1482 1855 1699 1911 cardine
1719 1856 1841 1911 coeli

703 1959 886 1996 rursus
909 1943 964 1995 in
993 1958 1106 1997 eoae
1135 1942 1264 1996 lucis
1287 1941 1520 1997 confinia
1545 1943 1696 1996 tellus

549 2033 674 2089 ,880
700 2028 943 2083 inclinata
963 2028 1134 2099 jacet,
1157 2030 1368 2099 gemino
1390 2029 1558 2083 vicina
1580 2026 1869 2101 profundo.

701 2115 890 2188 Caspia
908 2132 1036 2169 nam
1059 2114 1161 2170 late
1179 2124 1374 2169 terram
1401 2113 1707 2187 supet-alluit
1725 2114 1866 2168 unda
1888 2153 1904 2179 ‚

700 2206 1002 2277 Euxinique
1019 2203 1196 2258 subest
1211 2213 1418 2274 tergum
1439 2202 1576 2257 salis.
1599 2206 1770 2275 Asper
1792 2202 2019 2257 Hiberus

699 2292 791 2346 hic
813 2292 947 2363 agit,
976 2290 1066 2345 hic
1087 2289 1214 2344 olim
1236 2288 1764 2363 Pyrrhenidepuhus
1787 2289 1854 2344 ab
1879 2306 1976 2344 ora

701 2380 910 2452 cespitis
933 2378 1018 2431 eoi
1041 2378 1210 2431 tenuit
1235 2377 1370 2443 sola,
1407 2394 1504 2431 ceu
1523 2394 1647 2447 vaga
1675 2394 1812 2449 stepo

555 2471 674 2524 88⁵
703 2464 812 2520 fors
831 2465 972 2537 rapit
991 2474 1204 2518 exactos
1227 2463 1414 2536 patria.
1443 2463 1612 2517 Tenet
1637 2480 1850 2535 equora
1875 2464 2046 2534 campi

701 2572 828 2625 gens
855 2552 1233 2607 Camaritarum
1254 2590 1270 2617 ,
1295 2552 1388 2625 qui
1420 2562 1538 2624 post
1565 2552 1848 2605 certamina
1871 2550 2132 2605 Bacchum
2152 2591 2167 2615 ,

699 2640 884 2695 Indica
908 2637 1248 2693 Bassaridum
1279 2655 1402 2693 cum
1426 2636 1642 2693 duceret
1668 2638 1876 2709 agmina
1904 2638 2091 2703 victor,

694 2744 943 2799 accepere
965 2725 1124 2791 casis,
1159 2742 1472 2797 mensasque
1488 2723 1682 2779 dedere
1705 2727 1891 2796 Lyaeo,

695 2812 842 2883 orgia
863 2809 1108 2866 ludentes
1133 2822 1189 2865 et
1221 2810 1443 2865 nebride
1473 2820 1685 2882 pectora
1707 2810 1866 2864 cincti

546 2904 666 2959 890
696 2895 966 2950 deduxere
987 2894 1180 2950 choros
1197 2934 1212 2959 ,
1239 2894 1406 2968 Nysaei
1433 2894 1638 2949 ludicra
1655 2896 1808 2949 ritus.

693 2986 806 3040 Hos
822 3002 980 3057 super
1005 2984 1060 3039 in
1085 2981 1276 3037 linctus
1301 2982 1526 3053 assurgit
1551 2982 1740 3054 Caspia
1763 2981 1980 3052 Tethys.

769 3074 896 3127 Hac
918 3070 1145 3126 dicenda
1171 3070 1335 3134 mihi,
1363 3088 1462 3123 nec
1491 3069 1593 3124 diri
1612 3069 1832 3139 gurgitis
1867 3086 2100 3139 unquam

696 3158 908 3213 lustravi
931 3158 1064 3229 pinu
1090 3156 1222 3210 freta
1247 3156 1494 3219 barbara,
1519 3172 1618 3209 uec
1644 3171 1802 3223 vagus
1823 3154 2008 3207 orbem

696 3244 930 3317 undique
950 3245 1146 3316 reptavi
1170 3262 1184 3299 :
1215 3241 1308 3296 scd
1334 3242 1462 3295 vasti
1484 3242 1702 3295 flumina
1726 3242 1950 3311 Gangis,

551 3336 670 3391 89⁵
697 3333 980 3387 Caucaseas
1004 3350 1147 3385 arces
1171 3341 1224 3385 et
1249 3328 1538 3383 dumicolas
1566 3330 1790 3383 Arienos

700 3421 966 3473 incentore
985 3435 1166 3471 canam
1189 3416 1416 3481 Phoebo,
1451 3415 1725 3486 Musisque
1747 3413 2008 3484 magistris

700 3506 876 3560 omnia
907 3502 1134 3558 veridico
1160 3502 1439 3557 decurrens
1464 3502 1696 3557 carmine
1716 3500 1966 3574 pandam.

769 3594 954 3666 Caspia
971 3610 1066 3665 per
1091 3601 1273 3647 teretes
1292 3591 1488 3663 Tethys
1505 3587 1822 3644 distenditur
1843 3608 1982 3653 oras,

700 3692 753 3737 et
777 3682 990 3736 sinuant
1005 3680 1178 3733 curvis
1204 3680 1341 3733 banc
1371 3689 1534 3733 totam
1550 3677 1706 3732 litora
1730 3678 1904 3731 terris.

551 3775 674 3827 900
699 3770 932 3823 Tantmn
955 3766 1048 3821 sed
1075 3766 1190 3821 suso
1212 3776 1406 3839 pontus
1417 3764 1556 3838 jacet
1577 3766 1674 3819 istc
1693 3763 1964 3837 profundo
1981 3805 1997 3833 ,

703 3867 765 3912 ut
789 3866 870 3911 ter
895 3856 1019 3909 luna
1039 3856 1185 3927 prius
1201 3865 1408 3927 reparet
1429 3853 1554 3909 sacis
1574 3855 1895 3908 incrementa
1917 3894 1932 3915 ‚

699 3963 860 4016 quam
877 3944 996 4016 quis
1017 3944 1296 3998 ceruleum
1323 3942 1478 3997 celeri
1499 3954 1610 3997 rate
1635 3953 1863 3997 transeat
1879 3960 2080 4015 aequor.

697 4031 936 4100 Gurgitis
962 4048 1190 4084 oceanus
1207 4040 1362 4103 pater
1379 4042 1458 4083 est
1482 4045 1498 4085 ε
1521 4046 1748 4100 namque
1772 4030 1868 4083 iste
1895 4030 2012 4084 nive

539 4120 668 4200 (722)
696 4134 796 4171 axe
815 4116 1020 4170 Helices
1046 4115 1204 4169 insert
1222 4115 1394 4189 rapidi
1421 4115 1552 4171 freta
1571 4116 1777 4169 concita
1799 4116 1946 4187 ponti
1963 4154 1980 4181 ,

543 4224 663 4275 905
691 4215 748 4259 et
773 4203 918 4255 sinus
939 4199 1064 4255 inde
1086 4202 1188 4256 sibi
1213 4204 1425 4275 pelagus
1442 4204 1622 4257 trahit.
1649 4205 1753 4258 Hic
1778 4202 2150 4277 vada-propter

557 4294 660 4375 7²⁸)
692 4290 880 4361 Caspia
901 4297 1140 4341 versatur
1162 4288 1354 4361 Scytha
1385 4289 1618 4361 belliger,
1649 4289 1843 4361 hicque
1865 4288 2064 4345 seroces

557 4384 658 4452 7³1)
692 4376 890 4449 degunt
913 4378 1130 4441 Albani3
1157 4386 1277 4429 trux
1309 4374 1413 4429 illic
1443 4394 1566 4430 arva
1593 4376 1834 4430 Cadusus

693 4464 827 4519 dura
848 4476 1022 4530 tenet,
1051 4463 1222 4518 Mardi
1244 4461 1436 4517 celeres
1452 4503 1468 4528 ,
1495 4464 1728 4535 Hyrcani
1755 4465 2038 4536 Apyrique.

695 4552 900 4624 Cespite
921 4552 1094 4606 vicino
1119 4550 1332 4605 Mardus
1359 4551 1478 4605 fluit
1494 4591 1509 4615 ,
1539 4563 1593 4604 et
1615 4551 1804 4622 procul
1829 4553 1968 4623 ipsos

547 4642 666 4694 010
696 4639 895 4693 accedit
918 4642 1162 4703 Bactros5
1186 4640 1443 4708 attingens
1462 4636 1698 4709 denique
1725 4649 1932 4693 atroces

694 4726 902 4795 agmine
923 4723 1203 4778 Dcrcebios
1219 4762 1235 4789 ,
1262 4723 1468 4777 medius
1489 4722 1822 4778 disterminat
1836 4725 2022 4779 ambos
2037 4765 2053 4791 ,

533 4812 664 4894 (πο)
695 4812 1032 4883 Hyrcanique
1051 4809 1168 4863 salis
1191 4808 1396 4863 tumido
1419 4809 1748 4864 convolvitur
1769 4821 1919 4865 aestu.

691 4898 796 4953 Sed
820 4900 1075 4952 Bactrena
1095 4898 1206 4952 solo
1225 4909 1368 4951 vasto
1387 4898 1572 4971 procul
1589 4915 1714 4951 arva
1730 4896 2004 4967 recedunt,

691 4986 1040 5056 Parnassique
1053 4983 1169 5056 jugi
1203 4986 1392 5055 tegitur
1418 5003 1542 5055 gens
1567 4983 1787 5057 rupibus
1804 4985 1926 5042 illa:

537 5079 656 5133 915
691 5072 976 5127 Deroebios
1001 5072 1142 5126 aliud
1166 5074 1375 5126 cohibet
1401 5072 1532 5125 latus
1548 5110 1564 5135 ,
1603 5083 1657 5125 et
1678 5071 1809 5126 vada
1841 5074 2011 5143 tangit

689 5160 892 5233 Caspia.
917 5161 1059 5214 Tum
1086 5160 1210 5215 clari
1227 5160 1483 5233 pharetris
1501 5160 1724 5232 agilique
1743 5160 1927 5230 sagitta

533 5243 657 5323 (Ἰν)
687 5249 986 5317 umgetae
1013 5246 1180 5316 glauci
1199 5244 1488 5299 succedunt
1511 5246 1708 5299 flumen
1730 5247 1918 5299 Araxis
1933 5284 1950 5312 ,

2360 555 2557 611 durum
2578 556 2646 612 ab
2668 558 2832 631 stirpe
2850 576 3013 630 genus
3028 598 3045 627 ,
3070 558 3285 633 placidae
3304 578 3453 615 mens
3472 564 3642 617 nescia
3663 564 3803 630 vito,

2364 642 2607 713 ignorant
2627 644 2772 699 flavae
2795 644 3001 699 Cereris
3024 647 3337 701 commercia
3355 686 3371 714 ,
3400 648 3591 703 Bacchi

2360 747 2566 802 semper
2588 730 2879 804 inexpertes
2894 732 3123 785 animam
3145 742 3349 787 traxere
3376 732 3617 790 ferinam.

2361 818 2457 871 His
2480 818 2629 873 cibus
2646 828 2699 873 et
2710 829 2865 891 potus
2886 817 3044 873 simul
3062 829 3142 873 cst
3152 838 3168 885 ς
3190 837 3315 873 nam
3330 822 3635 891 sanguinem
3658 823 3909 895 equinum

2360 914 2413 959 et
2431 904 2511 959 lac
2531 916 2833 961 concretum
2857 924 2952 979 per
2966 905 3187 961 barbara
3204 918 3416 977 guttura
3432 909 3666 965 sorbent.

2358 992 2469 1046 Nec
2493 993 2680 1065 procul
2704 993 2771 1049 ad
2790 993 2983 1048 borean
3002 992 3105 1047 diri
3128 1011 3349 1066 posuere
3374 996 3647 1051 Chorasmi

2358 1080 2613 1154 hospitia,
2639 1092 2693 1137 et
2716 1081 2867 1154 juxta
2882 1080 3149 1155 protendit
3166 1082 3385 1153 Sugdias
3406 1102 3557 1154 agros
3572 1124 3590 1149 ,

2356 1167 2577 1238 Sugdias
2592 1206 2607 1233 ,
2630 1170 2826 1240 ingenti
2853 1186 3013 1241 quam
3032 1168 3255 1223 flumine
3272 1166 3475 1224 dissicit
3504 1171 3672 1224 Oxus.

2355 1257 2459 1311 Hic
2480 1257 2665 1331 procul
2680 1258 2873 1312 Emodi
2892 1258 2989 1313 late
3012 1259 3119 1313 ruit
3144 1275 3329 1328 aggere
3356 1260 3551 1313 montis
3566 1297 3584 1324 ,

2355 1353 2409 1396 et
2431 1360 2527 1416 per
2555 1344 2785 1417 prolixos
2808 1355 3015 1399 evectus
3034 1346 3275 1415 protinus
3300 1362 3453 1415 agros

2356 1429 2540 1502 Caspia
2556 1429 2797 1502 propellit
2818 1430 2983 1485 fluctu
3000 1429 3147 1484 freta.
3170 1434 3291 1499 Qua
3306 1431 3447 1501 perit
3470 1428 3627 1502 hujus

2356 1514 2587 1569 fluminis
2612 1534 2673 1570 os
2688 1556 2704 1581 ‚
2734 1514 2837 1571 diri
2860 1517 2998 1589 ripas
3018 1516 3255 1571 habitant
3276 1519 3515 1571 Iaxartae.

2353 1600 2595 1655 Tendere
2616 1620 2723 1656 non
2740 1601 2935 1656 horum
2960 1603 3237 1674 quisquam
3264 1605 3541 1658 certaverit
3564 1619 3717 1655 arcus
3749 1620 3764 1657 z

2354 1686 2582 1741 ambitus
2603 1686 2699 1741 hos
2722 1688 2915 1741 etenim
2932 1687 3125 1742 multus
3156 1689 3347 1754 trahit,
3374 1700 3426 1741 et
3452 1706 3607 1759 grave
3628 1688 3805 1742 curvis

2354 1770 2561 1847 pondus
2581 1774 2715 1828 inest
2736 1774 2867 1828 taxis
2882 1813 2899 1839 ,
2932 1772 3089 1845 longo
3110 1785 3235 1829 sunt
3262 1774 3463 1847 spicula
3481 1774 3622 1827 ferro
3638 1813 3654 1840 ,

2354 1869 2408 1913 et
2424 1860 2569 1929 rigor
2586 1861 2643 1913 in
2669 1861 2841 1915 nervis
2863 1860 3019 1915 veluti
3045 1860 3218 1915 bovis.
3242 1859 3377 1915 Inde
3398 1862 3601 1915 cruenti

2353 1955 2477 1999 sunt
2493 1946 2721 2001 Tochari
2733 1987 2750 2013 ,
2777 1946 3081 2017 Phrunique
3100 1958 3272 2001 truces
3285 1988 3300 2011 ‚
3328 1958 3383 2002 et
3408 1946 3670 2019 inhospita
3686 1950 3835 2002 Seres

2354 2050 2477 2086 arva
2495 2032 2749 2087 habitant.
2778 2033 3037 2104 Gregibus
3055 2034 3301 2106 permixti
3324 2034 3614 2105 oviumque
3632 2034 3908 2106 boumque
3936 2032 4053 2087 006

3940 744 4058 801 92⁰

3944 894 4069 976 (⁷⁴⁸)

3942 1497 4066 1578 ‹m›

3939 1599 4057 1652 030

2354 2117 2542 2173 vellera
2560 2138 2655 2193 per
2674 2119 2829 2175 silvas
2853 2122 3003 2175 Seres
3030 2120 3315 2175 nemoralia
3332 2132 3577 2194 carpunt.
3938 2111 4060 2197 (m)

2358 2206 2549 2261 Ultima
2568 2208 2860 2281 Epetrimos
2888 2208 3035 2263 tellus
3055 2208 3214 2263 habet
3228 2249 3245 2275 ‚
3274 2220 3329 2265 et
3349 2209 3539 2283 procul
3557 2210 3654 2266 ista

2354 2312 2497 2348 cassa
2516 2295 2687 2350 virum
2708 2305 2813 2361 est,
2842 2295 2995 2349 nullis
3012 2312 3261 2368 pecorum
3292 2295 3552 2351 balatibus
3577 2298 3691 2369 agri

2356 2381 2672 2453 persultant,
2696 2380 2871 2437 herhae
2895 2380 3083 2435 viduus
3101 2380 3241 2454 jacet
3258 2381 3495 2455 undique
3518 2402 3723 2457 cespes,
3936 2377 4064 2456 (70⁰)

2355 2466 2543 2530 fronde
2572 2470 2741 2534 caret¹,
2768 2484 3025 2540 nusquam
3052 2478 3217 2524 terras
3246 2469 3521 2523 intersecat
3541 2472 3729 2528 amnis.
3933 2466 4051 2520 040

2354 2553 2543 2625 Caspia
2559 2562 2638 2608 tot
2664 2551 2763 2608 late
2788 2550 3115 2607 circumdant
3134 2569 3344 2625 aequora
3370 2563 3571 2625 gentes.

2421 2642 2577 2696 Nune
2592 2658 2801 2695 rursum
2821 2640 2890 2695 ab
2920 2639 3127 2695 Colchis
3147 2651 3199 2695 et
3228 2639 3396 2712 glauci
3414 2640 3651 2697 Phasidis
3669 2642 3827 2697 undis

2349 2723 2629 2782 occiduum
2645 2724 2713 2781 ad
2740 2725 2900 2782 solem
2920 2724 3141 2798 populos
3162 2736 3448 2780 memorate
3462 2765 3480 2790 ,
3500 2726 3739 2783 camena:
3756 2769 3772 2791 ,

2350 2832 2517 2886 usque
2542 2815 2599 2868 in
2616 2814 2845 2869 Threicii
2870 2813 3040 2869 fauces
3062 2814 3239 2867 maris.
3268 2815 3468 2883 Aspera
3488 2812 3718 2884 primum
3934 2808 4054 2890 (7ο)

2349 2902 2605 2971 Byzerum
2632 2918 2757 2972 gens
2780 2910 2887 2969 est;
2913 2900 3016 2955 diri
3038 2896 3295 2955 suntindc
3324 2897 3554 2963 Bechiri,
3932 2896 4048 2955 946

2349 2988 2623 3040 Ramnes
2660 2984 2995 3057 Philyresque
3012 3025 3028 3053 ,
3056 2997 3109 3041 et
3133 2984 3319 3058 pernix
3341 2984 3633 3040 Duratesm
3651 3003 3798 3055 gens.

2348 3070 2481 3126 Inde
2503 3071 2783 3135 Tibareni,
2811 3070 3065 3143 Chalybes
3082 3089 3241 3142 super
3255 3110 3271 3135 ,
3293 3088 3418 3125 arva
3442 3069 3533 3124 ubi
3560 3069 3685 3124 ferri

2348 3156 2477 3210 ditia
2494 3155 2724 3210 vulnifici
2746 3157 3001 3228 crepitant
3019 3155 3299 3210 incudibus
3314 3154 3448 3209 altis.
3930 3150 4053 3229 (m)

2351 3243 2475 3295 Post
2498 3240 2597 3295 lios
2624 3242 2843 3313 Assyria
2866 3240 3156 3295 tenduntur
3174 3238 3357 3311 jugera
3377 3251 3555 3305 ten-ce,

2347 3329 2700 3401 Armenioque
2714 3326 2845 3399 jugo
2870 3328 2970 3382 late
2996 3346 3210 3399 surgens
3234 3328 3576 3381 Thermodon
3925 3336 4043 3389 950

2346 3418 2510 3487 gentis
2533 3415 2912 3471 Amazonidum
2938 3415 3121 3471 lambit
3144 3426 3275 3471 sata.
3298 3415 3409 3469 Nec
3434 3416 3605 3471 minus
3632 3416 3740 3470 illic

2344 3504 2561 3575 erigitur
2586 3502 2719 3557 celsa
2740 3504 2793 3556 in
2818 3500 3014 3574 fastigia
3036 3502 3205 3575 prisca
3230 3502 3441 3574 Sinope.
3928 3496 4051 3576 (⁷7⁸)

2346 3592 2495 3645 Hanc
2520 3590 2705 3644 urbem
2728 3588 3013 3660 quondam,
3034 3590 3209 3660 magni
3230 3590 3377 3643 Jovis
3404 3588 3581 3653 ardor,
3612 3591 3805 3662 Asopis

2346 3680 2491 3748 virgo
2506 3715 2521 3740 ,
2548 3676 2721 3730 locans
2740 3693 2886 3730 saevae
2904 3686 3119 3748 propter
3144 3675 3371 3730 confinia
3394 3685 3571 3742 terrae,

2343 3753 2515 3818 aulam
2543 3762 2759 3829 habuit,
2789 3760 3099 3834 plebemque
3123 3780 3220 3815 suo
3238 3760 3305 3815 de
3326 3762 3543 3816 nomine
3568 3760 3725 3816 dixit.
3925 3767 4043 3821 055

2342 3852 2451 3904 Nee
2470 3848 2653 3921 procul
2680 3849 2801 3902 hinc
2825 3866 2987 3922 purus
3010 3848 3214 3903 laticem
3234 3846 3562 3921 provolvitur
3586 3850 3721 3914 Iris;
3927 3838 4053 3918 (783)

2344 3949 2395 3991 et
2418 3937 2551 3991 citus
2570 3936 2829 3990 Armeniae
2854 3952 3065 3989 rursum
3092 3933 3415 3989 convallibus
3436 3934 3568 3988 arcis
3583 3974 3599 4000 ,

2345 4041 2449 4095 qua
2466 4033 2667 4077 vastum
2693 4022 2746 4075 in
2774 4022 2983 4093 pelagus
3003 4022 3169 4092 vergit
3190 4038 3373 4075 saxosa
3401 4020 3699 4085 Carambis,

2345 4112 2511 4181 surgit
2533 4109 2710 4181 Halys.
2728 4110 2865 4163 Tum
2888 4108 3276 4182 Paphlagonum
3303 4119 3412 4162 sata
3428 4107 3581 4179 longa
3597 4119 3892 4181 patescunt,

2344 4209 2399 4253 et
2417 4194 2821 4268 Mariandynum
2847 4213 2973 4266 gens
2994 4195 3174 4249 incolit
3192 4233 3208 4260 ,
3240 4193 3381 4248 unde
3408 4193 3662 4249 triformis
3923 4200 4041 4252 000

2344 4305 2437 4341 ora
2463 4286 2605 4340 canis
2630 4301 2840 4356 superas
2872 4280 3141 4356 quondam
3165 4282 3422 4356 produxit
3453 4284 3509 4337 in
3530 4301 3683 4338 auras

2344 4373 2551 4430 Alcides
2577 4370 2769 4427 Erebo.
2802 4373 3019 4443 Propter
3042 4370 3283 4442 Bithynia
3305 4368 3508 4441 glebam
3926 4362 4053 4443 (7⁹0)

2344 4465 2553 4519 exserit.
2572 4464 2675 4517 Hic
2692 4462 2790 4516 late
2804 4461 3004 4515 Rhebas
3020 4458 3320 4513 extenditur
3339 4460 3533 4525 amnis,

2345 4552 2551 4607 Rhebas
2567 4592 2583 4617 ,
2604 4549 2783 4623 cyanei
2808 4550 2899 4621 qui
2915 4547 3113 4603 dissicit
3134 4566 3341 4621 :equora
3361 4550 3529 4620 ponti,
3922 4534 4043 4673 (9⁷32)

2344 4638 2551 4692 Rhebas
2567 4678 2583 4703 ,
2604 4647 2817 4705 argento
2845 4635 3062 4689 similem
3087 4636 3178 4707 qui
3205 4636 3430 4707 porrigit
3454 4633 3671 4689 undam.

2414 4726 2483 4779 Hi
2504 4726 2729 4779 Pontum
2760 4725 2974 4793 cingunt
2990 4722 3187 4795 populi.
3206 4722 3256 4775 N
3260 4740 3364 4775 unc
3384 4721 3469 4775 illa
3495 4732 3716 4775 canetur

2341 4832 2435 4868 ora
2456 4814 2621 4878 Asiae,
2651 4812 2857 4883 glaucus
2882 4812 3045 4885 pelagi
3070 4827 3228 4882 quam
3252 4807 3449 4862 subluit
3475 4818 3649 4874 aestus,

2340 4918 2437 4954 axe
2462 4900 2573 4953 noti
2599 4900 2651 4952 in
2678 4898 2850 4952 sauoes
2872 4896 3037 4970 rapidi
3062 4896 3244 4968 procul
3271 4896 3621 4970 Hellesponti,

2339 4996 2393 5038 et
2412 4983 2543 5039 freta
2562 5002 2666 5055 qua
2690 4993 2933 5055 spumant
2956 4983 3195 5053 AEgyptia
3216 4982 3455 5053 partibus
3473 4982 3667 5047 austri,

2340 5089 2507 5144 usque
2530 5071 2729 5126 Arabas
2753 5082 2804 5124 et
2816 5070 2968 5139 longa
2989 5070 3129 5141 Syrae
3154 5068 3383 5123 confinia
3403 5079 3574 5122 terrae.

2340 5162 2553 5214 Dictum
2565 5158 2776 5223 etenim,
2793 5168 3014 5229 quantus
3030 5154 3221 5227 rigidas
3238 5156 3425 5229 Scytha
3438 5154 3589 5227 degat
3600 5154 3667 5209 ad
3683 5164 3875 5211 arctos.

3919 4885 4040 4966 (σω)

3914 5068 4031 5125 070

2276 5241 2290 5288 ⁸
2336 5244 2635 5300 Chalcedon
2664 5245 2894 5298 tumulus
2924 5244 3087 5298 fluctu
3112 5242 3469 5298 circumdatus
3494 5242 3599 5296 alto
