<?xml version="1.0" encoding="UTF-8"?>
<!DOCTYPE html PUBLIC "-//W3C//DTD XHTML 1.0 Transitional//EN"
    "http://www.w3.org/TR/xhtml1/DTD/xhtml1-transitional.dtd">
<html xmlns="http://www.w3.org/1999/xhtml" xml:lang="en" lang="en">
 <head>
  <title>
</title>
<meta http-equiv="Content-Type" content="text/html;charset=utf-8" />
  <meta name='ocr-system' content='tesseract 3.04.00' />
  <meta name='ocr-capabilities' content='ocr_page ocr_carea ocr_par ocr_line ocrx_word'/>
</head>
<body>
  <div class='ocr_page' id='page_1' title='image "./geographigraeci05mlgoog_0231.png"; bbox 0 0 4584 6284; ppageno 0'>
   <div class='ocr_carea' id='block_1_1' title="bbox 1929 550 2678 615">
    <p class='ocr_par' dir='ltr' id='par_1_1' title="bbox 1929 550 2678 615">
     <span class='ocr_line' id='line_1_1' title="bbox 1929 550 2678 615; baseline -0.004 -2"><span class='ocrx_word' id='word_1_1' title='bbox 1929 551 2154 615; x_wconf 74' lang='lat' dir='ltr'>omns</span> <span class='ocrx_word' id='word_1_2' title='bbox 2194 550 2469 613; x_wconf 85' lang='lat' dir='ltr'>DESCRl</span> <span class='ocrx_word' id='word_1_3' title='bbox 2482 550 2678 611; x_wconf 67' lang='lat'>[³110.</span> 
     </span>
    </p>
   </div>
   <div class='ocr_carea' id='block_1_2' title="bbox 3786 564 3896 617">
    <p class='ocr_par' dir='ltr' id='par_1_2' title="bbox 3786 564 3896 617">
     <span class='ocr_line' id='line_1_2' title="bbox 3786 564 3896 617; baseline 0.036 -4"><span class='ocrx_word' id='word_1_4' title='bbox 3786 564 3896 617; x_wconf 70' lang='grc'>157</span> 
     </span>
    </p>
   </div>
   <div class='ocr_carea' id='block_1_3' title="bbox 853 685 3389 773">
    <p class='ocr_par' dir='ltr' id='par_1_3' title="bbox 853 685 3389 773">
     <span class='ocr_line' id='line_1_3' title="bbox 853 685 3389 773; baseline -0.003 -19"><span class='ocrx_word' id='word_1_5' title='bbox 853 694 974 755; x_wconf 72' lang='grc' dir='ltr'>Τῶν</span> <span class='ocrx_word' id='word_1_6' title='bbox 999 691 1055 752; x_wconf 66' lang='grc' dir='ltr'>δὲ</span> <span class='ocrx_word' id='word_1_7' title='bbox 1079 689 1210 773; x_wconf 78' lang='grc' dir='ltr'>πρὸς</span> <span class='ocrx_word' id='word_1_8' title='bbox 1228 691 1469 761; x_wconf 76' lang='grc' dir='ltr'>ἄντολιην</span> <span class='ocrx_word' id='word_1_9' title='bbox 1491 688 1726 766; x_wconf 84' lang='grc' dir='ltr'>μεσάτην</span> <span class='ocrx_word' id='word_1_10' title='bbox 1745 688 1906 769; x_wconf 79' lang='grc' dir='ltr'>χθόνα</span> <span class='ocrx_word' id='word_1_11' title='bbox 1923 685 2245 748; x_wconf 73' lang='grc' dir='ltr'>ναιετάουσιν</span> <span class='ocrx_word' id='word_1_12' title='bbox 2338 693 2435 747; x_wconf 85' lang='lat' dir='ltr'>His</span> <span class='ocrx_word' id='word_1_13' title='bbox 2463 691 2533 747; x_wconf 88' lang='lat' dir='ltr'>ad</span> <span class='ocrx_word' id='word_1_14' title='bbox 2558 703 2739 747; x_wconf 85' lang='lat' dir='ltr'>ortum</span> <span class='ocrx_word' id='word_1_15' title='bbox 2758 690 3127 747; x_wconf 76' lang='lat' dir='ltr'>mediterranei</span> <span class='ocrx_word' id='word_1_16' title='bbox 3150 689 3389 747; x_wconf 85' lang='lat' dir='ltr'>habitant</span> 
     </span>
    </p>
   </div>
   <div class='ocr_carea' id='block_1_4' title="bbox 847 773 2048 862">
    <p class='ocr_par' dir='ltr' id='par_1_4' title="bbox 847 773 2048 862">
     <span class='ocr_line' id='line_1_4' title="bbox 847 773 2048 862; baseline -0.006 -21"><span class='ocrx_word' id='word_1_17' title='bbox 847 780 1008 862; x_wconf 75' lang='grc' dir='ltr'>ἴδριες</span> <span class='ocrx_word' id='word_1_18' title='bbox 1026 783 1078 841; x_wconf 69' lang='grc' dir='ltr'>ἐν</span> <span class='ocrx_word' id='word_1_19' title='bbox 1100 776 1380 855; x_wconf 73' lang='grc' dir='ltr'><strong>πολέμοισι</strong></span> <span class='ocrx_word' id='word_1_20' title='bbox 1407 775 1671 845; x_wconf 74' lang='grc' dir='ltr'>Λυκάονες</span> <span class='ocrx_word' id='word_1_21' title='bbox 1700 773 2048 856; x_wconf 75' lang='grc' dir='ltr'>ἀγκυλότοξοι.</span> 
     </span>
    </p>
   </div>
   <div class='ocr_carea' id='block_1_5' title="bbox 2337 778 3648 852">
    <p class='ocr_par' dir='ltr' id='par_1_5' title="bbox 2337 778 3648 852">
     <span class='ocr_line' id='line_1_5' title="bbox 2337 778 3648 852; baseline 0.002 -17"><span class='ocrx_word' id='word_1_22' title='bbox 2337 778 2595 836; x_wconf 74' lang='lat' dir='ltr'>bellonam</span> <span class='ocrx_word' id='word_1_23' title='bbox 2612 778 2769 852; x_wconf 87' lang='lat' dir='ltr'>periti</span> <span class='ocrx_word' id='word_1_24' title='bbox 2794 780 3063 851; x_wconf 72' lang='lat' dir='ltr'>Lycaones</span> <span class='ocrx_word' id='word_1_25' title='bbox 3089 794 3349 851; x_wconf 88' lang='lat' dir='ltr'>arcusque</span> <span class='ocrx_word' id='word_1_26' title='bbox 3370 788 3648 849; x_wconf 77' lang='lat' dir='ltr'>gestantes.</span> 
     </span>
    </p>
   </div>
   <div class='ocr_carea' id='block_1_6' title="bbox 847 855 3655 947">
    <p class='ocr_par' dir='ltr' id='par_1_6' title="bbox 847 855 3655 947">
     <span class='ocr_line' id='line_1_6' title="bbox 847 855 3655 947; baseline -0.003 -18"><span class='ocrx_word' id='word_1_27' title='bbox 847 870 972 939; x_wconf 81' lang='grc' dir='ltr'>Τοῖς</span> <span class='ocrx_word' id='word_1_28' title='bbox 999 869 1047 928; x_wconf 81' lang='grc' dir='ltr'>δ’</span> <span class='ocrx_word' id='word_1_29' title='bbox 1074 865 1165 928; x_wconf 66' lang='grc' dir='ltr'>ἔπι</span> <span class='ocrx_word' id='word_1_30' title='bbox 1189 865 1458 929; x_wconf 83' lang='grc' dir='ltr'>Πισιδίων</span> <span class='ocrx_word' id='word_1_31' title='bbox 1485 866 1710 947; x_wconf 80' lang='grc' dir='ltr'>λιπαρὸν</span> <span class='ocrx_word' id='word_1_32' title='bbox 1737 863 1915 937; x_wconf 69' lang='grc' dir='ltr'>πέδον,</span> <span class='ocrx_word' id='word_1_33' title='bbox 1939 855 2034 945; x_wconf 71' lang='grc' dir='ltr'>ᾗχι</span> <span class='ocrx_word' id='word_1_34' title='bbox 2055 862 2246 933; x_wconf 89' lang='grc' dir='ltr'>πόληες</span> <span class='ocrx_word' id='word_1_35' title='bbox 2335 870 2461 923; x_wconf 88' lang='lat' dir='ltr'>Post</span> <span class='ocrx_word' id='word_1_36' title='bbox 2484 866 2585 922; x_wconf 87' lang='lat' dir='ltr'>hos</span> <span class='ocrx_word' id='word_1_37' title='bbox 2604 864 2901 922; x_wconf 72' lang='lat' dir='ltr'>Pisidarum</span> <span class='ocrx_word' id='word_1_38' title='bbox 2927 866 3123 939; x_wconf 77' lang='lat' dir='ltr'>pingue</span> <span class='ocrx_word' id='word_1_39' title='bbox 3146 864 3321 920; x_wconf 84' lang='lat' dir='ltr'>solum</span> <span class='ocrx_word' id='word_1_40' title='bbox 3342 906 3361 931; x_wconf 89' lang='lat'><em>,</em></span> <span class='ocrx_word' id='word_1_41' title='bbox 3382 866 3475 921; x_wconf 89' lang='lat' dir='ltr'>ubi</span> <span class='ocrx_word' id='word_1_42' title='bbox 3498 867 3655 923; x_wconf 80' lang='lat' dir='ltr'>urbes</span> 
     </span>
    </p>
   </div>
   <div class='ocr_carea' id='block_1_7' title="bbox 710 950 2246 2268">
    <p class='ocr_par' dir='ltr' id='par_1_7' title="bbox 710 950 2246 2268">
     <span class='ocr_line' id='line_1_7' title="bbox 844 950 2242 1037; baseline -0.006 -20"><span class='ocrx_word' id='word_1_43' title='bbox 844 954 1162 1037; x_wconf 74' lang='grc' dir='ltr'>Τερμησσὸς</span> <span class='ocrx_word' id='word_1_44' title='bbox 1183 952 1368 1034; x_wconf 76' lang='grc' dir='ltr'>Λῦρόη</span> <span class='ocrx_word' id='word_1_45' title='bbox 1383 976 1441 1013; x_wconf 87' lang='grc' dir='ltr'>τε</span> <span class='ocrx_word' id='word_1_46' title='bbox 1469 952 1560 1013; x_wconf 77' lang='grc' dir='ltr'>καὶ</span> <span class='ocrx_word' id='word_1_47' title='bbox 1578 951 1644 1026; x_wconf 76' lang='grc' dir='ltr'>ἣν</span> <span class='ocrx_word' id='word_1_48' title='bbox 1659 952 1972 1013; x_wconf 69' lang='grc' dir='ltr'>ἐπολίσσατο</span> <span class='ocrx_word' id='word_1_49' title='bbox 1984 952 2107 1018; x_wconf 70' lang='grc' dir='ltr'>λαὸς</span> <span class='ocrx_word' id='word_1_50' title='bbox 2127 950 2242 1029; x_wconf 86' lang='grc' dir='ltr'>[γη.</span> 
     </span>
     <span class='ocr_line' id='line_1_8' title="bbox 852 1038 2246 1124; baseline -0.006 -23"><span class='ocrx_word' id='word_1_51' title='bbox 852 1043 978 1124; x_wconf 90' lang='grc' dir='ltr'>πρίν</span> <span class='ocrx_word' id='word_1_52' title='bbox 997 1045 1116 1102; x_wconf 79' lang='grc' dir='ltr'>ποτ’</span> <span class='ocrx_word' id='word_1_53' title='bbox 1131 1040 1462 1119; x_wconf 71' lang='grc' dir='ltr'>Ἀμυκλαίων</span> <span class='ocrx_word' id='word_1_54' title='bbox 1483 1038 1857 1117; x_wconf 78' lang='grc' dir='ltr'>μεγαλώνυμος</span> <span class='ocrx_word' id='word_1_55' title='bbox 1876 1044 1928 1101; x_wconf 71' lang='grc' dir='ltr'>ἒν</span> <span class='ocrx_word' id='word_1_56' title='bbox 1947 1038 2090 1121; x_wconf 73' lang='grc' dir='ltr'>χθονὶ</span> <span class='ocrx_word' id='word_1_57' title='bbox 2112 1046 2246 1107; x_wconf 63' lang='lat' dir='ltr'>ZO-</span> 
     </span>
     <span class='ocr_line' id='line_1_9' title="bbox 849 1122 2162 1209; baseline 0 -16"><span class='ocrx_word' id='word_1_58' title='bbox 849 1133 1038 1193; x_wconf 84' lang='grc' dir='ltr'>Κεῖθεν</span> <span class='ocrx_word' id='word_1_59' title='bbox 1062 1132 1108 1190; x_wconf 78' lang='grc' dir='ltr'>δ’</span> <span class='ocrx_word' id='word_1_60' title='bbox 1131 1130 1204 1197; x_wconf 77' lang='grc' dir='ltr'>εἷς</span> <span class='ocrx_word' id='word_1_61' title='bbox 1227 1127 1389 1209; x_wconf 80' lang='grc' dir='ltr'>αὐγὰς</span> <span class='ocrx_word' id='word_1_62' title='bbox 1416 1126 1620 1189; x_wconf 76' lang='grc' dir='ltr'>σκολιὸν</span> <span class='ocrx_word' id='word_1_63' title='bbox 1641 1128 2000 1207; x_wconf 76' lang='grc' dir='ltr'>περιτέμνεται</span> <span class='ocrx_word' id='word_1_64' title='bbox 2017 1122 2162 1209; x_wconf 72' lang='grc' dir='ltr'>οἷμον</span> 
     </span>
     <span class='ocr_line' id='line_1_10' title="bbox 847 1214 2106 1301; baseline -0.002 -22"><span class='ocrx_word' id='word_1_65' title='bbox 847 1219 1044 1279; x_wconf 80' lang='grc' dir='ltr'>πολλὸν</span> <span class='ocrx_word' id='word_1_66' title='bbox 1073 1217 1180 1279; x_wconf 68' lang='grc' dir='ltr'>ἔσω</span> <span class='ocrx_word' id='word_1_67' title='bbox 1203 1217 1427 1297; x_wconf 73' lang='grc' dir='ltr'>βεὸαυῖα</span> <span class='ocrx_word' id='word_1_68' title='bbox 1455 1214 1762 1297; x_wconf 81' lang='grc' dir='ltr'>περίδρομος</span> <span class='ocrx_word' id='word_1_69' title='bbox 1787 1217 2070 1301; x_wconf 66' lang='grc' dir='ltr'>ἀμφιτρίτη</span> <span class='ocrx_word' id='word_1_70' title='bbox 2087 1265 2106 1296; x_wconf 87' lang='grc'>,</span> 
     </span>
     <span class='ocr_line' id='line_1_11' title="bbox 845 1302 2042 1384; baseline -0.001 -16"><span class='ocrx_word' id='word_1_71' title='bbox 845 1307 1041 1384; x_wconf 87' lang='grc' dir='ltr'>γείτων</span> <span class='ocrx_word' id='word_1_72' title='bbox 1071 1305 1334 1377; x_wconf 78' lang='grc' dir='ltr'>Εὗξείνοιο</span> <span class='ocrx_word' id='word_1_73' title='bbox 1355 1302 1732 1366; x_wconf 77' lang='grc' dir='ltr'>πολυκλύστοιο</span> <span class='ocrx_word' id='word_1_74' title='bbox 1758 1306 2042 1381; x_wconf 75' lang='grc' dir='ltr'>θαλάσσης.</span> 
     </span>
     <span class='ocr_line' id='line_1_12' title="bbox 855 1391 2160 1475; baseline -0.004 -16"><span class='ocrx_word' id='word_1_75' title='bbox 855 1392 1042 1465; x_wconf 77' lang='grc' dir='ltr'>Κεῖνός</span> <span class='ocrx_word' id='word_1_76' title='bbox 1061 1417 1142 1455; x_wconf 84' lang='grc' dir='ltr'>τοι</span> <span class='ocrx_word' id='word_1_77' title='bbox 1173 1392 1404 1457; x_wconf 79' lang='grc' dir='ltr'>Κιλίκων</span> <span class='ocrx_word' id='word_1_78' title='bbox 1435 1393 1766 1475; x_wconf 79' lang='grc' dir='ltr'>περισόρεται</span> <span class='ocrx_word' id='word_1_79' title='bbox 1800 1391 1948 1454; x_wconf 66' lang='grc' dir='ltr'>ἔθνεα</span> <span class='ocrx_word' id='word_1_80' title='bbox 1969 1394 2160 1465; x_wconf 81' lang='grc' dir='ltr'>κόλπος</span> 
     </span>
     <span class='ocr_line' id='line_1_13' title="bbox 725 1478 2235 1565; baseline 0.004 -23"><span class='ocrx_word' id='word_1_81' title='bbox 725 1506 809 1547; x_wconf 81' lang='lat' dir='ltr'>sss</span> <span class='ocrx_word' id='word_1_82' title='bbox 849 1483 1048 1565; x_wconf 84' lang='grc' dir='ltr'>μακρὸς</span> <span class='ocrx_word' id='word_1_83' title='bbox 1076 1483 1160 1543; x_wconf 69' lang='grc' dir='ltr'>ἔπ’</span> <span class='ocrx_word' id='word_1_84' title='bbox 1187 1480 1448 1554; x_wconf 74' lang='grc' dir='ltr'>ᾶντολίην·</span> <span class='ocrx_word' id='word_1_85' title='bbox 1471 1479 1642 1555; x_wconf 82' lang='grc' dir='ltr'>Ἀσίης</span> <span class='ocrx_word' id='word_1_86' title='bbox 1669 1479 1724 1541; x_wconf 76' lang='grc' dir='ltr'>δὲ</span> <span class='ocrx_word' id='word_1_87' title='bbox 1753 1478 1929 1541; x_wconf 80' lang='grc' dir='ltr'>στεινᾶ</span> <span class='ocrx_word' id='word_1_88' title='bbox 1970 1484 2235 1548; x_wconf 78' lang='grc' dir='ltr'>καλεῦσιν.</span> 
     </span>
     <span class='ocr_line' id='line_1_14' title="bbox 851 1568 2236 1655; baseline -0.001 -22"><span class='ocrx_word' id='word_1_89' title='bbox 851 1572 960 1635; x_wconf 76' lang='grc' dir='ltr'>Καὶ</span> <span class='ocrx_word' id='word_1_90' title='bbox 984 1575 1059 1654; x_wconf 77' lang='grc' dir='ltr'>τῷ</span> <span class='ocrx_word' id='word_1_91' title='bbox 1087 1568 1182 1649; x_wconf 65' lang='grc' dir='ltr'>μὶν</span> <span class='ocrx_word' id='word_1_92' title='bbox 1201 1568 1435 1630; x_wconf 86' lang='grc' dir='ltr'>πλεόνων</span> <span class='ocrx_word' id='word_1_93' title='bbox 1461 1570 1716 1647; x_wconf 75' lang='grc' dir='ltr'>ποταμῶν</span> <span class='ocrx_word' id='word_1_94' title='bbox 1743 1568 2075 1650; x_wconf 67' lang='grc' dir='ltr'>ἐπιμίσγεται</span> <span class='ocrx_word' id='word_1_95' title='bbox 2097 1570 2236 1655; x_wconf 72' lang='grc' dir='ltr'>ὕδωρ</span> 
     </span>
     <span class='ocr_line' id='line_1_15' title="bbox 846 1656 2196 1740; baseline -0.001 -21"><span class='ocrx_word' id='word_1_96' title='bbox 846 1658 1062 1732; x_wconf 78' lang='grc' dir='ltr'>τηλόθεν</span> <span class='ocrx_word' id='word_1_97' title='bbox 1086 1656 1412 1740; x_wconf 70' lang='grc' dir='ltr'>ᾶρχομὲνων,</span> <span class='ocrx_word' id='word_1_98' title='bbox 1431 1656 1780 1737; x_wconf 86' lang='grc' dir='ltr'>Πυράμοιότε</span> <span class='ocrx_word' id='word_1_99' title='bbox 1808 1657 1900 1717; x_wconf 75' lang='grc' dir='ltr'>καὶ</span> <span class='ocrx_word' id='word_1_100' title='bbox 1921 1658 2196 1740; x_wconf 80' lang='grc' dir='ltr'>Πινάροιο,</span> 
     </span>
     <span class='ocr_line' id='line_1_16' title="bbox 848 1743 2152 1825; baseline -0.004 -17"><span class='ocrx_word' id='word_1_101' title='bbox 848 1747 1052 1808; x_wconf 81' lang='grc' dir='ltr'>Κύδνου</span> <span class='ocrx_word' id='word_1_102' title='bbox 1076 1769 1132 1805; x_wconf 90' lang='grc' dir='ltr'>τε</span> <span class='ocrx_word' id='word_1_103' title='bbox 1151 1746 1405 1819; x_wconf 78' lang='grc' dir='ltr'>σκολιοῖο,</span> <span class='ocrx_word' id='word_1_104' title='bbox 1433 1744 1600 1822; x_wconf 77' lang='grc' dir='ltr'>μίσην</span> <span class='ocrx_word' id='word_1_105' title='bbox 1625 1743 1710 1803; x_wconf 76' lang='grc' dir='ltr'>διὰ</span> <span class='ocrx_word' id='word_1_106' title='bbox 1729 1743 1938 1825; x_wconf 78' lang='grc' dir='ltr'>Ταρσὸν</span> <span class='ocrx_word' id='word_1_107' title='bbox 1967 1746 2152 1819; x_wconf 79' lang='grc' dir='ltr'>ἰόντος,</span> 
     </span>
     <span class='ocr_line' id='line_1_17' title="bbox 839 1830 2224 1918; baseline -0.001 -21"><span class='ocrx_word' id='word_1_108' title='bbox 839 1834 1046 1918; x_wconf 70' lang='grc' dir='ltr'>Ταρσὸν</span> <span class='ocrx_word' id='word_1_109' title='bbox 1074 1833 1403 1913; x_wconf 68' lang='grc' dir='ltr'>ἐϋκτιμένην,</span> <span class='ocrx_word' id='word_1_110' title='bbox 1427 1830 1508 1893; x_wconf 79' lang='grc' dir='ltr'>ὅθι</span> <span class='ocrx_word' id='word_1_111' title='bbox 1540 1831 1606 1905; x_wconf 76' lang='grc' dir='ltr'>δή</span> <span class='ocrx_word' id='word_1_112' title='bbox 1630 1855 1756 1893; x_wconf 89' lang='grc' dir='ltr'>ποτε</span> <span class='ocrx_word' id='word_1_113' title='bbox 1781 1832 2030 1909; x_wconf 80' lang='grc' dir='ltr'>Πήγασος</span> <span class='ocrx_word' id='word_1_114' title='bbox 2046 1834 2224 1907; x_wconf 72' lang='grc' dir='ltr'>ἵππος,</span> 
     </span>
     <span class='ocr_line' id='line_1_18' title="bbox 710 1918 2231 2005; baseline -0.004 -18"><span class='ocrx_word' id='word_1_115' title='bbox 710 1944 796 1987; x_wconf 73' lang='lat'>070</span> <span class='ocrx_word' id='word_1_116' title='bbox 823 1922 1010 2005; x_wconf 76' lang='grc' dir='ltr'>ταρσὸν</span> <span class='ocrx_word' id='word_1_117' title='bbox 1034 1921 1202 2002; x_wconf 67' lang='grc' dir='ltr'>ἀφεὶς,</span> <span class='ocrx_word' id='word_1_118' title='bbox 1231 1921 1392 2003; x_wconf 78' lang='grc' dir='ltr'>χώρῳ</span> <span class='ocrx_word' id='word_1_119' title='bbox 1417 1922 1570 1981; x_wconf 91' lang='grc' dir='ltr'>λίπεν</span> <span class='ocrx_word' id='word_1_120' title='bbox 1593 1918 1816 1999; x_wconf 80' lang='grc' dir='ltr'>οὕνομα,</span> <span class='ocrx_word' id='word_1_121' title='bbox 1835 1924 2004 1998; x_wconf 79' lang='grc' dir='ltr'>τῆμος</span> <span class='ocrx_word' id='word_1_122' title='bbox 2024 1923 2114 2001; x_wconf 74' lang='grc' dir='ltr'>ἀφ’</span> <span class='ocrx_word' id='word_1_123' title='bbox 2137 1920 2231 1981; x_wconf 72' lang='grc' dir='ltr'>ἵπ-</span> 
     </span>
     <span class='ocr_line' id='line_1_19' title="bbox 835 2008 2233 2095; baseline 0 -24"><span class='ocrx_word' id='word_1_124' title='bbox 835 2014 888 2079; x_wconf 74' lang='grc' dir='ltr'>ἑς</span> <span class='ocrx_word' id='word_1_125' title='bbox 911 2011 1032 2078; x_wconf 75' lang='grc' dir='ltr'>Διὸς</span> <span class='ocrx_word' id='word_1_126' title='bbox 1049 2011 1250 2088; x_wconf 68' lang='grc' dir='ltr'>ἱέμενος</span> <span class='ocrx_word' id='word_1_127' title='bbox 1275 2010 1435 2070; x_wconf 70' lang='grc' dir='ltr'>πίσεν</span> <span class='ocrx_word' id='word_1_128' title='bbox 1461 2010 1605 2092; x_wconf 82' lang='grc' dir='ltr'>ἥρως</span> <span class='ocrx_word' id='word_1_129' title='bbox 1629 2012 1793 2071; x_wconf 83' lang='grc' dir='ltr'>Βελλε</span> <span class='ocrx_word' id='word_1_130' title='bbox 1827 2008 2062 2092; x_wconf 67' lang='grc' dir='ltr'>οφόντης.</span> <span class='ocrx_word' id='word_1_131' title='bbox 2099 2010 2233 2095; x_wconf 82' lang='grc' dir='ltr'>[που</span> 
     </span>
     <span class='ocr_line' id='line_1_20' title="bbox 834 2033 2145 2172; baseline -0.002 -12"><span class='ocrx_word' id='word_1_132' title='bbox 834 2102 986 2162; x_wconf 82' lang='grc' dir='ltr'>Κείθι</span> <span class='ocrx_word' id='word_1_133' title='bbox 1009 2100 1062 2160; x_wconf 65' lang='grc' dir='ltr'>δὲ</span> <span class='ocrx_word' id='word_1_134' title='bbox 1086 2100 1178 2159; x_wconf 76' lang='grc' dir='ltr'>καὶ</span> <span class='ocrx_word' id='word_1_135' title='bbox 1199 2098 1378 2158; x_wconf 83' lang='grc' dir='ltr'>πεδίον</span> <span class='ocrx_word' id='word_1_136' title='bbox 1409 2096 1470 2157; x_wconf 79' lang='grc' dir='ltr'>τὸ</span> <span class='ocrx_word' id='word_1_137' title='bbox 1499 2096 1730 2172; x_wconf 79' lang='grc' dir='ltr'>Ἀλήιον,</span> <span class='ocrx_word' id='word_1_138' title='bbox 1762 2033 1826 2157; x_wconf 59' lang='grc' dir='ltr'>οξ</span> <span class='ocrx_word' id='word_1_139' title='bbox 1845 2098 1982 2158; x_wconf 73' lang='grc' dir='ltr'>κατὰ</span> <span class='ocrx_word' id='word_1_140' title='bbox 2000 2101 2145 2159; x_wconf 77' lang='grc' dir='ltr'>νῶτα</span> 
     </span>
     <span class='ocr_line' id='line_1_21' title="bbox 835 2184 2072 2268; baseline 0 -21"><span class='ocrx_word' id='word_1_141' title='bbox 835 2186 1122 2268; x_wconf 75' lang='grc' dir='ltr'>ἀνθρώπων</span> <span class='ocrx_word' id='word_1_142' title='bbox 1147 2184 1436 2247; x_wconf 75' lang='grc' dir='ltr'>ἀπάνευθεν</span> <span class='ocrx_word' id='word_1_143' title='bbox 1458 2186 1727 2263; x_wconf 78' lang='grc' dir='ltr'>ἀλώμενος</span> <span class='ocrx_word' id='word_1_144' title='bbox 1745 2185 2072 2247; x_wconf 68' lang='grc' dir='ltr'>ἔνδιάασκεν.</span> 
     </span>
    </p>
   </div>
   <div class='ocr_carea' id='block_1_8' title="bbox 833 2274 2060 2354">
    <p class='ocr_par' dir='ltr' id='par_1_8' title="bbox 833 2274 2060 2354">
     <span class='ocr_line' id='line_1_22' title="bbox 833 2274 2060 2354; baseline -0.004 -17"><span class='ocrx_word' id='word_1_145' title='bbox 833 2275 1043 2337; x_wconf 76' lang='grc' dir='ltr'>Πολλαὶ</span> <span class='ocrx_word' id='word_1_146' title='bbox 1073 2278 1116 2336; x_wconf 85' lang='grc' dir='ltr'>δ’</span> <span class='ocrx_word' id='word_1_147' title='bbox 1151 2274 1313 2348; x_wconf 76' lang='grc' dir='ltr'>ἱξείης</span> <span class='ocrx_word' id='word_1_148' title='bbox 1341 2274 1575 2336; x_wconf 84' lang='grc' dir='ltr'>Κιλίκων</span> <span class='ocrx_word' id='word_1_149' title='bbox 1602 2274 1824 2354; x_wconf 79' lang='grc' dir='ltr'>γεγάασι</span> <span class='ocrx_word' id='word_1_150' title='bbox 1847 2274 2060 2347; x_wconf 84' lang='grc' dir='ltr'>πόληες,</span> 
     </span>
    </p>
   </div>
   <div class='ocr_carea' id='block_1_9' title="bbox 657 2474 2235 5495">
    <p class='ocr_par' dir='ltr' id='par_1_9' title="bbox 657 2474 2235 5495">
     <span class='ocr_line' id='line_1_23' title="bbox 673 2474 2230 2547; baseline 0.001 -16"><span class='ocrx_word' id='word_1_151' title='bbox 673 2477 790 2543; x_wconf 89' lang='lat' dir='ltr'>luit,</span> <span class='ocrx_word' id='word_1_152' title='bbox 815 2477 1102 2532; x_wconf 76' lang='lat' dir='ltr'><strong>hariolatus</strong></span> <span class='ocrx_word' id='word_1_153' title='bbox 1127 2487 1224 2534; x_wconf 84' lang='lat' dir='ltr'>est.</span> <span class='ocrx_word' id='word_1_154' title='bbox 1257 2477 1280 2547; x_wconf 73' lang='lat' dir='ltr'>u</span> <span class='ocrx_word' id='word_1_155' title='bbox 1306 2476 1520 2532; x_wconf 86' lang='grc'><strong>-856.</strong></span> <span class='ocrx_word' id='word_1_156' title='bbox 1551 2476 1798 2547; x_wconf 81' lang='grc' dir='ltr'>μεσσάτην</span> <span class='ocrx_word' id='word_1_157' title='bbox 1822 2494 1902 2531; x_wconf 88' lang='lat' dir='ltr'>co.</span> <span class='ocrx_word' id='word_1_158' title='bbox 1941 2476 1964 2547; x_wconf 87' lang='grc' dir='ltr'>ΙΙ</span> <span class='ocrx_word' id='word_1_159' title='bbox 2000 2479 2120 2547; x_wconf 75' lang='grc'><strong>857.</strong></span> <span class='ocrx_word' id='word_1_160' title='bbox 2144 2474 2230 2547; x_wconf 74' lang='grc' dir='ltr'>ἂρ·</span> 
     </span>
     <span class='ocr_line' id='line_1_24' title="bbox 672 2552 2235 2628; baseline -0.004 -17"><span class='ocrx_word' id='word_1_161' title='bbox 672 2557 930 2628; x_wconf 78' lang='grc' dir='ltr'>γυρότοξοι</span> <span class='ocrx_word' id='word_1_162' title='bbox 946 2556 1020 2613; x_wconf 76' lang='lat' dir='ltr'>kl.</span> <span class='ocrx_word' id='word_1_163' title='bbox 1047 2556 1296 2628; x_wconf 83' lang='grc'><strong>11-858,</strong></span> <span class='ocrx_word' id='word_1_164' title='bbox 1313 2556 1448 2609; x_wconf 78' lang='grc' dir='ltr'>τοῖσι</span> <span class='ocrx_word' id='word_1_165' title='bbox 1465 2552 1642 2627; x_wconf 75' lang='lat' dir='ltr'>Ndeq5</span> <span class='ocrx_word' id='word_1_166' title='bbox 1668 2553 1910 2607; x_wconf 77' lang='grc' dir='ltr'>Πιοιὸάων</span> <span class='ocrx_word' id='word_1_167' title='bbox 1925 2552 2102 2619; x_wconf 75' lang='lat' dir='ltr'>LNbe,</span> <span class='ocrx_word' id='word_1_168' title='bbox 2122 2552 2235 2606; x_wconf 74' lang='lat' dir='ltr'>nn-</span> 
     </span>
     <span class='ocr_line' id='line_1_25' title="bbox 676 2631 2232 2706; baseline 0 -17"><span class='ocrx_word' id='word_1_169' title='bbox 676 2636 849 2691; x_wconf 69' lang='grc' dir='ltr'>σιδίων</span> <span class='ocrx_word' id='word_1_170' title='bbox 879 2638 980 2700; x_wconf 83' lang='grc' dir='ltr'>Ηζ.</span> <span class='ocrx_word' id='word_1_171' title='bbox 1011 2636 1281 2691; x_wconf 61' lang='lat' dir='ltr'>mamaea-‚v</span> <span class='ocrx_word' id='word_1_172' title='bbox 1305 2638 1375 2699; x_wconf 87' lang='lat'>0,</span> <span class='ocrx_word' id='word_1_173' title='bbox 1402 2632 1569 2696; x_wconf 82' lang='grc' dir='ltr'>πόλιες</span> <span class='ocrx_word' id='word_1_174' title='bbox 1596 2632 1745 2691; x_wconf 74' lang='lat' dir='ltr'>Cdot.</span> <span class='ocrx_word' id='word_1_175' title='bbox 1772 2631 1960 2689; x_wconf 65' lang='lat' dir='ltr'>Pisida</span> <span class='ocrx_word' id='word_1_176' title='bbox 1985 2644 2106 2687; x_wconf 84' lang='lat' dir='ltr'>ante</span> <span class='ocrx_word' id='word_1_177' title='bbox 2127 2635 2232 2706; x_wconf 86' lang='lat' dir='ltr'>Ly·</span> 
     </span>
     <span class='ocr_line' id='line_1_26' title="bbox 671 2711 2226 2786; baseline -0.002 -17"><span class='ocrx_word' id='word_1_178' title='bbox 671 2733 863 2769; x_wconf 77' lang='lat' dir='ltr'>caones</span> <span class='ocrx_word' id='word_1_179' title='bbox 881 2712 1212 2769; x_wconf 86' lang='lat' dir='ltr'>memorandi</span> <span class='ocrx_word' id='word_1_180' title='bbox 1229 2722 1398 2769; x_wconf 86' lang='lat' dir='ltr'>erant.</span> <span class='ocrx_word' id='word_1_181' title='bbox 1431 2712 1454 2785; x_wconf 84' lang='grc' dir='ltr'>ΙΙ</span> <span class='ocrx_word' id='word_1_182' title='bbox 1481 2742 1556 2755; x_wconf 92' lang='grc'>-</span> <span class='ocrx_word' id='word_1_183' title='bbox 1573 2714 1698 2783; x_wconf 82' lang='grc'><strong>859.</strong></span> <span class='ocrx_word' id='word_1_184' title='bbox 1719 2711 2002 2786; x_wconf 69' lang='grc' dir='ltr'>Τερμησσὸς</span> <span class='ocrx_word' id='word_1_185' title='bbox 2023 2714 2226 2778; x_wconf 80' lang='grc' dir='ltr'>Βσηιοζ,</span> 
     </span>
     <span class='ocr_line' id='line_1_27' title="bbox 671 2790 2228 2863; baseline -0.001 -16"><span class='ocrx_word' id='word_1_186' title='bbox 671 2795 898 2848; x_wconf 76' lang='lat' dir='ltr'>Avienus</span> <span class='ocrx_word' id='word_1_187' title='bbox 917 2798 1047 2858; x_wconf 72' lang='lat'>1024</span> <span class='ocrx_word' id='word_1_188' title='bbox 1055 2833 1070 2859; x_wconf 90' lang='lat'>,</span> <span class='ocrx_word' id='word_1_189' title='bbox 1083 2793 1232 2847; x_wconf 88' lang='lat' dir='ltr'>numi</span> <span class='ocrx_word' id='word_1_190' title='bbox 1244 2812 1260 2859; x_wconf 69' lang='grc' dir='ltr'>ς</span> <span class='ocrx_word' id='word_1_191' title='bbox 1275 2790 1542 2863; x_wconf 79' lang='grc' dir='ltr'>Τερμισσὸς</span> <span class='ocrx_word' id='word_1_192' title='bbox 1552 2794 1650 2863; x_wconf 79' lang='grc' dir='ltr'>ΒΟ</span> <span class='ocrx_word' id='word_1_193' title='bbox 1660 2790 1978 2863; x_wconf 60' lang='grc' dir='ltr'>,Τελμησσδς</span> <span class='ocrx_word' id='word_1_194' title='bbox 1987 2794 2102 2850; x_wconf 74' lang='grc' dir='ltr'>ΜΟ</span> <span class='ocrx_word' id='word_1_195' title='bbox 2111 2796 2228 2863; x_wconf 71' lang='lat' dir='ltr'>Ygt,</span> 
     </span>
     <span class='ocr_line' id='line_1_28' title="bbox 669 2869 2229 2944; baseline 0.003 -19"><span class='ocrx_word' id='word_1_196' title='bbox 669 2872 928 2943; x_wconf 83' lang='grc' dir='ltr'>Τελμησδς</span> <span class='ocrx_word' id='word_1_197' title='bbox 946 2876 1002 2927; x_wconf 83' lang='lat' dir='ltr'><em>A</em></span> <span class='ocrx_word' id='word_1_198' title='bbox 1006 2912 1021 2935; x_wconf 87' lang='lat'><em>,</em></span> <span class='ocrx_word' id='word_1_199' title='bbox 1043 2870 1319 2944; x_wconf 76' lang='grc' dir='ltr'>Τελμισσδς</span> <span class='ocrx_word' id='word_1_200' title='bbox 1333 2870 1603 2937; x_wconf 70' lang='lat' dir='ltr'>Eustath„</span> <span class='ocrx_word' id='word_1_201' title='bbox 1629 2869 1882 2943; x_wconf 75' lang='grc' dir='ltr'>Τερμησδς</span> <span class='ocrx_word' id='word_1_202' title='bbox 1901 2880 2024 2928; x_wconf 80' lang='lat' dir='ltr'>cett.</span> <span class='ocrx_word' id='word_1_203' title='bbox 2047 2869 2229 2937; x_wconf 75' lang='lat' dir='ltr'>codd.;</span> 
     </span>
     <span class='ocr_line' id='line_1_29' title="bbox 663 2947 2225 3023; baseline 0.001 -19"><span class='ocrx_word' id='word_1_204' title='bbox 663 2950 735 3004; x_wconf 85' lang='lat' dir='ltr'>cd</span> <span class='ocrx_word' id='word_1_205' title='bbox 757 2950 980 3017; x_wconf 83' lang='lat' dir='ltr'>Bernh.;</span> <span class='ocrx_word' id='word_1_206' title='bbox 1001 2948 1267 3005; x_wconf 72' lang='grc' dir='ltr'>ἔπολίσατο</span> <span class='ocrx_word' id='word_1_207' title='bbox 1297 2951 1551 3007; x_wconf 83' lang='lat' dir='ltr'><em>ACDGK</em></span> <span class='ocrx_word' id='word_1_208' title='bbox 1555 2966 1610 3022; x_wconf 86' lang='lat' dir='ltr'>q.</span> <span class='ocrx_word' id='word_1_209' title='bbox 1641 2948 2082 3023; x_wconf 76' lang='grc' dir='ltr'>Δόρ6η1Δόὸρηὶιι</span> <span class='ocrx_word' id='word_1_210' title='bbox 2106 2947 2225 3006; x_wconf 85' lang='lat' dir='ltr'>cod.</span> 
     </span>
     <span class='ocr_line' id='line_1_30' title="bbox 667 3026 2230 3101; baseline 0 -18"><span class='ocrx_word' id='word_1_211' title='bbox 667 3029 921 3083; x_wconf 79' lang='lat' dir='ltr'><strong>Hieroclis</strong></span> <span class='ocrx_word' id='word_1_212' title='bbox 943 3048 1000 3101; x_wconf 88' lang='lat' dir='ltr'>p.</span> <span class='ocrx_word' id='word_1_213' title='bbox 1033 3031 1138 3083; x_wconf 77' lang='lat'>682</span> <span class='ocrx_word' id='word_1_214' title='bbox 1162 3026 1248 3081; x_wconf 92' lang='lat' dir='ltr'>ed.</span> <span class='ocrx_word' id='word_1_215' title='bbox 1282 3027 1538 3094; x_wconf 67' lang='lat' dir='ltr'>W’essel„</span> <span class='ocrx_word' id='word_1_216' title='bbox 1560 3026 1654 3081; x_wconf 88' lang='lat' dir='ltr'>sed</span> <span class='ocrx_word' id='word_1_217' title='bbox 1679 3028 1736 3082; x_wconf 87' lang='lat' dir='ltr'>in</span> <span class='ocrx_word' id='word_1_218' title='bbox 1761 3028 1952 3083; x_wconf 87' lang='lat' dir='ltr'>Leonis</span> <span class='ocrx_word' id='word_1_219' title='bbox 1973 3028 2230 3101; x_wconf 86' lang='lat' dir='ltr'>Sapientis</span> 
     </span>
     <span class='ocr_line' id='line_1_31' title="bbox 668 3106 2226 3181; baseline 0 -18"><span class='ocrx_word' id='word_1_220' title='bbox 668 3111 832 3163; x_wconf 81' lang='lat' dir='ltr'>Notit.</span> <span class='ocrx_word' id='word_1_221' title='bbox 855 3110 1087 3181; x_wconf 82' lang='lat' dir='ltr'>episcop.</span> <span class='ocrx_word' id='word_1_222' title='bbox 1102 3126 1162 3180; x_wconf 87' lang='lat' dir='ltr'>p.</span> <span class='ocrx_word' id='word_1_223' title='bbox 1184 3112 1254 3173; x_wconf 89' lang='grc'>46</span> <span class='ocrx_word' id='word_1_224' title='bbox 1276 3106 1366 3163; x_wconf 87' lang='lat' dir='ltr'>ed.</span> <span class='ocrx_word' id='word_1_225' title='bbox 1391 3106 1554 3163; x_wconf 83' lang='lat' dir='ltr'>Tafel.</span> <span class='ocrx_word' id='word_1_226' title='bbox 1581 3118 1724 3161; x_wconf 87' lang='lat' dir='ltr'>recte</span> <span class='ocrx_word' id='word_1_227' title='bbox 1741 3107 1930 3179; x_wconf 71' lang='lat' dir='ltr'>legitur</span> <span class='ocrx_word' id='word_1_228' title='bbox 1949 3107 1978 3161; x_wconf 82' lang='grc' dir='ltr'>ὁ</span> <span class='ocrx_word' id='word_1_229' title='bbox 2005 3108 2226 3180; x_wconf 66' lang='grc' dir='ltr'>Δύρδηςς</span> 
     </span>
     <span class='ocr_line' id='line_1_32' title="bbox 669 3186 2225 3261; baseline 0.002 -20"><span class='ocrx_word' id='word_1_230' title='bbox 669 3190 720 3241; x_wconf 91' lang='lat' dir='ltr'>in</span> <span class='ocrx_word' id='word_1_231' title='bbox 745 3189 1024 3243; x_wconf 69' lang='lat' dir='ltr'>Ptolemaeo</span> <span class='ocrx_word' id='word_1_232' title='bbox 1037 3188 1090 3254; x_wconf 86' lang='lat'>5,</span> <span class='ocrx_word' id='word_1_233' title='bbox 1113 3188 1167 3255; x_wconf 83' lang='lat'>5,</span> <span class='ocrx_word' id='word_1_234' title='bbox 1187 3206 1245 3261; x_wconf 93' lang='lat' dir='ltr'>p.</span> <span class='ocrx_word' id='word_1_235' title='bbox 1263 3187 1388 3251; x_wconf 85' lang='grc'>333,</span> <span class='ocrx_word' id='word_1_236' title='bbox 1409 3206 1464 3259; x_wconf 90' lang='grc'>7,</span> <span class='ocrx_word' id='word_1_237' title='bbox 1482 3186 1573 3241; x_wconf 87' lang='lat' dir='ltr'>ubi</span> <span class='ocrx_word' id='word_1_238' title='bbox 1591 3187 1720 3242; x_wconf 88' lang='lat' dir='ltr'>olim</span> <span class='ocrx_word' id='word_1_239' title='bbox 1735 3190 1928 3260; x_wconf 77' lang='grc' dir='ltr'>Δυρόπη</span> <span class='ocrx_word' id='word_1_240' title='bbox 1952 3187 2225 3255; x_wconf 84' lang='lat' dir='ltr'>edebatur,</span> 
     </span>
     <span class='ocr_line' id='line_1_33' title="bbox 667 3264 2227 3338; baseline 0.002 -19"><span class='ocrx_word' id='word_1_241' title='bbox 667 3268 828 3338; x_wconf 75' lang='grc' dir='ltr'>Αὗρὸη</span> <span class='ocrx_word' id='word_1_242' title='bbox 841 3286 870 3321; x_wconf 88' lang='lat' dir='ltr'>e</span> <span class='ocrx_word' id='word_1_243' title='bbox 879 3264 1038 3322; x_wconf 86' lang='lat' dir='ltr'>codd.</span> <span class='ocrx_word' id='word_1_244' title='bbox 1055 3266 1288 3323; x_wconf 86' lang='lat' dir='ltr'>restituit</span> <span class='ocrx_word' id='word_1_245' title='bbox 1301 3265 1638 3337; x_wconf 76' lang='lat' dir='ltr'>Wilbergus.</span> <span class='ocrx_word' id='word_1_246' title='bbox 1657 3268 1904 3322; x_wconf 86' lang='lat' dir='ltr'>Ceterum</span> <span class='ocrx_word' id='word_1_247' title='bbox 1918 3266 2227 3323; x_wconf 75' lang='lat' dir='ltr'>Ptolemaeus</span> 
     </span>
     <span class='ocr_line' id='line_1_34' title="bbox 669 3344 2226 3419; baseline 0.002 -20"><span class='ocrx_word' id='word_1_248' title='bbox 669 3346 854 3399; x_wconf 87' lang='lat' dir='ltr'>urbem</span> <span class='ocrx_word' id='word_1_249' title='bbox 883 3346 1074 3399; x_wconf 82' lang='lat' dir='ltr'>Ciliciae</span> <span class='ocrx_word' id='word_1_250' title='bbox 1100 3346 1308 3417; x_wconf 77' lang='lat' dir='ltr'>Asperae</span> <span class='ocrx_word' id='word_1_251' title='bbox 1343 3355 1603 3401; x_wconf 73' lang='lat' dir='ltr'>accenset.</span> <span class='ocrx_word' id='word_1_252' title='bbox 1631 3346 1902 3419; x_wconf 76' lang='grc' dir='ltr'>Δυρὸειτῶν</span> <span class='ocrx_word' id='word_1_253' title='bbox 1939 3344 2130 3419; x_wconf 69' lang='lat' dir='ltr'>legitur</span> <span class='ocrx_word' id='word_1_254' title='bbox 2171 3349 2226 3402; x_wconf 87' lang='lat' dir='ltr'>in</span> 
     </span>
     <span class='ocr_line' id='line_1_35' title="bbox 669 3422 2227 3498; baseline 0.003 -22"><span class='ocrx_word' id='word_1_255' title='bbox 669 3426 874 3490; x_wconf 75' lang='lat' dir='ltr'>hamis,</span> <span class='ocrx_word' id='word_1_256' title='bbox 907 3424 998 3495; x_wconf 91' lang='lat' dir='ltr'>qui</span> <span class='ocrx_word' id='word_1_257' title='bbox 1022 3423 1090 3478; x_wconf 90' lang='lat' dir='ltr'>ad</span> <span class='ocrx_word' id='word_1_258' title='bbox 1117 3422 1394 3478; x_wconf 77' lang='lat' dir='ltr'>Alexandri</span> <span class='ocrx_word' id='word_1_259' title='bbox 1423 3426 1599 3479; x_wconf 78' lang='lat' dir='ltr'>Severi</span> <span class='ocrx_word' id='word_1_260' title='bbox 1627 3435 1835 3497; x_wconf 87' lang='lat' dir='ltr'>tempus</span> <span class='ocrx_word' id='word_1_261' title='bbox 1859 3428 2122 3498; x_wconf 86' lang='lat' dir='ltr'>pertinere</span> <span class='ocrx_word' id='word_1_262' title='bbox 2149 3430 2227 3481; x_wconf 76' lang='lat' dir='ltr'>vi·</span> 
     </span>
     <span class='ocr_line' id='line_1_36' title="bbox 669 3502 2220 3577; baseline 0.003 -22"><span class='ocrx_word' id='word_1_263' title='bbox 669 3502 882 3559; x_wconf 83' lang='lat' dir='ltr'>dentur.</span> <span class='ocrx_word' id='word_1_264' title='bbox 913 3504 985 3558; x_wconf 83' lang='lat' dir='ltr'>V.</span> <span class='ocrx_word' id='word_1_265' title='bbox 1011 3502 1226 3557; x_wconf 78' lang='lat' dir='ltr'>Eckhel.</span> <span class='ocrx_word' id='word_1_266' title='bbox 1251 3506 1322 3559; x_wconf 91' lang='lat' dir='ltr'>D.</span> <span class='ocrx_word' id='word_1_267' title='bbox 1349 3504 1420 3559; x_wconf 79' lang='lat' dir='ltr'>N.</span> <span class='ocrx_word' id='word_1_268' title='bbox 1464 3504 1518 3569; x_wconf 85' lang='grc'>3,</span> <span class='ocrx_word' id='word_1_269' title='bbox 1554 3520 1604 3571; x_wconf 82' lang='grc' dir='ltr'>ε,</span> <span class='ocrx_word' id='word_1_270' title='bbox 1633 3522 1690 3577; x_wconf 91' lang='lat' dir='ltr'>p.</span> <span class='ocrx_word' id='word_1_271' title='bbox 1735 3521 1824 3573; x_wconf 77' lang='lat'>27.</span> <span class='ocrx_word' id='word_1_272' title='bbox 1860 3504 2009 3559; x_wconf 83' lang='lat' dir='ltr'>Alius</span> <span class='ocrx_word' id='word_1_273' title='bbox 2035 3523 2220 3573; x_wconf 85' lang='lat' dir='ltr'>nemo,</span> 
     </span>
     <span class='ocr_line' id='line_1_37' title="bbox 669 3580 2228 3657; baseline -0.001 -18"><span class='ocrx_word' id='word_1_274' title='bbox 669 3592 930 3653; x_wconf 80' lang='lat' dir='ltr'>quantum</span> <span class='ocrx_word' id='word_1_275' title='bbox 948 3581 1128 3647; x_wconf 86' lang='lat' dir='ltr'>sciam,</span> <span class='ocrx_word' id='word_1_276' title='bbox 1149 3580 1260 3653; x_wconf 84' lang='lat' dir='ltr'>ejus</span> <span class='ocrx_word' id='word_1_277' title='bbox 1277 3580 1460 3655; x_wconf 88' lang='lat' dir='ltr'>oppidi</span> <span class='ocrx_word' id='word_1_278' title='bbox 1477 3584 1802 3638; x_wconf 80' lang='lat' dir='ltr'>mentionem</span> <span class='ocrx_word' id='word_1_279' title='bbox 1829 3581 2026 3655; x_wconf 87' lang='lat' dir='ltr'>injecit,</span> <span class='ocrx_word' id='word_1_280' title='bbox 2055 3602 2228 3657; x_wconf 86' lang='lat' dir='ltr'>neque</span> 
     </span>
     <span class='ocr_line' id='line_1_38' title="bbox 669 3660 2226 3737; baseline 0.001 -21"><span class='ocrx_word' id='word_1_281' title='bbox 669 3660 877 3717; x_wconf 87' lang='lat' dir='ltr'>deloco</span> <span class='ocrx_word' id='word_1_282' title='bbox 902 3679 1010 3736; x_wconf 87' lang='lat' dir='ltr'>quo</span> <span class='ocrx_word' id='word_1_283' title='bbox 1031 3664 1250 3730; x_wconf 85' lang='lat' dir='ltr'>steterit,</span> <span class='ocrx_word' id='word_1_284' title='bbox 1279 3660 1572 3735; x_wconf 73' lang='lat' dir='ltr'><strong>quidquam</strong></span> <span class='ocrx_word' id='word_1_285' title='bbox 1595 3664 1782 3737; x_wconf 86' lang='lat' dir='ltr'>liquet.</span> <span class='ocrx_word' id='word_1_286' title='bbox 1809 3665 1912 3735; x_wconf 83' lang='grc'>11-</span> <span class='ocrx_word' id='word_1_287' title='bbox 1931 3666 2056 3719; x_wconf 84' lang='lat'>860.</span> <span class='ocrx_word' id='word_1_288' title='bbox 2085 3663 2226 3737; x_wconf 77' lang='grc' dir='ltr'>Ἀμυ-</span> 
     </span>
     <span class='ocr_line' id='line_1_39' title="bbox 671 3740 2224 3814; baseline 0.004 -21"><span class='ocrx_word' id='word_1_289' title='bbox 671 3742 895 3814; x_wconf 73' lang='grc' dir='ltr'>κλαίων]</span> <span class='ocrx_word' id='word_1_290' title='bbox 915 3745 994 3797; x_wconf 88' lang='lat' dir='ltr'>De</span> <span class='ocrx_word' id='word_1_291' title='bbox 1011 3741 1156 3813; x_wconf 72' lang='lat' dir='ltr'>Selge</span> <span class='ocrx_word' id='word_1_292' title='bbox 1183 3740 1704 3798; x_wconf 61' lang='lat' dir='ltr'>lacedemoniorum</span> <span class='ocrx_word' id='word_1_293' title='bbox 1729 3741 1934 3799; x_wconf 88' lang='lat' dir='ltr'>colonia</span> <span class='ocrx_word' id='word_1_294' title='bbox 1953 3762 2002 3799; x_wconf 80' lang='grc' dir='ltr'>ν.</span> <span class='ocrx_word' id='word_1_295' title='bbox 2035 3744 2224 3799; x_wconf 87' lang='lat' dir='ltr'>Strabo</span> 
     </span>
     <span class='ocr_line' id='line_1_40' title="bbox 674 3820 2228 3897; baseline 0.005 -23"><span class='ocrx_word' id='word_1_296' title='bbox 674 3840 728 3894; x_wconf 84' lang='lat' dir='ltr'>p.</span> <span class='ocrx_word' id='word_1_297' title='bbox 757 3822 1034 3892; x_wconf 87' lang='grc' dir='ltr'>57ο(488,</span> <span class='ocrx_word' id='word_1_298' title='bbox 1059 3822 1126 3891; x_wconf 83' lang='grc'>37</span> <span class='ocrx_word' id='word_1_299' title='bbox 1152 3820 1238 3876; x_wconf 88' lang='lat' dir='ltr'>ed.</span> <span class='ocrx_word' id='word_1_300' title='bbox 1261 3820 1438 3893; x_wconf 90' lang='lat' dir='ltr'>Did.).</span> <span class='ocrx_word' id='word_1_301' title='bbox 1465 3822 1674 3897; x_wconf 78' lang='grc' dir='ltr'>μεγαλ.]</span> <span class='ocrx_word' id='word_1_302' title='bbox 1704 3823 1962 3897; x_wconf 80' lang='grc' dir='ltr'>ὁμώνυμος</span> <span class='ocrx_word' id='word_1_303' title='bbox 1983 3823 2098 3881; x_wconf 79' lang='lat' dir='ltr'>Ald.</span> <span class='ocrx_word' id='word_1_304' title='bbox 2123 3824 2228 3881; x_wconf 83' lang='lat' dir='ltr'>Sel-</span> 
     </span>
     <span class='ocr_line' id='line_1_41' title="bbox 673 3900 2220 3973; baseline 0.005 -18"><span class='ocrx_word' id='word_1_305' title='bbox 673 3920 858 3972; x_wconf 81' lang='lat' dir='ltr'>genses</span> <span class='ocrx_word' id='word_1_306' title='bbox 875 3911 1001 3956; x_wconf 85' lang='lat' dir='ltr'>sunt</span> <span class='ocrx_word' id='word_1_307' title='bbox 1025 3900 1407 3973; x_wconf 72' lang='grc' dir='ltr'>ἀξιολογώτατοι</span> <span class='ocrx_word' id='word_1_308' title='bbox 1423 3908 1523 3957; x_wconf 84' lang='grc' dir='ltr'>τῶν</span> <span class='ocrx_word' id='word_1_309' title='bbox 1544 3902 1778 3968; x_wconf 73' lang='grc' dir='ltr'>Πισιδῶν,</span> <span class='ocrx_word' id='word_1_310' title='bbox 1805 3915 1866 3959; x_wconf 89' lang='lat' dir='ltr'>ut</span> <span class='ocrx_word' id='word_1_311' title='bbox 1891 3902 2079 3960; x_wconf 84' lang='lat' dir='ltr'>Strabo</span> <span class='ocrx_word' id='word_1_312' title='bbox 2109 3904 2146 3959; x_wconf 90' lang='lat' dir='ltr'>l.</span> <span class='ocrx_word' id='word_1_313' title='bbox 2185 3906 2220 3962; x_wconf 88' lang='lat' dir='ltr'>l.</span> 
     </span>
     <span class='ocr_line' id='line_1_42' title="bbox 672 3979 2227 4056; baseline 0.003 -22"><span class='ocrx_word' id='word_1_314' title='bbox 672 3982 767 4037; x_wconf 84' lang='lat' dir='ltr'>ait.</span> <span class='ocrx_word' id='word_1_315' title='bbox 778 3982 800 4052; x_wconf 86' lang='grc' dir='ltr'>ΙΙ</span> <span class='ocrx_word' id='word_1_316' title='bbox 811 3984 908 4037; x_wconf 82' lang='lat'>861</span> <span class='ocrx_word' id='word_1_317' title='bbox 920 4022 934 4036; x_wconf 94' lang='lat'>.</span> <span class='ocrx_word' id='word_1_318' title='bbox 947 3982 1075 4037; x_wconf 64' lang='grc' dir='ltr'>κεῖθι</span> <span class='ocrx_word' id='word_1_319' title='bbox 1097 3986 1166 4054; x_wconf 85' lang='lat' dir='ltr'>Cq</span> <span class='ocrx_word' id='word_1_320' title='bbox 1180 4004 1200 4045; x_wconf 89' lang='lat'>,-</span> <span class='ocrx_word' id='word_1_321' title='bbox 1215 3979 1262 4044; x_wconf 72' lang='grc' dir='ltr'>ἰς</span> <span class='ocrx_word' id='word_1_322' title='bbox 1279 4000 1341 4047; x_wconf 82' lang='lat' dir='ltr'>o,-</span> <span class='ocrx_word' id='word_1_323' title='bbox 1358 3981 1691 4054; x_wconf 83' lang='grc' dir='ltr'>περιτίλλεται</span> <span class='ocrx_word' id='word_1_324' title='bbox 1707 3984 1989 4050; x_wconf 73' lang='lat' dir='ltr'><em>ABHMO,</em></span> <span class='ocrx_word' id='word_1_325' title='bbox 2003 3984 2227 4056; x_wconf 61' lang='grc' dir='ltr'>τέμνεται</span> 
     </span>
     <span class='ocr_line' id='line_1_43' title="bbox 672 4061 2228 4135; baseline 0.002 -18"><span class='ocrx_word' id='word_1_326' title='bbox 672 4080 725 4135; x_wconf 83' lang='lat' dir='ltr'>q.</span> <span class='ocrx_word' id='word_1_327' title='bbox 739 4065 842 4133; x_wconf 75' lang='lat' dir='ltr'>ss—</span> <span class='ocrx_word' id='word_1_328' title='bbox 857 4064 983 4119; x_wconf 83' lang='grc'><strong>863.</strong></span> <span class='ocrx_word' id='word_1_329' title='bbox 1003 4062 1204 4135; x_wconf 81' lang='grc' dir='ltr'>γείτων]</span> <span class='ocrx_word' id='word_1_330' title='bbox 1218 4062 1424 4117; x_wconf 77' lang='lat' dir='ltr'>Scilicet</span> <span class='ocrx_word' id='word_1_331' title='bbox 1441 4062 1597 4117; x_wconf 81' lang='lat' dir='ltr'>Ponti</span> <span class='ocrx_word' id='word_1_332' title='bbox 1611 4080 1704 4117; x_wconf 88' lang='lat' dir='ltr'>ora</span> <span class='ocrx_word' id='word_1_333' title='bbox 1715 4061 2068 4118; x_wconf 85' lang='lat' dir='ltr'>meridionalis</span> <span class='ocrx_word' id='word_1_334' title='bbox 2085 4075 2228 4121; x_wconf 86' lang='lat' dir='ltr'>recta</span> 
     </span>
     <span class='ocr_line' id='line_1_44' title="bbox 671 4141 2228 4216; baseline 0.003 -20"><span class='ocrx_word' id='word_1_335' title='bbox 671 4142 782 4197; x_wconf 83' lang='lat' dir='ltr'>fere</span> <span class='ocrx_word' id='word_1_336' title='bbox 795 4142 864 4199; x_wconf 89' lang='lat' dir='ltr'>ab</span> <span class='ocrx_word' id='word_1_337' title='bbox 882 4160 1072 4198; x_wconf 85' lang='lat' dir='ltr'>occasu</span> <span class='ocrx_word' id='word_1_338' title='bbox 1085 4152 1266 4197; x_wconf 87' lang='lat' dir='ltr'>ortum</span> <span class='ocrx_word' id='word_1_339' title='bbox 1290 4159 1469 4197; x_wconf 83' lang='lat' dir='ltr'>versus</span> <span class='ocrx_word' id='word_1_340' title='bbox 1482 4141 1770 4216; x_wconf 77' lang='lat' dir='ltr'>procedere</span> <span class='ocrx_word' id='word_1_341' title='bbox 1785 4142 2109 4209; x_wconf 86' lang='lat' dir='ltr'>censebatur,</span> <span class='ocrx_word' id='word_1_342' title='bbox 2121 4162 2228 4200; x_wconf 90' lang='lat' dir='ltr'>me·</span> 
     </span>
     <span class='ocr_line' id='line_1_45' title="bbox 667 4220 2226 4279; baseline 0.003 -5"><span class='ocrx_word' id='word_1_343' title='bbox 667 4220 928 4277; x_wconf 85' lang='lat' dir='ltr'>ridionale</span> <span class='ocrx_word' id='word_1_344' title='bbox 953 4240 1082 4277; x_wconf 80' lang='lat' dir='ltr'>vero</span> <span class='ocrx_word' id='word_1_345' title='bbox 1109 4222 1248 4277; x_wconf 70' lang='lat' dir='ltr'>Asiae</span> <span class='ocrx_word' id='word_1_346' title='bbox 1273 4222 1494 4276; x_wconf 87' lang='lat' dir='ltr'>minoris</span> <span class='ocrx_word' id='word_1_347' title='bbox 1513 4221 1637 4276; x_wconf 86' lang='lat' dir='ltr'>litus</span> <span class='ocrx_word' id='word_1_348' title='bbox 1657 4225 1796 4277; x_wconf 87' lang='lat' dir='ltr'>circa</span> <span class='ocrx_word' id='word_1_349' title='bbox 1819 4224 1994 4279; x_wconf 84' lang='lat' dir='ltr'>sinum</span> <span class='ocrx_word' id='word_1_350' title='bbox 2009 4224 2226 4279; x_wconf 83' lang='lat' dir='ltr'>Issicum</span> 
     </span>
     <span class='ocr_line' id='line_1_46' title="bbox 673 4301 2224 4377; baseline 0.003 -22"><span class='ocrx_word' id='word_1_351' title='bbox 673 4302 902 4357; x_wconf 81' lang='lat' dir='ltr'>multum</span> <span class='ocrx_word' id='word_1_352' title='bbox 950 4319 1133 4357; x_wconf 74' lang='lat' dir='ltr'>versus</span> <span class='ocrx_word' id='word_1_353' title='bbox 1177 4301 1394 4357; x_wconf 81' lang='lat' dir='ltr'>boream</span> <span class='ocrx_word' id='word_1_354' title='bbox 1437 4302 1633 4358; x_wconf 83' lang='lat' dir='ltr'>reflecti</span> <span class='ocrx_word' id='word_1_355' title='bbox 1678 4303 1918 4358; x_wconf 83' lang='lat' dir='ltr'>nonnulli</span> <span class='ocrx_word' id='word_1_356' title='bbox 1944 4304 2224 4377; x_wconf 84' lang='lat' dir='ltr'>putabant,</span> 
     </span>
     <span class='ocr_line' id='line_1_47' title="bbox 666 4376 2230 4457; baseline 0.001 -22"><span class='ocrx_word' id='word_1_357' title='bbox 666 4378 802 4435; x_wconf 83' lang='lat' dir='ltr'>adeo</span> <span class='ocrx_word' id='word_1_358' title='bbox 823 4394 886 4435; x_wconf 85' lang='lat' dir='ltr'>ut</span> <span class='ocrx_word' id='word_1_359' title='bbox 905 4380 1103 4436; x_wconf 88' lang='lat' dir='ltr'>isthmo</span> <span class='ocrx_word' id='word_1_360' title='bbox 1120 4376 1344 4454; x_wconf 74' lang='lat' dir='ltr'>angusto</span> <span class='ocrx_word' id='word_1_361' title='bbox 1362 4383 1678 4457; x_wconf 78' lang='grc' dir='ltr'>(στενωτάτιρ</span> <span class='ocrx_word' id='word_1_362' title='bbox 1705 4381 1895 4455; x_wconf 75' lang='grc' dir='ltr'>ἰσθμῷ)</span> <span class='ocrx_word' id='word_1_363' title='bbox 1922 4382 2038 4437; x_wconf 76' lang='lat' dir='ltr'>Asia</span> <span class='ocrx_word' id='word_1_364' title='bbox 2058 4383 2230 4437; x_wconf 87' lang='lat' dir='ltr'>minor</span> 
     </span>
     <span class='ocr_line' id='line_1_48' title="bbox 667 4460 2226 4535; baseline 0.002 -22"><span class='ocrx_word' id='word_1_365' title='bbox 667 4478 700 4513; x_wconf 88' lang='lat' dir='ltr'>a</span> <span class='ocrx_word' id='word_1_366' title='bbox 727 4460 934 4533; x_wconf 83' lang='lat' dir='ltr'>reliqua</span> <span class='ocrx_word' id='word_1_367' title='bbox 967 4461 1087 4517; x_wconf 81' lang='lat' dir='ltr'>Asia</span> <span class='ocrx_word' id='word_1_368' title='bbox 1129 4460 1512 4534; x_wconf 74' lang='lat' dir='ltr'>sejungeretur,</span> <span class='ocrx_word' id='word_1_369' title='bbox 1549 4462 1876 4535; x_wconf 68' lang='lat' dir='ltr'>figuramque</span> <span class='ocrx_word' id='word_1_370' title='bbox 1915 4465 2226 4534; x_wconf 83' lang='grc' dir='ltr'>τριγωνοειδῆ</span> 
     </span>
     <span class='ocr_line' id='line_1_49' title="bbox 668 4540 2228 4617; baseline 0.003 -21"><span class='ocrx_word' id='word_1_371' title='bbox 668 4540 906 4608; x_wconf 76' lang='lat' dir='ltr'>referret,</span> <span class='ocrx_word' id='word_1_372' title='bbox 932 4542 1384 4615; x_wconf 71' lang='lat' dir='ltr'>quemadmodum</span> <span class='ocrx_word' id='word_1_373' title='bbox 1411 4544 1752 4616; x_wconf 79' lang='lat' dir='ltr'>Apollodorus</span> <span class='ocrx_word' id='word_1_374' title='bbox 1774 4542 2045 4617; x_wconf 80' lang='lat' dir='ltr'>prodidit,</span> <span class='ocrx_word' id='word_1_375' title='bbox 2071 4561 2228 4617; x_wconf 90' lang='lat' dir='ltr'>quem</span> 
     </span>
     <span class='ocr_line' id='line_1_50' title="bbox 669 4621 2228 4698; baseline 0.004 -23"><span class='ocrx_word' id='word_1_376' title='bbox 669 4621 860 4677; x_wconf 85' lang='lat' dir='ltr'>Strabo</span> <span class='ocrx_word' id='word_1_377' title='bbox 893 4640 950 4695; x_wconf 90' lang='lat' dir='ltr'>p.</span> <span class='ocrx_word' id='word_1_378' title='bbox 996 4623 1100 4695; x_wconf 85' lang='grc'><strong>576</strong></span> <span class='ocrx_word' id='word_1_379' title='bbox 1147 4624 1270 4697; x_wconf 87' lang='lat' dir='ltr'>(Cf.</span> <span class='ocrx_word' id='word_1_380' title='bbox 1300 4643 1340 4698; x_wconf 97' lang='lat' dir='ltr'>p</span> <span class='ocrx_word' id='word_1_381' title='bbox 1393 4626 1516 4691; x_wconf 85' lang='grc'>534,</span> <span class='ocrx_word' id='word_1_382' title='bbox 1562 4628 1708 4697; x_wconf 61' lang='grc' dir='ltr'><strong>67η)</strong></span> <span class='ocrx_word' id='word_1_383' title='bbox 1749 4623 1954 4682; x_wconf 81' lang='lat' dir='ltr'>refellit.</span> <span class='ocrx_word' id='word_1_384' title='bbox 1994 4624 2228 4681; x_wconf 82' lang='lat' dir='ltr'>Eandem</span> 
     </span>
     <span class='ocr_line' id='line_1_51' title="bbox 665 4702 2228 4778; baseline 0.004 -23"><span class='ocrx_word' id='word_1_385' title='bbox 665 4703 983 4757; x_wconf 87' lang='lat' dir='ltr'>sententiam</span> <span class='ocrx_word' id='word_1_386' title='bbox 1001 4704 1194 4775; x_wconf 68' lang='lat' dir='ltr'>arguit,</span> <span class='ocrx_word' id='word_1_387' title='bbox 1223 4703 1370 4775; x_wconf 90' lang='lat' dir='ltr'>quod</span> <span class='ocrx_word' id='word_1_388' title='bbox 1393 4722 1460 4758; x_wconf 85' lang='lat' dir='ltr'>ex</span> <span class='ocrx_word' id='word_1_389' title='bbox 1479 4712 1665 4776; x_wconf 75' lang='lat' dir='ltr'>Argaeo</span> <span class='ocrx_word' id='word_1_390' title='bbox 1687 4702 2028 4778; x_wconf 76' lang='lat' dir='ltr'>c-ppadociae</span> <span class='ocrx_word' id='word_1_391' title='bbox 2049 4717 2228 4761; x_wconf 85' lang='lat' dir='ltr'>monte</span> 
     </span>
     <span class='ocr_line' id='line_1_52' title="bbox 667 4784 2229 4858; baseline 0.004 -23"><span class='ocrx_word' id='word_1_392' title='bbox 667 4792 724 4835; x_wconf 86' lang='lat' dir='ltr'>et</span> <span class='ocrx_word' id='word_1_393' title='bbox 751 4784 954 4837; x_wconf 85' lang='lat' dir='ltr'>Pontus</span> <span class='ocrx_word' id='word_1_394' title='bbox 979 4784 1222 4838; x_wconf 79' lang='lat' dir='ltr'>Euxinus</span> <span class='ocrx_word' id='word_1_395' title='bbox 1253 4794 1308 4839; x_wconf 84' lang='lat' dir='ltr'>et</span> <span class='ocrx_word' id='word_1_396' title='bbox 1333 4784 1478 4839; x_wconf 90' lang='lat' dir='ltr'>sinus</span> <span class='ocrx_word' id='word_1_397' title='bbox 1503 4785 1694 4839; x_wconf 85' lang='lat' dir='ltr'>Issicus</span> <span class='ocrx_word' id='word_1_398' title='bbox 1719 4785 1950 4857; x_wconf 73' lang='lat' dir='ltr'>conspici</span> <span class='ocrx_word' id='word_1_399' title='bbox 1977 4802 2128 4858; x_wconf 88' lang='lat' dir='ltr'>posse</span> <span class='ocrx_word' id='word_1_400' title='bbox 2156 4785 2229 4841; x_wconf 86' lang='lat' dir='ltr'>fe-</span> 
     </span>
     <span class='ocr_line' id='line_1_53' title="bbox 667 4859 2224 4938; baseline 0.005 -25"><span class='ocrx_word' id='word_1_401' title='bbox 667 4859 886 4915; x_wconf 84' lang='lat' dir='ltr'>rebatur</span> <span class='ocrx_word' id='word_1_402' title='bbox 933 4860 1162 4936; x_wconf 80' lang='lat' dir='ltr'>(Strabo</span> <span class='ocrx_word' id='word_1_403' title='bbox 1202 4881 1260 4936; x_wconf 93' lang='lat' dir='ltr'>p.</span> <span class='ocrx_word' id='word_1_404' title='bbox 1310 4864 1411 4935; x_wconf 81' lang='lat'>537</span> <span class='ocrx_word' id='word_1_405' title='bbox 1437 4864 1480 4938; x_wconf 89' lang='lat'>).</span> <span class='ocrx_word' id='word_1_406' title='bbox 1526 4864 1608 4920; x_wconf 87' lang='lat' dir='ltr'>Cf.</span> <span class='ocrx_word' id='word_1_407' title='bbox 1651 4865 1810 4919; x_wconf 86' lang='lat' dir='ltr'>etiam</span> <span class='ocrx_word' id='word_1_408' title='bbox 1844 4864 2028 4937; x_wconf 79' lang='lat' dir='ltr'>Scylax</span> <span class='ocrx_word' id='word_1_409' title='bbox 2057 4868 2087 4934; x_wconf 74' lang='lat' dir='ltr'>S</span> <span class='ocrx_word' id='word_1_410' title='bbox 2126 4883 2224 4923; x_wconf 75' lang='lat' dir='ltr'>toa</span> 
     </span>
     <span class='ocr_line' id='line_1_54' title="bbox 659 4943 2220 5019; baseline 0.004 -26"><span class='ocrx_word' id='word_1_411' title='bbox 659 4948 828 5004; x_wconf 80' lang='lat' dir='ltr'>extr..</span> <span class='ocrx_word' id='word_1_412' title='bbox 856 4950 897 4994; x_wconf 93' lang='lat' dir='ltr'>t.</span> <span class='ocrx_word' id='word_1_413' title='bbox 936 4957 988 5008; x_wconf 87' lang='lat'>1,</span> <span class='ocrx_word' id='word_1_414' title='bbox 1009 4959 1067 5014; x_wconf 87' lang='lat' dir='ltr'>p.</span> <span class='ocrx_word' id='word_1_415' title='bbox 1106 4958 1196 5013; x_wconf 89' lang='lat'>77.</span> <span class='ocrx_word' id='word_1_416' title='bbox 1219 4943 1410 5014; x_wconf 80' lang='grc' dir='ltr'>περικλ.</span> <span class='ocrx_word' id='word_1_417' title='bbox 1437 4960 1562 5015; x_wconf 79' lang='lat' dir='ltr'>mgo</span> <span class='ocrx_word' id='word_1_418' title='bbox 1596 4946 1665 5001; x_wconf 90' lang='lat'>0.</span> <span class='ocrx_word' id='word_1_419' title='bbox 1699 4946 1721 5015; x_wconf 84' lang='grc' dir='ltr'>ΙΙ</span> <span class='ocrx_word' id='word_1_420' title='bbox 1751 4974 1825 4985; x_wconf 92' lang='grc'>-</span> <span class='ocrx_word' id='word_1_421' title='bbox 1861 4946 1983 5008; x_wconf 89' lang='grc'><strong>864.</strong></span> <span class='ocrx_word' id='word_1_422' title='bbox 2009 4943 2220 5019; x_wconf 83' lang='grc' dir='ltr'>κόλπος]</span> 
     </span>
     <span class='ocr_line' id='line_1_55' title="bbox 661 5017 2226 5097; baseline 0.006 -26"><span class='ocrx_word' id='word_1_423' title='bbox 661 5017 843 5081; x_wconf 78' lang='grc' dir='ltr'>πόντος</span> <span class='ocrx_word' id='word_1_424' title='bbox 869 5021 1501 5097; x_wconf 64' lang='grc' dir='ltr'>ΒΕΙΙΚΝΥςβᾸ-ηιορςζς</span> <span class='ocrx_word' id='word_1_425' title='bbox 1524 5024 1579 5077; x_wconf 90' lang='lat' dir='ltr'>in</span> <span class='ocrx_word' id='word_1_426' title='bbox 1597 5041 1627 5077; x_wconf 83' lang='lat' dir='ltr'>e</span> <span class='ocrx_word' id='word_1_427' title='bbox 1643 5032 1925 5078; x_wconf 87' lang='lat' dir='ltr'>annotatur</span> <span class='ocrx_word' id='word_1_428' title='bbox 1945 5042 2026 5095; x_wconf 87' lang='grc' dir='ltr'>γρ.</span> <span class='ocrx_word' id='word_1_429' title='bbox 2045 5024 2226 5089; x_wconf 86' lang='grc' dir='ltr'>κόλπος</span> 
     </span>
     <span class='ocr_line' id='line_1_56' title="bbox 667 5096 2225 5173; baseline 0.003 -20"><span class='ocrx_word' id='word_1_430' title='bbox 667 5096 690 5165; x_wconf 83' lang='lat' dir='ltr'>ll</span> <span class='ocrx_word' id='word_1_431' title='bbox 713 5126 791 5139; x_wconf 92' lang='lat'>—</span> <span class='ocrx_word' id='word_1_432' title='bbox 811 5096 938 5154; x_wconf 84' lang='grc'><strong>865.</strong></span> <span class='ocrx_word' id='word_1_433' title='bbox 987 5100 1194 5155; x_wconf 76' lang='grc' dir='ltr'>καλεῦσι</span> <span class='ocrx_word' id='word_1_434' title='bbox 1220 5104 1334 5173; x_wconf 79' lang='lat' dir='ltr'>BQ,</span> <span class='ocrx_word' id='word_1_435' title='bbox 1369 5101 1597 5155; x_wconf 74' lang='grc' dir='ltr'>καλέουσι</span> <span class='ocrx_word' id='word_1_436' title='bbox 1624 5106 1806 5165; x_wconf 77' lang='grc' dir='ltr'>ΜΝΥ,</span> <span class='ocrx_word' id='word_1_437' title='bbox 1836 5100 2042 5155; x_wconf 76' lang='grc' dir='ltr'>καλοῦσι</span> <span class='ocrx_word' id='word_1_438' title='bbox 2089 5104 2225 5169; x_wconf 83' lang='lat' dir='ltr'>Lhe;</span> 
     </span>
     <span class='ocr_line' id='line_1_57' title="bbox 662 5172 2224 5255; baseline 0.004 -26"><span class='ocrx_word' id='word_1_439' title='bbox 662 5172 830 5229; x_wconf 75' lang='grc' dir='ltr'>στεινὰ</span> <span class='ocrx_word' id='word_1_440' title='bbox 873 5174 928 5231; x_wconf 60' lang='grc' dir='ltr'>δὲ</span> <span class='ocrx_word' id='word_1_441' title='bbox 973 5195 1030 5251; x_wconf 81' lang='lat' dir='ltr'>q.</span> <span class='ocrx_word' id='word_1_442' title='bbox 1084 5178 1218 5233; x_wconf 66' lang='lat' dir='ltr'>Asia</span> <span class='ocrx_word' id='word_1_443' title='bbox 1259 5181 1523 5251; x_wconf 69' lang='lat' dir='ltr'>angustias</span> <span class='ocrx_word' id='word_1_444' title='bbox 1569 5180 1676 5235; x_wconf 90' lang='lat' dir='ltr'>dici</span> <span class='ocrx_word' id='word_1_445' title='bbox 1733 5180 1982 5235; x_wconf 76' lang='lat' dir='ltr'>isthmum</span> <span class='ocrx_word' id='word_1_446' title='bbox 2021 5180 2092 5236; x_wconf 88' lang='lat' dir='ltr'>de</span> <span class='ocrx_word' id='word_1_447' title='bbox 2115 5200 2224 5255; x_wconf 84' lang='lat' dir='ltr'>quo</span> 
     </span>
     <span class='ocr_line' id='line_1_58' title="bbox 659 5253 2221 5335; baseline 0.006 -28"><span class='ocrx_word' id='word_1_448' title='bbox 659 5253 824 5309; x_wconf 86' lang='lat' dir='ltr'>modo</span> <span class='ocrx_word' id='word_1_449' title='bbox 867 5257 1092 5327; x_wconf 74' lang='lat' dir='ltr'>egimus,</span> <span class='ocrx_word' id='word_1_450' title='bbox 1146 5270 1336 5333; x_wconf 88' lang='lat' dir='ltr'>sponte</span> <span class='ocrx_word' id='word_1_451' title='bbox 1375 5261 1704 5333; x_wconf 75' lang='lat' dir='ltr'>intelligitur.</span> <span class='ocrx_word' id='word_1_452' title='bbox 1731 5260 2009 5317; x_wconf 70' lang='lat' dir='ltr'>Salmasius</span> <span class='ocrx_word' id='word_1_453' title='bbox 2043 5274 2221 5335; x_wconf 83' lang='lat' dir='ltr'>portas</span> 
     </span>
     <span class='ocr_line' id='line_1_59' title="bbox 657 5334 2223 5415; baseline 0.004 -26"><span class='ocrx_word' id='word_1_454' title='bbox 657 5334 868 5391; x_wconf 72' lang='lat' dir='ltr'>cilicias</span> <span class='ocrx_word' id='word_1_455' title='bbox 915 5336 1142 5393; x_wconf 83' lang='lat' dir='ltr'>indicari</span> <span class='ocrx_word' id='word_1_456' title='bbox 1190 5340 1408 5412; x_wconf 83' lang='lat' dir='ltr'>putabat</span> <span class='ocrx_word' id='word_1_457' title='bbox 1465 5340 1628 5413; x_wconf 88' lang='lat' dir='ltr'>idque</span> <span class='ocrx_word' id='word_1_458' title='bbox 1673 5342 1926 5415; x_wconf 72' lang='lat' dir='ltr'>persuasit</span> <span class='ocrx_word' id='word_1_459' title='bbox 1965 5342 2223 5397; x_wconf 87' lang='lat' dir='ltr'>Bernhar-</span> 
     </span>
     <span class='ocr_line' id='line_1_60' title="bbox 657 5412 2220 5495; baseline 0.006 -28"><span class='ocrx_word' id='word_1_460' title='bbox 657 5412 788 5488; x_wconf 83' lang='lat' dir='ltr'>dyo.</span> <span class='ocrx_word' id='word_1_461' title='bbox 829 5416 852 5487; x_wconf 84' lang='grc'>11</span> <span class='ocrx_word' id='word_1_462' title='bbox 892 5446 964 5459; x_wconf 86' lang='grc'><strong>-</strong></span> <span class='ocrx_word' id='word_1_463' title='bbox 990 5418 1116 5473; x_wconf 86' lang='grc'><strong>866.</strong></span> <span class='ocrx_word' id='word_1_464' title='bbox 1157 5418 1242 5471; x_wconf 77' lang='grc' dir='ltr'>καὶ</span> <span class='ocrx_word' id='word_1_465' title='bbox 1280 5420 1338 5473; x_wconf 69' lang='grc' dir='ltr'>τὸ</span> <span class='ocrx_word' id='word_1_466' title='bbox 1367 5418 1454 5492; x_wconf 66' lang='grc' dir='ltr'>μὲν</span> <span class='ocrx_word' id='word_1_467' title='bbox 1494 5424 1544 5477; x_wconf 84' lang='lat' dir='ltr'><em>F</em></span> <span class='ocrx_word' id='word_1_468' title='bbox 1555 5444 1574 5482; x_wconf 85' lang='lat'>.-</span> <span class='ocrx_word' id='word_1_469' title='bbox 1617 5420 1876 5495; x_wconf 77' lang='grc' dir='ltr'>πλεόνων]</span> <span class='ocrx_word' id='word_1_470' title='bbox 1904 5421 2094 5475; x_wconf 86' lang='grc' dir='ltr'>πόλεων</span> <span class='ocrx_word' id='word_1_471' title='bbox 2123 5428 2220 5479; x_wconf 87' lang='lat' dir='ltr'>AB</span> 
     </span>
    </p>
   </div>
   <div class='ocr_carea' id='block_1_10' title="bbox 2324 954 3896 1820">
    <p class='ocr_par' dir='ltr' id='par_1_10' title="bbox 2332 954 3869 1116">
     <span class='ocr_line' id='line_1_61' title="bbox 2332 954 3869 1028; baseline 0.002 -17"><span class='ocrx_word' id='word_1_472' title='bbox 2332 958 2638 1011; x_wconf 64' lang='lat' dir='ltr'>&#39;Permessus</span> <span class='ocrx_word' id='word_1_473' title='bbox 2660 966 2716 1011; x_wconf 85' lang='lat' dir='ltr'>et</span> <span class='ocrx_word' id='word_1_474' title='bbox 2740 955 2944 1027; x_wconf 85' lang='lat' dir='ltr'>Lyrbe,</span> <span class='ocrx_word' id='word_1_475' title='bbox 2972 972 3241 1028; x_wconf 88' lang='lat' dir='ltr'>quamque</span> <span class='ocrx_word' id='word_1_476' title='bbox 3266 954 3509 1012; x_wconf 87' lang='lat' dir='ltr'>condidit</span> <span class='ocrx_word' id='word_1_477' title='bbox 3525 958 3651 1013; x_wconf 90' lang='lat' dir='ltr'>olim</span> <span class='ocrx_word' id='word_1_478' title='bbox 3681 978 3869 1015; x_wconf 85' lang='lat' dir='ltr'>manus</span> 
     </span>
     <span class='ocr_line' id='line_1_62' title="bbox 2333 1040 3541 1116; baseline 0.002 -18"><span class='ocrx_word' id='word_1_479' title='bbox 2333 1043 2741 1116; x_wconf 67' lang='lat' dir='ltr'>Amyclaeorum,</span> <span class='ocrx_word' id='word_1_480' title='bbox 2760 1041 2907 1113; x_wconf 72' lang='lat' dir='ltr'>Selge</span> <span class='ocrx_word' id='word_1_481' title='bbox 2928 1040 3157 1113; x_wconf 69' lang='lat' dir='ltr'>regionis</span> <span class='ocrx_word' id='word_1_482' title='bbox 3176 1040 3306 1096; x_wconf 85' lang='lat' dir='ltr'>urbs</span> <span class='ocrx_word' id='word_1_483' title='bbox 3326 1040 3541 1099; x_wconf 84' lang='lat' dir='ltr'>famosa.</span> 
     </span>
    </p>

    <p class='ocr_par' dir='ltr' id='par_1_11' title="bbox 2330 1128 3867 1378">
     <span class='ocr_line' id='line_1_63' title="bbox 2332 1128 3867 1202; baseline 0.001 -15"><span class='ocrx_word' id='word_1_484' title='bbox 2332 1130 2465 1187; x_wconf 90' lang='lat' dir='ltr'>Inde</span> <span class='ocrx_word' id='word_1_485' title='bbox 2490 1130 2557 1185; x_wconf 90' lang='lat' dir='ltr'>ad</span> <span class='ocrx_word' id='word_1_486' title='bbox 2576 1132 2835 1186; x_wconf 86' lang='lat' dir='ltr'>orientem</span> <span class='ocrx_word' id='word_1_487' title='bbox 2862 1128 3140 1202; x_wconf 87' lang='lat' dir='ltr'>obliquum</span> <span class='ocrx_word' id='word_1_488' title='bbox 3172 1130 3227 1183; x_wconf 90' lang='lat' dir='ltr'>in</span> <span class='ocrx_word' id='word_1_489' title='bbox 3252 1131 3517 1185; x_wconf 81' lang='lat' dir='ltr'>tramitem</span> <span class='ocrx_word' id='word_1_490' title='bbox 3536 1132 3867 1189; x_wconf 87' lang='lat' dir='ltr'>contrabitur</span> 
     </span>
     <span class='ocr_line' id='line_1_64' title="bbox 2334 1214 3811 1286; baseline 0 -13"><span class='ocrx_word' id='word_1_491' title='bbox 2334 1236 2479 1273; x_wconf 86' lang='lat' dir='ltr'>mare</span> <span class='ocrx_word' id='word_1_492' title='bbox 2498 1219 2869 1273; x_wconf 84' lang='lat' dir='ltr'>circumfluum</span> <span class='ocrx_word' id='word_1_493' title='bbox 2884 1255 2900 1284; x_wconf 87' lang='lat'><strong>,</strong></span> <span class='ocrx_word' id='word_1_494' title='bbox 2920 1215 3149 1272; x_wconf 89' lang='lat' dir='ltr'>multum</span> <span class='ocrx_word' id='word_1_495' title='bbox 3168 1214 3237 1270; x_wconf 88' lang='lat' dir='ltr'>ad</span> <span class='ocrx_word' id='word_1_496' title='bbox 3260 1217 3512 1272; x_wconf 89' lang='lat' dir='ltr'>interiora</span> <span class='ocrx_word' id='word_1_497' title='bbox 3536 1217 3811 1286; x_wconf 83' lang='lat' dir='ltr'>secedens,</span> 
     </span>
     <span class='ocr_line' id='line_1_65' title="bbox 2330 1304 3456 1378; baseline -0.001 -16"><span class='ocrx_word' id='word_1_498' title='bbox 2330 1308 2563 1363; x_wconf 80' lang='lat' dir='ltr'>oestuosis</span> <span class='ocrx_word' id='word_1_499' title='bbox 2585 1306 2781 1362; x_wconf 85' lang='lat' dir='ltr'>Euxini</span> <span class='ocrx_word' id='word_1_500' title='bbox 2805 1304 3053 1363; x_wconf 74' lang='lat' dir='ltr'>fluctibus</span> <span class='ocrx_word' id='word_1_501' title='bbox 3074 1306 3456 1378; x_wconf 85' lang='lat' dir='ltr'>propinquum.</span> 
     </span>
    </p>

    <p class='ocr_par' dir='ltr' id='par_1_12' title="bbox 2328 1393 3653 1469">
     <span class='ocr_line' id='line_1_66' title="bbox 2328 1393 3653 1469; baseline 0.002 -21"><span class='ocrx_word' id='word_1_502' title='bbox 2328 1394 2377 1449; x_wconf 84' lang='lat' dir='ltr'>Is</span> <span class='ocrx_word' id='word_1_503' title='bbox 2404 1393 2619 1469; x_wconf 88' lang='lat' dir='ltr'>quidem</span> <span class='ocrx_word' id='word_1_504' title='bbox 2642 1394 2787 1449; x_wconf 84' lang='lat' dir='ltr'>sinus</span> <span class='ocrx_word' id='word_1_505' title='bbox 2813 1393 3037 1449; x_wconf 89' lang='lat' dir='ltr'>Cilicum</span> <span class='ocrx_word' id='word_1_506' title='bbox 3054 1404 3233 1465; x_wconf 76' lang='lat' dir='ltr'>gentes</span> <span class='ocrx_word' id='word_1_507' title='bbox 3255 1393 3653 1467; x_wconf 67' lang='lat' dir='ltr'>praten-vehitur</span> 
     </span>
    </p>

    <p class='ocr_par' dir='ltr' id='par_1_13' title="bbox 2324 1481 3896 1820">
     <span class='ocr_line' id='line_1_67' title="bbox 2328 1481 3753 1556; baseline 0.002 -19"><span class='ocrx_word' id='word_1_508' title='bbox 2328 1482 2481 1555; x_wconf 71' lang='lat' dir='ltr'>longe</span> <span class='ocrx_word' id='word_1_509' title='bbox 2504 1485 2561 1537; x_wconf 88' lang='lat' dir='ltr'>iu</span> <span class='ocrx_word' id='word_1_510' title='bbox 2587 1494 2763 1539; x_wconf 84' lang='lat' dir='ltr'>ortum</span> <span class='ocrx_word' id='word_1_511' title='bbox 2792 1482 3095 1556; x_wconf 75' lang='lat' dir='ltr'>pertinens3</span> <span class='ocrx_word' id='word_1_512' title='bbox 3120 1493 3377 1537; x_wconf 80' lang='lat' dir='ltr'>vocantur</span> <span class='ocrx_word' id='word_1_513' title='bbox 3402 1481 3578 1537; x_wconf 79' lang='lat' dir='ltr'>fauces</span> <span class='ocrx_word' id='word_1_514' title='bbox 3598 1484 3753 1543; x_wconf 81' lang='lat' dir='ltr'>Asiae.</span> 
     </span>
     <span class='ocr_line' id='line_1_68' title="bbox 2325 1570 3896 1645; baseline 0.001 -18"><span class='ocrx_word' id='word_1_515' title='bbox 2325 1572 2497 1645; x_wconf 79' lang='lat' dir='ltr'>Atque</span> <span class='ocrx_word' id='word_1_516' title='bbox 2526 1589 2651 1627; x_wconf 89' lang='lat' dir='ltr'>cum</span> <span class='ocrx_word' id='word_1_517' title='bbox 2678 1570 2784 1627; x_wconf 84' lang='lat' dir='ltr'>hoc</span> <span class='ocrx_word' id='word_1_518' title='bbox 2810 1571 3099 1625; x_wconf 87' lang='lat' dir='ltr'>multorum</span> <span class='ocrx_word' id='word_1_519' title='bbox 3140 1570 3423 1625; x_wconf 85' lang='lat' dir='ltr'>fluminum</span> <span class='ocrx_word' id='word_1_520' title='bbox 3462 1590 3615 1643; x_wconf 68' lang='lat' dir='ltr'>aquas</span> <span class='ocrx_word' id='word_1_521' title='bbox 3650 1576 3896 1629; x_wconf 89' lang='lat' dir='ltr'>commis-</span> 
     </span>
     <span class='ocr_line' id='line_1_69' title="bbox 2326 1656 3889 1731; baseline 0.001 -17"><span class='ocrx_word' id='word_1_522' title='bbox 2326 1660 2418 1731; x_wconf 90' lang='lat' dir='ltr'>qui</span> <span class='ocrx_word' id='word_1_523' title='bbox 2444 1659 2599 1731; x_wconf 74' lang='lat' dir='ltr'>longe</span> <span class='ocrx_word' id='word_1_524' title='bbox 2618 1656 2953 1725; x_wconf 85' lang='lat' dir='ltr'>deferuntur,</span> <span class='ocrx_word' id='word_1_525' title='bbox 2987 1658 3201 1731; x_wconf 83' lang='lat' dir='ltr'>Pyrami</span> <span class='ocrx_word' id='word_1_526' title='bbox 3224 1657 3509 1731; x_wconf 81' lang='lat' dir='ltr'>Pinarique</span> <span class='ocrx_word' id='word_1_527' title='bbox 3662 1658 3889 1731; x_wconf 88' lang='lat' dir='ltr'>[centur‚</span> 
     </span>
     <span class='ocr_line' id='line_1_70' title="bbox 2324 1745 3695 1820; baseline -0.001 -17"><span class='ocrx_word' id='word_1_528' title='bbox 2324 1758 2378 1803; x_wconf 90' lang='lat' dir='ltr'>et</span> <span class='ocrx_word' id='word_1_529' title='bbox 2401 1747 2571 1820; x_wconf 77' lang='lat' dir='ltr'>Cydni</span> <span class='ocrx_word' id='word_1_530' title='bbox 2596 1746 2821 1802; x_wconf 83' lang='lat' dir='ltr'>flexibus</span> <span class='ocrx_word' id='word_1_531' title='bbox 2848 1745 3077 1803; x_wconf 83' lang='lat' dir='ltr'>mediam</span> <span class='ocrx_word' id='word_1_532' title='bbox 3104 1748 3425 1819; x_wconf 80' lang='lat' dir='ltr'>permeantis</span> <span class='ocrx_word' id='word_1_533' title='bbox 3450 1747 3695 1813; x_wconf 85' lang='lat' dir='ltr'>Tarsum,</span> 
     </span>
    </p>
   </div>
   <div class='ocr_carea' id='block_1_11' title="bbox 2274 1833 3857 1907">
    <p class='ocr_par' dir='ltr' id='par_1_14' title="bbox 2274 1833 3857 1907">
     <span class='ocr_line' id='line_1_71' title="bbox 2274 1833 3857 1907; baseline 0.001 -18"><span class='ocrx_word' id='word_1_534' title='bbox 2274 1858 2286 1871; x_wconf 92' lang='lat'><strong>·</strong></span> <span class='ocrx_word' id='word_1_535' title='bbox 2322 1836 2547 1891; x_wconf 88' lang='lat' dir='ltr'>Tarsum</span> <span class='ocrx_word' id='word_1_536' title='bbox 2566 1834 2787 1907; x_wconf 79' lang='lat' dir='ltr'>pulchre</span> <span class='ocrx_word' id='word_1_537' title='bbox 2812 1844 3152 1901; x_wconf 62' lang='lat' dir='ltr'>exstructam,</span> <span class='ocrx_word' id='word_1_538' title='bbox 3175 1833 3268 1888; x_wconf 88' lang='lat' dir='ltr'>ubi</span> <span class='ocrx_word' id='word_1_539' title='bbox 3288 1833 3417 1888; x_wconf 88' lang='lat' dir='ltr'>olim</span> <span class='ocrx_word' id='word_1_540' title='bbox 3439 1835 3667 1905; x_wconf 77' lang='lat' dir='ltr'>Pegasus</span> <span class='ocrx_word' id='word_1_541' title='bbox 3688 1852 3857 1907; x_wconf 89' lang='lat' dir='ltr'>equus</span> 
     </span>
    </p>
   </div>
   <div class='ocr_carea' id='block_1_12' title="bbox 2321 1920 3821 2346">
    <p class='ocr_par' dir='ltr' id='par_1_15' title="bbox 2322 1920 3821 2081">
     <span class='ocr_line' id='line_1_72' title="bbox 2322 1920 3821 1995; baseline 0 -18"><span class='ocrx_word' id='word_1_542' title='bbox 2322 1922 2523 1995; x_wconf 83' lang='lat' dir='ltr'>abjecta</span> <span class='ocrx_word' id='word_1_543' title='bbox 2546 1922 2745 1995; x_wconf 68' lang='lat' dir='ltr'>ungula</span> <span class='ocrx_word' id='word_1_544' title='bbox 2772 1920 2889 1977; x_wconf 90' lang='lat' dir='ltr'>loco</span> <span class='ocrx_word' id='word_1_545' title='bbox 2916 1940 3107 1978; x_wconf 84' lang='lat' dir='ltr'>nomen</span> <span class='ocrx_word' id='word_1_546' title='bbox 3134 1922 3376 1995; x_wconf 87' lang='lat' dir='ltr'>reliquit,</span> <span class='ocrx_word' id='word_1_547' title='bbox 3400 1939 3571 1994; x_wconf 88' lang='lat' dir='ltr'>quum</span> <span class='ocrx_word' id='word_1_548' title='bbox 3596 1922 3665 1977; x_wconf 90' lang='lat' dir='ltr'>ab</span> <span class='ocrx_word' id='word_1_549' title='bbox 3682 1941 3821 1995; x_wconf 88' lang='lat' dir='ltr'>equo</span> 
     </span>
     <span class='ocr_line' id='line_1_73' title="bbox 2322 2006 3652 2081; baseline -0.002 -16"><span class='ocrx_word' id='word_1_550' title='bbox 2322 2009 2390 2065; x_wconf 87' lang='lat' dir='ltr'>ad</span> <span class='ocrx_word' id='word_1_551' title='bbox 2414 2011 2555 2064; x_wconf 76' lang='lat' dir='ltr'>Iovis</span> <span class='ocrx_word' id='word_1_552' title='bbox 2580 2009 2785 2065; x_wconf 88' lang='lat' dir='ltr'>enitens</span> <span class='ocrx_word' id='word_1_553' title='bbox 2800 2008 2957 2065; x_wconf 86' lang='lat' dir='ltr'>heros</span> <span class='ocrx_word' id='word_1_554' title='bbox 2978 2008 3413 2081; x_wconf 85' lang='lat' dir='ltr'>Bellerophontes</span> <span class='ocrx_word' id='word_1_555' title='bbox 3434 2006 3652 2063; x_wconf 82' lang='lat' dir='ltr'>decidit.</span> 
     </span>
    </p>

    <p class='ocr_par' dir='ltr' id='par_1_16' title="bbox 2321 2092 3736 2346">
     <span class='ocr_line' id='line_1_74' title="bbox 2321 2092 3714 2169; baseline 0 -18"><span class='ocrx_word' id='word_1_556' title='bbox 2321 2096 2434 2151; x_wconf 86' lang='lat' dir='ltr'>Illic</span> <span class='ocrx_word' id='word_1_557' title='bbox 2450 2114 2667 2169; x_wconf 87' lang='lat' dir='ltr'>campus</span> <span class='ocrx_word' id='word_1_558' title='bbox 2694 2096 3001 2151; x_wconf 86' lang='lat' dir='ltr'>etiamnunc</span> <span class='ocrx_word' id='word_1_559' title='bbox 3022 2095 3199 2151; x_wconf 75' lang='lat' dir='ltr'>Aleius</span> <span class='ocrx_word' id='word_1_560' title='bbox 3216 2134 3233 2161; x_wconf 90' lang='lat'><em>,</em></span> <span class='ocrx_word' id='word_1_561' title='bbox 3260 2092 3410 2167; x_wconf 87' lang='lat' dir='ltr'>cujus</span> <span class='ocrx_word' id='word_1_562' title='bbox 3433 2112 3530 2168; x_wconf 91' lang='lat' dir='ltr'>per</span> <span class='ocrx_word' id='word_1_563' title='bbox 3554 2092 3714 2151; x_wconf 85' lang='lat' dir='ltr'>dorsa</span> 
     </span>
     <span class='ocr_line' id='line_1_75' title="bbox 2322 2181 3736 2241; baseline -0.001 -1"><span class='ocrx_word' id='word_1_564' title='bbox 2322 2202 2556 2240; x_wconf 87' lang='lat' dir='ltr'>seorsum</span> <span class='ocrx_word' id='word_1_565' title='bbox 2580 2185 2649 2241; x_wconf 89' lang='lat' dir='ltr'>ab</span> <span class='ocrx_word' id='word_1_566' title='bbox 2671 2184 2978 2241; x_wconf 84' lang='lat' dir='ltr'>hominibus</span> <span class='ocrx_word' id='word_1_567' title='bbox 3006 2184 3261 2238; x_wconf 88' lang='lat' dir='ltr'>oberrans</span> <span class='ocrx_word' id='word_1_568' title='bbox 3286 2181 3736 2239; x_wconf 80' lang='lat' dir='ltr'>commorabatur.</span> 
     </span>
     <span class='ocr_line' id='line_1_76' title="bbox 2324 2270 3695 2346; baseline -0.001 -19"><span class='ocrx_word' id='word_1_569' title='bbox 2324 2273 2582 2346; x_wconf 85' lang='lat' dir='ltr'>Deinceps</span> <span class='ocrx_word' id='word_1_570' title='bbox 2607 2290 2735 2327; x_wconf 73' lang='lat' dir='ltr'>vero</span> <span class='ocrx_word' id='word_1_571' title='bbox 2758 2270 2936 2327; x_wconf 77' lang='lat' dir='ltr'>multae</span> <span class='ocrx_word' id='word_1_572' title='bbox 2962 2281 3168 2326; x_wconf 80' lang='lat' dir='ltr'>exstant</span> <span class='ocrx_word' id='word_1_573' title='bbox 3188 2270 3413 2325; x_wconf 90' lang='lat' dir='ltr'>Cilicum</span> <span class='ocrx_word' id='word_1_574' title='bbox 3439 2270 3695 2333; x_wconf 76' lang='lat' dir='ltr'>civitates,</span> 
     </span>
    </p>
   </div>
   <div class='ocr_carea' id='block_1_13' title="bbox 2308 2470 3889 5494">
    <p class='ocr_par' dir='ltr' id='par_1_17' title="bbox 2308 2470 3889 5494">
     <span class='ocr_line' id='line_1_77' title="bbox 2326 2470 3887 2546; baseline 0 -17"><span class='ocrx_word' id='word_1_575' title='bbox 2326 2478 2439 2532; x_wconf 74' lang='lat' dir='ltr'>MY</span> <span class='ocrx_word' id='word_1_576' title='bbox 2461 2472 2576 2529; x_wconf 79' lang='lat' dir='ltr'>Ald.</span> <span class='ocrx_word' id='word_1_577' title='bbox 2612 2476 2635 2545; x_wconf 84' lang='lat'>!1</span> <span class='ocrx_word' id='word_1_578' title='bbox 2662 2504 2735 2517; x_wconf 88' lang='lat'>—·</span> <span class='ocrx_word' id='word_1_579' title='bbox 2759 2475 2885 2543; x_wconf 84' lang='lat'>867.</span> <span class='ocrx_word' id='word_1_580' title='bbox 2912 2471 3202 2544; x_wconf 71' lang='grc' dir='ltr'>ἀρχομένων</span> <span class='ocrx_word' id='word_1_581' title='bbox 3229 2471 3380 2545; x_wconf 82' lang='lat' dir='ltr'>QUs</span> <span class='ocrx_word' id='word_1_582' title='bbox 3400 2470 3709 2545; x_wconf 63' lang='lat' dir='ltr'>Nicephor„</span> <span class='ocrx_word' id='word_1_583' title='bbox 3740 2472 3887 2546; x_wconf 74' lang='grc' dir='ltr'>ἔρχο·</span> 
     </span>
     <span class='ocr_line' id='line_1_78' title="bbox 2326 2548 3887 2627; baseline 0 -19"><span class='ocrx_word' id='word_1_584' title='bbox 2326 2554 2518 2627; x_wconf 72' lang='grc' dir='ltr'>μενέων</span> <span class='ocrx_word' id='word_1_585' title='bbox 2548 2556 2665 2617; x_wconf 84' lang='lat' dir='ltr'>Do,-</span> <span class='ocrx_word' id='word_1_586' title='bbox 2698 2551 2923 2623; x_wconf 79' lang='grc' dir='ltr'>Πινάρεω</span> <span class='ocrx_word' id='word_1_587' title='bbox 2950 2552 3120 2615; x_wconf 72' lang='grc' dir='ltr'>Οιῠι,</span> <span class='ocrx_word' id='word_1_588' title='bbox 3153 2548 3247 2604; x_wconf 86' lang='lat' dir='ltr'>sed</span> <span class='ocrx_word' id='word_1_589' title='bbox 3290 2553 3345 2605; x_wconf 88' lang='lat' dir='ltr'>in</span> <span class='ocrx_word' id='word_1_590' title='bbox 3374 2550 3407 2605; x_wconf 83' lang='lat' dir='ltr'><em>b</em></span> <span class='ocrx_word' id='word_1_591' title='bbox 3444 2568 3605 2623; x_wconf 86' lang='lat' dir='ltr'>supra</span> <span class='ocrx_word' id='word_1_592' title='bbox 3630 2553 3887 2625; x_wconf 83' lang='lat' dir='ltr'>scriptum</span> 
     </span>
     <span class='ocr_line' id='line_1_79' title="bbox 2322 2628 3885 2705; baseline 0.002 -18"><span class='ocrx_word' id='word_1_593' title='bbox 2322 2652 2422 2689; x_wconf 84' lang='grc' dir='ltr'>οιο.</span> <span class='ocrx_word' id='word_1_594' title='bbox 2451 2635 2573 2689; x_wconf 85' lang='lat' dir='ltr'>Non</span> <span class='ocrx_word' id='word_1_595' title='bbox 2602 2650 2669 2688; x_wconf 94' lang='lat' dir='ltr'>eo</span> <span class='ocrx_word' id='word_1_596' title='bbox 2698 2649 2807 2705; x_wconf 86' lang='lat' dir='ltr'>quo</span> <span class='ocrx_word' id='word_1_597' title='bbox 2833 2629 3095 2685; x_wconf 83' lang='lat' dir='ltr'>debebant</span> <span class='ocrx_word' id='word_1_598' title='bbox 3128 2628 3319 2685; x_wconf 89' lang='lat' dir='ltr'>ordine</span> <span class='ocrx_word' id='word_1_599' title='bbox 3343 2630 3493 2685; x_wconf 78' lang='lat' dir='ltr'>fluvii</span> <span class='ocrx_word' id='word_1_600' title='bbox 3525 2643 3885 2691; x_wconf 79' lang='lat' dir='ltr'>recensentur.</span> 
     </span>
     <span class='ocr_line' id='line_1_80' title="bbox 2322 2705 3888 2783; baseline 0.001 -15"><span class='ocrx_word' id='word_1_601' title='bbox 2322 2714 2579 2768; x_wconf 67' lang='lat' dir='ltr'>Preterea</span> <span class='ocrx_word' id='word_1_602' title='bbox 2624 2712 2833 2767; x_wconf 87' lang='lat' dir='ltr'>mireris</span> <span class='ocrx_word' id='word_1_603' title='bbox 2881 2712 3021 2765; x_wconf 88' lang='lat' dir='ltr'>inter</span> <span class='ocrx_word' id='word_1_604' title='bbox 3069 2727 3289 2783; x_wconf 73' lang='lat' dir='ltr'>magnos</span> <span class='ocrx_word' id='word_1_605' title='bbox 3338 2705 3499 2782; x_wconf 83' lang='lat' dir='ltr'>hujus</span> <span class='ocrx_word' id='word_1_606' title='bbox 3554 2726 3663 2765; x_wconf 67' lang='grc' dir='ltr'>ονε</span> <span class='ocrx_word' id='word_1_607' title='bbox 3706 2729 3888 2769; x_wconf 88' lang='lat' dir='ltr'>amnes</span> 
     </span>
     <span class='ocr_line' id='line_1_81' title="bbox 2320 2790 3889 2863; baseline 0.003 -16"><span class='ocrx_word' id='word_1_608' title='bbox 2320 2792 2581 2847; x_wconf 83' lang='lat' dir='ltr'>recenseri</span> <span class='ocrx_word' id='word_1_609' title='bbox 2623 2792 2879 2847; x_wconf 84' lang='lat' dir='ltr'>Pinarum</span> <span class='ocrx_word' id='word_1_610' title='bbox 2906 2790 3201 2857; x_wconf 78' lang='lat' dir='ltr'>fluviolum,</span> <span class='ocrx_word' id='word_1_611' title='bbox 3238 2790 3399 2845; x_wconf 89' lang='lat' dir='ltr'>misso</span> <span class='ocrx_word' id='word_1_612' title='bbox 3442 2790 3595 2855; x_wconf 88' lang='lat' dir='ltr'>Saro,</span> <span class='ocrx_word' id='word_1_613' title='bbox 3624 2793 3720 2863; x_wconf 89' lang='lat' dir='ltr'>qui</span> <span class='ocrx_word' id='word_1_614' title='bbox 3750 2794 3889 2851; x_wconf 89' lang='lat' dir='ltr'>inter</span> 
     </span>
     <span class='ocr_line' id='line_1_82' title="bbox 2320 2869 3885 2946; baseline 0.001 -18"><span class='ocrx_word' id='word_1_615' title='bbox 2320 2874 2607 2946; x_wconf 79' lang='lat' dir='ltr'>Pyramum</span> <span class='ocrx_word' id='word_1_616' title='bbox 2634 2881 2687 2926; x_wconf 88' lang='lat' dir='ltr'>et</span> <span class='ocrx_word' id='word_1_617' title='bbox 2710 2869 2959 2944; x_wconf 78' lang='lat' dir='ltr'>Cydnum</span> <span class='ocrx_word' id='word_1_618' title='bbox 2986 2870 3189 2925; x_wconf 85' lang='lat' dir='ltr'>medius</span> <span class='ocrx_word' id='word_1_619' title='bbox 3222 2889 3413 2942; x_wconf 75' lang='lat' dir='ltr'>magno</span> <span class='ocrx_word' id='word_1_620' title='bbox 3448 2887 3705 2943; x_wconf 85' lang='lat' dir='ltr'>aquarum</span> <span class='ocrx_word' id='word_1_621' title='bbox 3736 2876 3885 2931; x_wconf 79' lang='lat' dir='ltr'>volu·</span> 
     </span>
     <span class='ocr_line' id='line_1_83' title="bbox 2322 2948 3885 3024; baseline -0.001 -17"><span class='ocrx_word' id='word_1_622' title='bbox 2322 2955 2465 3007; x_wconf 89' lang='lat' dir='ltr'>mine</span> <span class='ocrx_word' id='word_1_623' title='bbox 2489 2951 2703 3007; x_wconf 87' lang='lat' dir='ltr'>labitur.</span> <span class='ocrx_word' id='word_1_624' title='bbox 2755 2950 2913 3007; x_wconf 75' lang='lat' dir='ltr'>Haud</span> <span class='ocrx_word' id='word_1_625' title='bbox 2961 2949 3125 3005; x_wconf 83' lang='lat' dir='ltr'>dubis</span> <span class='ocrx_word' id='word_1_626' title='bbox 3166 2969 3269 3024; x_wconf 86' lang='lat' dir='ltr'>pro</span> <span class='ocrx_word' id='word_1_627' title='bbox 3329 2951 3561 3022; x_wconf 83' lang='grc' dir='ltr'>Πινάροιο</span> <span class='ocrx_word' id='word_1_628' title='bbox 3606 2948 3885 3022; x_wconf 73' lang='lat' dir='ltr'>legendum</span> 
     </span>
     <span class='ocr_line' id='line_1_84' title="bbox 2318 3027 3881 3103; baseline 0.001 -18"><span class='ocrx_word' id='word_1_629' title='bbox 2318 3042 2399 3086; x_wconf 88' lang='lat' dir='ltr'>est</span> <span class='ocrx_word' id='word_1_630' title='bbox 2419 3032 2667 3103; x_wconf 80' lang='grc' dir='ltr'>Σινάροιο,</span> <span class='ocrx_word' id='word_1_631' title='bbox 2696 3028 2959 3103; x_wconf 86' lang='lat' dir='ltr'>siquidem</span> <span class='ocrx_word' id='word_1_632' title='bbox 2986 3027 3129 3102; x_wconf 85' lang='lat' dir='ltr'>apud</span> <span class='ocrx_word' id='word_1_633' title='bbox 3156 3032 3495 3085; x_wconf 69' lang='lat' dir='ltr'>Ptolemaeum</span> <span class='ocrx_word' id='word_1_634' title='bbox 3528 3029 3579 3093; x_wconf 88' lang='grc'>5,</span> <span class='ocrx_word' id='word_1_635' title='bbox 3612 3045 3643 3098; x_wconf 90' lang='lat'>7</span> <span class='ocrx_word' id='word_1_636' title='bbox 3670 3047 3726 3101; x_wconf 89' lang='lat' dir='ltr'>p.</span> <span class='ocrx_word' id='word_1_637' title='bbox 3757 3032 3881 3103; x_wconf 86' lang='grc'>344,</span> 
     </span>
     <span class='ocr_line' id='line_1_85' title="bbox 2320 3106 3886 3183; baseline 0 -18"><span class='ocrx_word' id='word_1_638' title='bbox 2320 3128 2355 3165; x_wconf 78' lang='lat' dir='ltr'>a</span> <span class='ocrx_word' id='word_1_639' title='bbox 2382 3111 2561 3167; x_wconf 88' lang='lat' dir='ltr'>Wilb.</span> <span class='ocrx_word' id='word_1_640' title='bbox 2597 3110 2655 3165; x_wconf 91' lang='lat' dir='ltr'>in</span> <span class='ocrx_word' id='word_1_641' title='bbox 2684 3108 2858 3165; x_wconf 83' lang='lat' dir='ltr'>tribus</span> <span class='ocrx_word' id='word_1_642' title='bbox 2879 3119 3020 3163; x_wconf 72' lang='grc' dir='ltr'>ωηο</span> <span class='ocrx_word' id='word_1_643' title='bbox 3043 3108 3198 3163; x_wconf 82' lang='lat' dir='ltr'>bonae</span> <span class='ocrx_word' id='word_1_644' title='bbox 3233 3118 3372 3164; x_wconf 84' lang='lat' dir='ltr'>notae</span> <span class='ocrx_word' id='word_1_645' title='bbox 3396 3106 3670 3162; x_wconf 89' lang='lat' dir='ltr'>codicibus</span> <span class='ocrx_word' id='word_1_646' title='bbox 3695 3107 3886 3183; x_wconf 71' lang='lat' dir='ltr'>legitur</span> 
     </span>
     <span class='ocr_line' id='line_1_86' title="bbox 2316 3186 3886 3263; baseline -0.003 -19"><span class='ocrx_word' id='word_1_647' title='bbox 2316 3189 2477 3263; x_wconf 78' lang='grc' dir='ltr'>Σάρου</span> <span class='ocrx_word' id='word_1_648' title='bbox 2500 3190 2531 3258; x_wconf 81' lang='grc' dir='ltr'>ἢ</span> <span class='ocrx_word' id='word_1_649' title='bbox 2556 3188 2598 3243; x_wconf 83' lang='grc' dir='ltr'><strong>Σ</strong></span> <span class='ocrx_word' id='word_1_650' title='bbox 2612 3207 2666 3244; x_wconf 88' lang='grc' dir='ltr'>ιν</span> <span class='ocrx_word' id='word_1_651' title='bbox 2680 3189 2827 3261; x_wconf 70' lang='grc' dir='ltr'>ἄρου</span> <span class='ocrx_word' id='word_1_652' title='bbox 2846 3190 2870 3257; x_wconf 92' lang='grc'><strong>(</strong></span> <span class='ocrx_word' id='word_1_653' title='bbox 2883 3186 3043 3243; x_wconf 88' lang='lat' dir='ltr'>hodie</span> <span class='ocrx_word' id='word_1_654' title='bbox 3058 3186 3223 3242; x_wconf 70' lang='lat' dir='ltr'>Silana</span> <span class='ocrx_word' id='word_1_655' title='bbox 3246 3188 3325 3243; x_wconf 81' lang='lat' dir='ltr'>vel</span> <span class='ocrx_word' id='word_1_656' title='bbox 3344 3187 3505 3243; x_wconf 73' lang='lat' dir='ltr'>silum</span> <span class='ocrx_word' id='word_1_657' title='bbox 3520 3189 3542 3256; x_wconf 96' lang='lat'>)</span> <span class='ocrx_word' id='word_1_658' title='bbox 3560 3196 3783 3263; x_wconf 67' lang='grc' dir='ltr'>ποταμοῦ</span> <span class='ocrx_word' id='word_1_659' title='bbox 3808 3192 3886 3249; x_wconf 63' lang='grc' dir='ltr'>ἐκ.</span> 
     </span>
     <span class='ocr_line' id='line_1_87' title="bbox 2316 3268 3885 3343; baseline 0.004 -20"><span class='ocrx_word' id='word_1_660' title='bbox 2316 3270 2481 3333; x_wconf 61' lang='lat' dir='ltr'>eom,</span> <span class='ocrx_word' id='word_1_661' title='bbox 2504 3280 2559 3324; x_wconf 87' lang='lat' dir='ltr'>et</span> <span class='ocrx_word' id='word_1_662' title='bbox 2581 3270 2635 3323; x_wconf 90' lang='lat' dir='ltr'>in</span> <span class='ocrx_word' id='word_1_663' title='bbox 2663 3268 2923 3323; x_wconf 80' lang='lat' dir='ltr'>Eustathii</span> <span class='ocrx_word' id='word_1_664' title='bbox 2939 3284 3151 3341; x_wconf 88' lang='lat' dir='ltr'>quoque</span> <span class='ocrx_word' id='word_1_665' title='bbox 3170 3268 3329 3321; x_wconf 90' lang='lat' dir='ltr'>codd.</span> <span class='ocrx_word' id='word_1_666' title='bbox 3360 3288 3460 3341; x_wconf 91' lang='lat' dir='ltr'>pro</span> <span class='ocrx_word' id='word_1_667' title='bbox 3484 3268 3716 3343; x_wconf 78' lang='grc' dir='ltr'>Πινάροιο</span> <span class='ocrx_word' id='word_1_668' title='bbox 3742 3275 3885 3331; x_wconf 79' lang='lat' dir='ltr'>varia</span> 
     </span>
     <span class='ocr_line' id='line_1_88' title="bbox 2314 3346 3885 3424; baseline 0 -21"><span class='ocrx_word' id='word_1_669' title='bbox 2314 3349 2470 3405; x_wconf 87' lang='lat' dir='ltr'>lectio</span> <span class='ocrx_word' id='word_1_670' title='bbox 2494 3358 2664 3403; x_wconf 82' lang='lat' dir='ltr'>exstat</span> <span class='ocrx_word' id='word_1_671' title='bbox 2697 3346 2925 3419; x_wconf 80' lang='grc' dir='ltr'>Σινάροιο</span> <span class='ocrx_word' id='word_1_672' title='bbox 2958 3349 3233 3416; x_wconf 89' lang='lat' dir='ltr'>(ceterum</span> <span class='ocrx_word' id='word_1_673' title='bbox 3265 3346 3335 3401; x_wconf 91' lang='lat' dir='ltr'>de</span> <span class='ocrx_word' id='word_1_674' title='bbox 3374 3347 3478 3404; x_wconf 89' lang='lat' dir='ltr'>hoc</span> <span class='ocrx_word' id='word_1_675' title='bbox 3512 3352 3679 3406; x_wconf 79' lang='lat' dir='ltr'>fluvio</span> <span class='ocrx_word' id='word_1_676' title='bbox 3707 3350 3885 3424; x_wconf 75' lang='lat' dir='ltr'>inepte</span> 
     </span>
     <span class='ocr_line' id='line_1_89' title="bbox 2316 3424 3883 3503; baseline 0.002 -21"><span class='ocrx_word' id='word_1_677' title='bbox 2316 3426 2619 3483; x_wconf 84' lang='lat' dir='ltr'>Eustathius</span> <span class='ocrx_word' id='word_1_678' title='bbox 2640 3436 2821 3479; x_wconf 85' lang='lat' dir='ltr'>narrat</span> <span class='ocrx_word' id='word_1_679' title='bbox 2845 3443 2965 3497; x_wconf 74' lang='lat' dir='ltr'>quae</span> <span class='ocrx_word' id='word_1_680' title='bbox 2985 3424 3171 3480; x_wconf 88' lang='lat' dir='ltr'>iisdem</span> <span class='ocrx_word' id='word_1_681' title='bbox 3200 3426 3374 3480; x_wconf 74' lang='lat' dir='ltr'>verbis</span> <span class='ocrx_word' id='word_1_682' title='bbox 3399 3426 3469 3482; x_wconf 87' lang='lat' dir='ltr'>de</span> <span class='ocrx_word' id='word_1_683' title='bbox 3489 3433 3717 3503; x_wconf 82' lang='lat' dir='ltr'>Pyramo</span> <span class='ocrx_word' id='word_1_684' title='bbox 3740 3430 3883 3502; x_wconf 87' lang='lat' dir='ltr'>apud</span> 
     </span>
     <span class='ocr_line' id='line_1_90' title="bbox 2315 3504 3884 3581; baseline 0.001 -19"><span class='ocrx_word' id='word_1_685' title='bbox 2315 3506 2627 3562; x_wconf 84' lang='lat' dir='ltr'>Strabonem</span> <span class='ocrx_word' id='word_1_686' title='bbox 2660 3523 2718 3578; x_wconf 89' lang='lat' dir='ltr'>p.</span> <span class='ocrx_word' id='word_1_687' title='bbox 2762 3506 2866 3561; x_wconf 82' lang='grc'>636</span> <span class='ocrx_word' id='word_1_688' title='bbox 2894 3504 3207 3579; x_wconf 71' lang='lat' dir='ltr'>leguntur).</span> <span class='ocrx_word' id='word_1_689' title='bbox 3238 3506 3325 3561; x_wconf 84' lang='lat' dir='ltr'>Cf.</span> <span class='ocrx_word' id='word_1_690' title='bbox 3367 3508 3663 3581; x_wconf 81' lang='lat' dir='ltr'>Stephanus</span> <span class='ocrx_word' id='word_1_691' title='bbox 3694 3524 3711 3563; x_wconf 75' lang='grc' dir='ltr'>ε</span> <span class='ocrx_word' id='word_1_692' title='bbox 3742 3507 3884 3564; x_wconf 78' lang='grc' dir='ltr'>’Ἀδα-</span> 
     </span>
     <span class='ocr_line' id='line_1_91' title="bbox 2315 3583 3885 3660; baseline 0.002 -21"><span class='ocrx_word' id='word_1_693' title='bbox 2315 3605 2375 3639; x_wconf 89' lang='grc' dir='ltr'>να</span> <span class='ocrx_word' id='word_1_694' title='bbox 2484 3584 2677 3653; x_wconf 78' lang='grc' dir='ltr'>Ταύτην</span> <span class='ocrx_word' id='word_1_695' title='bbox 2714 3583 2891 3659; x_wconf 82' lang='grc' dir='ltr'>ᾤκισεν</span> <span class='ocrx_word' id='word_1_696' title='bbox 2918 3584 3122 3646; x_wconf 78' lang='grc' dir='ltr'>Ἀδανος</span> <span class='ocrx_word' id='word_1_697' title='bbox 3154 3583 3239 3637; x_wconf 73' lang='grc' dir='ltr'>καὶ</span> <span class='ocrx_word' id='word_1_698' title='bbox 3265 3584 3438 3657; x_wconf 77' lang='grc' dir='ltr'>Σάρος,</span> <span class='ocrx_word' id='word_1_699' title='bbox 3478 3588 3717 3660; x_wconf 76' lang='grc' dir='ltr'>Ταρσεῦσι</span> <span class='ocrx_word' id='word_1_700' title='bbox 3739 3588 3885 3643; x_wconf 79' lang='grc' dir='ltr'>πολε·</span> 
     </span>
     <span class='ocr_line' id='line_1_92' title="bbox 2318 3660 3884 3743; baseline 0.003 -23"><span class='ocrx_word' id='word_1_701' title='bbox 2318 3666 2561 3739; x_wconf 75' lang='grc' dir='ltr'>μήοαντες</span> <span class='ocrx_word' id='word_1_702' title='bbox 2586 3664 2671 3719; x_wconf 76' lang='grc' dir='ltr'>καὶ</span> <span class='ocrx_word' id='word_1_703' title='bbox 2691 3662 3002 3734; x_wconf 51' lang='lat' dir='ltr'>amnem&lt;-</span> <span class='ocrx_word' id='word_1_704' title='bbox 3032 3662 3111 3735; x_wconf 72' lang='grc' dir='ltr'>ἀφ’</span> <span class='ocrx_word' id='word_1_705' title='bbox 3132 3660 3205 3719; x_wconf 79' lang='grc' dir='ltr'>ὧν</span> <span class='ocrx_word' id='word_1_706' title='bbox 3232 3662 3265 3734; x_wconf 74' lang='grc' dir='ltr'>ἡ</span> <span class='ocrx_word' id='word_1_707' title='bbox 3292 3666 3435 3730; x_wconf 83' lang='grc' dir='ltr'>πόλις</span> <span class='ocrx_word' id='word_1_708' title='bbox 3455 3666 3555 3725; x_wconf 72' lang='grc' dir='ltr'>ἀπὸ</span> <span class='ocrx_word' id='word_1_709' title='bbox 3583 3670 3671 3724; x_wconf 73' lang='grc' dir='ltr'>τοῦ</span> <span class='ocrx_word' id='word_1_710' title='bbox 3697 3668 3884 3743; x_wconf 73' lang='grc' dir='ltr'>ἡγεμό-</span> 
     </span>
     <span class='ocr_line' id='line_1_93' title="bbox 2312 3742 3881 3821; baseline 0.003 -22"><span class='ocrx_word' id='word_1_711' title='bbox 2312 3763 2395 3808; x_wconf 88' lang='grc' dir='ltr'>νος</span> <span class='ocrx_word' id='word_1_712' title='bbox 2406 3742 2606 3799; x_wconf 74' lang='grc' dir='ltr'>Ἀδανα·</span> <span class='ocrx_word' id='word_1_713' title='bbox 2629 3742 2715 3798; x_wconf 72' lang='grc' dir='ltr'>τὸν</span> <span class='ocrx_word' id='word_1_714' title='bbox 2736 3742 2790 3798; x_wconf 67' lang='lat' dir='ltr'>si</span> <span class='ocrx_word' id='word_1_715' title='bbox 2810 3742 3033 3817; x_wconf 70' lang='grc' dir='ltr'>ποταμὸν</span> <span class='ocrx_word' id='word_1_716' title='bbox 3060 3742 3101 3797; x_wconf 79' lang='lat' dir='ltr'><strong>K</strong></span> <span class='ocrx_word' id='word_1_717' title='bbox 3116 3762 3145 3797; x_wconf 92' lang='grc' dir='ltr'>ο</span> <span class='ocrx_word' id='word_1_718' title='bbox 3159 3744 3177 3797; x_wconf 91' lang='grc' dir='ltr'>ί</span> <span class='ocrx_word' id='word_1_719' title='bbox 3184 3762 3372 3817; x_wconf 88' lang='grc' dir='ltr'>ρανον</span> <span class='ocrx_word' id='word_1_720' title='bbox 3391 3745 3697 3820; x_wconf 73' lang='grc' dir='ltr'>καλούμενον</span> <span class='ocrx_word' id='word_1_721' title='bbox 3718 3746 3881 3821; x_wconf 78' lang='grc' dir='ltr'>Σάρον</span> 
     </span>
     <span class='ocr_line' id='line_1_94' title="bbox 2313 3822 3881 3901; baseline 0.003 -22"><span class='ocrx_word' id='word_1_722' title='bbox 2313 3824 2604 3888; x_wconf 81' lang='grc' dir='ltr'>καλίσαντες</span> <span class='ocrx_word' id='word_1_723' title='bbox 2622 3824 2708 3877; x_wconf 91' lang='lat' dir='ltr'>:in</span> <span class='ocrx_word' id='word_1_724' title='bbox 2724 3823 2916 3895; x_wconf 84' lang='lat' dir='ltr'>quibus</span> <span class='ocrx_word' id='word_1_725' title='bbox 2928 3822 3169 3896; x_wconf 85' lang='grc' dir='ltr'>κοίρανος,</span> <span class='ocrx_word' id='word_1_726' title='bbox 3191 3822 3453 3890; x_wconf 78' lang='lat' dir='ltr'>dominus,</span> <span class='ocrx_word' id='word_1_727' title='bbox 3474 3825 3617 3881; x_wconf 88' lang='lat' dir='ltr'>idem</span> <span class='ocrx_word' id='word_1_728' title='bbox 3634 3838 3714 3882; x_wconf 62' lang='lat' dir='ltr'>est</span> <span class='ocrx_word' id='word_1_729' title='bbox 3732 3828 3881 3901; x_wconf 85' lang='lat' dir='ltr'>quod</span> 
     </span>
     <span class='ocr_line' id='line_1_95' title="bbox 2312 3900 3877 3963; baseline 0.003 -4"><span class='ocrx_word' id='word_1_730' title='bbox 2312 3903 2587 3959; x_wconf 84' lang='lat' dir='ltr'>Pboenices</span> <span class='ocrx_word' id='word_1_731' title='bbox 2620 3920 2717 3959; x_wconf 77' lang='lat' dir='ltr'>sar</span> <span class='ocrx_word' id='word_1_732' title='bbox 2755 3900 3021 3958; x_wconf 87' lang='lat' dir='ltr'>dicebant.</span> <span class='ocrx_word' id='word_1_733' title='bbox 3063 3904 3137 3959; x_wconf 87' lang='lat' dir='ltr'>V.</span> <span class='ocrx_word' id='word_1_734' title='bbox 3172 3905 3387 3959; x_wconf 79' lang='lat' dir='ltr'>Movers</span> <span class='ocrx_word' id='word_1_735' title='bbox 3432 3906 3612 3963; x_wconf 70' lang='lat' dir='ltr'>Plaeoen.</span> <span class='ocrx_word' id='word_1_736' title='bbox 3641 3906 3877 3963; x_wconf 69' lang='lat' dir='ltr'>Alter-th.</span> 
     </span>
     <span class='ocr_line' id='line_1_96' title="bbox 2314 3980 3880 4059; baseline 0.002 -22"><span class='ocrx_word' id='word_1_737' title='bbox 2314 4000 2369 4049; x_wconf 77' lang='lat' dir='ltr'>a,</span> <span class='ocrx_word' id='word_1_738' title='bbox 2394 4002 2451 4057; x_wconf 91' lang='lat' dir='ltr'>p.</span> <span class='ocrx_word' id='word_1_739' title='bbox 2479 3984 2601 4055; x_wconf 82' lang='lat'>173.</span> <span class='ocrx_word' id='word_1_740' title='bbox 2622 3984 2689 4038; x_wconf 83' lang='lat' dir='ltr'>In</span> <span class='ocrx_word' id='word_1_741' title='bbox 2710 3980 3056 4055; x_wconf 79' lang='lat' dir='ltr'>Xenophont.</span> <span class='ocrx_word' id='word_1_742' title='bbox 3072 3982 3240 4040; x_wconf 78' lang='lat' dir='ltr'>Anah.</span> <span class='ocrx_word' id='word_1_743' title='bbox 3274 4000 3325 4049; x_wconf 86' lang='lat'>1,</span> <span class='ocrx_word' id='word_1_744' title='bbox 3350 3987 3404 4051; x_wconf 90' lang='grc'>4,</span> <span class='ocrx_word' id='word_1_745' title='bbox 3430 4001 3455 4039; x_wconf 86' lang='grc' dir='ltr'>ι</span> <span class='ocrx_word' id='word_1_746' title='bbox 3486 3984 3660 4059; x_wconf 77' lang='grc' dir='ltr'>Ψάρος</span> <span class='ocrx_word' id='word_1_747' title='bbox 3686 3986 3880 4042; x_wconf 77' lang='lat' dir='ltr'>fluvius</span> 
     </span>
     <span class='ocr_line' id='line_1_97' title="bbox 2316 4061 3877 4140; baseline 0.003 -23"><span class='ocrx_word' id='word_1_748' title='bbox 2316 4073 2564 4133; x_wconf 68' lang='lat' dir='ltr'>vocatur-3</span> <span class='ocrx_word' id='word_1_749' title='bbox 2586 4064 2645 4120; x_wconf 92' lang='lat' dir='ltr'>in</span> <span class='ocrx_word' id='word_1_750' title='bbox 2662 4061 2944 4121; x_wconf 84' lang='lat' dir='ltr'>Stadiasmi</span> <span class='ocrx_word' id='word_1_751' title='bbox 2966 4062 3150 4118; x_wconf 89' lang='lat' dir='ltr'>codice</span> <span class='ocrx_word' id='word_1_752' title='bbox 3186 4066 3219 4134; x_wconf 78' lang='lat' dir='ltr'>S</span> <span class='ocrx_word' id='word_1_753' title='bbox 3248 4066 3347 4119; x_wconf 85' lang='lat'>166</span> <span class='ocrx_word' id='word_1_754' title='bbox 3374 4063 3538 4139; x_wconf 87' lang='lat' dir='ltr'>(tom.</span> <span class='ocrx_word' id='word_1_755' title='bbox 3572 4080 3624 4133; x_wconf 83' lang='lat'>1,</span> <span class='ocrx_word' id='word_1_756' title='bbox 3649 4083 3707 4138; x_wconf 90' lang='lat' dir='ltr'>p.</span> <span class='ocrx_word' id='word_1_757' title='bbox 3737 4066 3877 4140; x_wconf 73' lang='grc'><strong>481)</strong></span> 
     </span>
     <span class='ocr_line' id='line_1_98' title="bbox 2314 4141 3879 4217; baseline 0.002 -19"><span class='ocrx_word' id='word_1_758' title='bbox 2314 4143 2483 4199; x_wconf 83' lang='lat' dir='ltr'>codex</span> <span class='ocrx_word' id='word_1_759' title='bbox 2519 4160 2623 4217; x_wconf 80' lang='lat' dir='ltr'>pro</span> <span class='ocrx_word' id='word_1_760' title='bbox 2660 4142 2819 4217; x_wconf 80' lang='grc' dir='ltr'>Σάρον</span> <span class='ocrx_word' id='word_1_761' title='bbox 2843 4141 3043 4216; x_wconf 66' lang='lat' dir='ltr'>prebet</span> <span class='ocrx_word' id='word_1_762' title='bbox 3097 4142 3307 4215; x_wconf 75' lang='grc' dir='ltr'>Ἄρειον.</span> <span class='ocrx_word' id='word_1_763' title='bbox 3349 4145 3414 4198; x_wconf 87' lang='lat' dir='ltr'>In</span> <span class='ocrx_word' id='word_1_764' title='bbox 3445 4143 3879 4201; x_wconf 70' lang='lat' dir='ltr'>Pseudo-Ethici</span> 
     </span>
     <span class='ocr_line' id='line_1_99' title="bbox 2316 4214 3881 4300; baseline 0.003 -21"><span class='ocrx_word' id='word_1_765' title='bbox 2316 4226 2591 4296; x_wconf 72' lang='lat' dir='ltr'>Gosmogr.</span> <span class='ocrx_word' id='word_1_766' title='bbox 2630 4229 2794 4280; x_wconf 76' lang='lat' dir='ltr'>Surus</span> <span class='ocrx_word' id='word_1_767' title='bbox 2815 4224 3027 4296; x_wconf 72' lang='lat' dir='ltr'>legitur.</span> <span class='ocrx_word' id='word_1_768' title='bbox 3051 4222 3137 4280; x_wconf 85' lang='lat' dir='ltr'>Cf.</span> <span class='ocrx_word' id='word_1_769' title='bbox 3161 4222 3233 4280; x_wconf 87' lang='lat' dir='ltr'>de</span> <span class='ocrx_word' id='word_1_770' title='bbox 3247 4214 3370 4280; x_wconf 75' lang='lat' dir='ltr'>&#39;hoc</span> <span class='ocrx_word' id='word_1_771' title='bbox 3398 4225 3563 4281; x_wconf 81' lang='lat' dir='ltr'>ssnvio</span> <span class='ocrx_word' id='word_1_772' title='bbox 3588 4237 3781 4300; x_wconf 68' lang='lat' dir='ltr'>preter</span> <span class='ocrx_word' id='word_1_773' title='bbox 3819 4246 3881 4283; x_wconf 82' lang='lat' dir='ltr'>ea</span> 
     </span>
     <span class='ocr_line' id='line_1_100' title="bbox 2318 4300 3875 4377; baseline 0.002 -19"><span class='ocrx_word' id='word_1_774' title='bbox 2318 4322 2436 4376; x_wconf 78' lang='lat' dir='ltr'>quae</span> <span class='ocrx_word' id='word_1_775' title='bbox 2460 4302 2529 4359; x_wconf 89' lang='lat' dir='ltr'>ad</span> <span class='ocrx_word' id='word_1_776' title='bbox 2555 4300 2837 4359; x_wconf 87' lang='lat' dir='ltr'>Stadiasm.</span> <span class='ocrx_word' id='word_1_777' title='bbox 2862 4303 2899 4360; x_wconf 88' lang='lat' dir='ltr'>l.</span> <span class='ocrx_word' id='word_1_778' title='bbox 2922 4302 2960 4359; x_wconf 90' lang='lat' dir='ltr'>l.</span> <span class='ocrx_word' id='word_1_779' title='bbox 2984 4304 3283 4372; x_wconf 80' lang='lat' dir='ltr'>citavimus,</span> <span class='ocrx_word' id='word_1_780' title='bbox 3309 4304 3601 4377; x_wconf 85' lang='lat' dir='ltr'>Procopius</span> <span class='ocrx_word' id='word_1_781' title='bbox 3624 4306 3707 4360; x_wconf 89' lang='lat' dir='ltr'>De</span> <span class='ocrx_word' id='word_1_782' title='bbox 3732 4302 3875 4363; x_wconf 64' lang='lat' dir='ltr'>ndis.</span> 
     </span>
     <span class='ocr_line' id='line_1_101' title="bbox 2320 4383 3874 4459; baseline -0.001 -20"><span class='ocrx_word' id='word_1_783' title='bbox 2320 4386 2372 4452; x_wconf 85' lang='lat'>5,</span> <span class='ocrx_word' id='word_1_784' title='bbox 2398 4384 2429 4439; x_wconf 85' lang='lat'>5</span> <span class='ocrx_word' id='word_1_785' title='bbox 2455 4403 2509 4458; x_wconf 91' lang='lat' dir='ltr'>p.</span> <span class='ocrx_word' id='word_1_786' title='bbox 2546 4388 2673 4457; x_wconf 77' lang='lat'>419,</span> <span class='ocrx_word' id='word_1_787' title='bbox 2704 4383 3003 4440; x_wconf 86' lang='lat' dir='ltr'>etDebello</span> <span class='ocrx_word' id='word_1_788' title='bbox 3025 4386 3171 4439; x_wconf 85' lang='lat' dir='ltr'>Pers.</span> <span class='ocrx_word' id='word_1_789' title='bbox 3210 4402 3260 4452; x_wconf 83' lang='grc' dir='ltr'>ε,</span> <span class='ocrx_word' id='word_1_790' title='bbox 3288 4402 3350 4456; x_wconf 85' lang='grc' dir='ltr'>ι7</span> <span class='ocrx_word' id='word_1_791' title='bbox 3375 4403 3430 4459; x_wconf 89' lang='lat' dir='ltr'>p.</span> <span class='ocrx_word' id='word_1_792' title='bbox 3463 4388 3553 4451; x_wconf 88' lang='grc'>84,</span> <span class='ocrx_word' id='word_1_793' title='bbox 3588 4384 3676 4443; x_wconf 86' lang='lat' dir='ltr'>ed.</span> <span class='ocrx_word' id='word_1_794' title='bbox 3700 4386 3874 4441; x_wconf 86' lang='lat' dir='ltr'>Bonn.</span> 
     </span>
     <span class='ocr_line' id='line_1_102' title="bbox 2315 4464 3875 4537; baseline 0.001 -17"><span class='ocrx_word' id='word_1_795' title='bbox 2315 4496 2389 4509; x_wconf 93' lang='lat'>--</span> <span class='ocrx_word' id='word_1_796' title='bbox 2442 4468 2570 4523; x_wconf 88' lang='grc'><strong>868.</strong></span> <span class='ocrx_word' id='word_1_797' title='bbox 2616 4464 2831 4519; x_wconf 74' lang='grc' dir='ltr'>Σκῦὃνου</span> <span class='ocrx_word' id='word_1_798' title='bbox 2868 4469 2923 4519; x_wconf 83' lang='lat' dir='ltr'>C.</span> <span class='ocrx_word' id='word_1_799' title='bbox 2979 4465 3003 4537; x_wconf 79' lang='grc' dir='ltr'>ΙΙ</span> <span class='ocrx_word' id='word_1_800' title='bbox 3029 4496 3107 4509; x_wconf 88' lang='grc'>-</span> <span class='ocrx_word' id='word_1_801' title='bbox 3130 4467 3255 4534; x_wconf 86' lang='grc'><strong>869.</strong></span> <span class='ocrx_word' id='word_1_802' title='bbox 3294 4466 3455 4520; x_wconf 79' lang='lat' dir='ltr'>Hunc</span> <span class='ocrx_word' id='word_1_803' title='bbox 3510 4483 3716 4521; x_wconf 73' lang='lat' dir='ltr'>versum</span> <span class='ocrx_word' id='word_1_804' title='bbox 3765 4483 3875 4522; x_wconf 90' lang='lat' dir='ltr'>om.</span> 
     </span>
     <span class='ocr_line' id='line_1_103' title="bbox 2320 4542 3881 4619; baseline -0.002 -17"><span class='ocrx_word' id='word_1_805' title='bbox 2320 4550 2403 4602; x_wconf 84' lang='lat' dir='ltr'>K.</span> <span class='ocrx_word' id='word_1_806' title='bbox 2428 4546 2511 4600; x_wconf 89' lang='lat' dir='ltr'>De</span> <span class='ocrx_word' id='word_1_807' title='bbox 2537 4542 2726 4599; x_wconf 81' lang='lat' dir='ltr'>sabulis</span> <span class='ocrx_word' id='word_1_808' title='bbox 2746 4542 2817 4602; x_wconf 81' lang='lat' dir='ltr'>cf.</span> <span class='ocrx_word' id='word_1_809' title='bbox 2848 4542 3036 4601; x_wconf 85' lang='lat' dir='ltr'>Strabo</span> <span class='ocrx_word' id='word_1_810' title='bbox 3057 4563 3116 4618; x_wconf 88' lang='lat' dir='ltr'>p.</span> <span class='ocrx_word' id='word_1_811' title='bbox 3142 4545 3269 4616; x_wconf 88' lang='grc'><strong>673.</strong></span> <span class='ocrx_word' id='word_1_812' title='bbox 3302 4546 3423 4615; x_wconf 87' lang='grc'>750,</span> <span class='ocrx_word' id='word_1_813' title='bbox 3451 4544 3632 4618; x_wconf 85' lang='lat' dir='ltr'>Steph.</span> <span class='ocrx_word' id='word_1_814' title='bbox 3662 4562 3711 4600; x_wconf 80' lang='grc' dir='ltr'>ν.</span> <span class='ocrx_word' id='word_1_815' title='bbox 3751 4546 3881 4619; x_wconf 82' lang='grc' dir='ltr'>Τάρ·</span> 
     </span>
     <span class='ocr_line' id='line_1_104' title="bbox 2317 4623 3880 4695; baseline 0.001 -16"><span class='ocrx_word' id='word_1_816' title='bbox 2317 4644 2429 4695; x_wconf 87' lang='grc' dir='ltr'>σος,</span> <span class='ocrx_word' id='word_1_817' title='bbox 2448 4623 2716 4692; x_wconf 72' lang='lat' dir='ltr'>Eustath„</span> <span class='ocrx_word' id='word_1_818' title='bbox 2750 4624 2857 4679; x_wconf 90' lang='lat' dir='ltr'>Dio</span> <span class='ocrx_word' id='word_1_819' title='bbox 2890 4624 3161 4695; x_wconf 78' lang='lat' dir='ltr'>chrysost.</span> <span class='ocrx_word' id='word_1_820' title='bbox 3198 4625 3295 4681; x_wconf 86' lang='lat' dir='ltr'>Or.</span> <span class='ocrx_word' id='word_1_821' title='bbox 3328 4627 3401 4693; x_wconf 86' lang='lat'>11,</span> <span class='ocrx_word' id='word_1_822' title='bbox 3444 4624 3553 4679; x_wconf 88' lang='lat' dir='ltr'>alii.</span> <span class='ocrx_word' id='word_1_823' title='bbox 3590 4623 3880 4693; x_wconf 90' lang='lat' dir='ltr'>Quomodo</span> 
     </span>
     <span class='ocr_line' id='line_1_105' title="bbox 2317 4702 3879 4777; baseline 0 -18"><span class='ocrx_word' id='word_1_824' title='bbox 2317 4704 2429 4759; x_wconf 78' lang='lat' dir='ltr'>haec</span> <span class='ocrx_word' id='word_1_825' title='bbox 2450 4702 2518 4759; x_wconf 88' lang='lat' dir='ltr'>ad</span> <span class='ocrx_word' id='word_1_826' title='bbox 2546 4703 2851 4758; x_wconf 83' lang='lat' dir='ltr'>historicam</span> <span class='ocrx_word' id='word_1_827' title='bbox 2880 4704 3135 4757; x_wconf 87' lang='lat' dir='ltr'>rationem</span> <span class='ocrx_word' id='word_1_828' title='bbox 3165 4703 3459 4761; x_wconf 78' lang='lat' dir='ltr'>revocanda</span> <span class='ocrx_word' id='word_1_829' title='bbox 3478 4703 3603 4771; x_wconf 85' lang='lat' dir='ltr'>sint,</span> <span class='ocrx_word' id='word_1_830' title='bbox 3632 4704 3879 4777; x_wconf 81' lang='lat' dir='ltr'>exposuit</span> 
     </span>
     <span class='ocr_line' id='line_1_106' title="bbox 2315 4780 3881 4855; baseline -0.001 -18"><span class='ocrx_word' id='word_1_831' title='bbox 2315 4785 2525 4838; x_wconf 81' lang='lat' dir='ltr'>Movers</span> <span class='ocrx_word' id='word_1_832' title='bbox 2552 4783 2731 4837; x_wconf 71' lang='lat' dir='ltr'>Plaoen.</span> <span class='ocrx_word' id='word_1_833' title='bbox 2755 4780 2985 4839; x_wconf 73' lang='lat' dir='ltr'>Altereh.</span> <span class='ocrx_word' id='word_1_834' title='bbox 3012 4791 3055 4839; x_wconf 82' lang='lat' dir='ltr'>t.</span> <span class='ocrx_word' id='word_1_835' title='bbox 3082 4797 3138 4849; x_wconf 76' lang='lat' dir='ltr'>a,</span> <span class='ocrx_word' id='word_1_836' title='bbox 3159 4800 3224 4855; x_wconf 91' lang='lat' dir='ltr'>p.</span> <span class='ocrx_word' id='word_1_837' title='bbox 3262 4798 3363 4851; x_wconf 86' lang='lat'>17⁰</span> <span class='ocrx_word' id='word_1_838' title='bbox 3382 4798 3500 4853; x_wconf 88' lang='lat' dir='ltr'>sqq.</span> <span class='ocrx_word' id='word_1_839' title='bbox 3534 4782 3558 4853; x_wconf 77' lang='lat' dir='ltr'>ss</span> <span class='ocrx_word' id='word_1_840' title='bbox 3585 4785 3711 4852; x_wconf 87' lang='lat'>870.</span> <span class='ocrx_word' id='word_1_841' title='bbox 3735 4782 3881 4855; x_wconf 74' lang='grc' dir='ltr'>χώρᾳ</span> 
     </span>
     <span class='ocr_line' id='line_1_107' title="bbox 2316 4860 3873 4935; baseline -0.001 -18"><span class='ocrx_word' id='word_1_842' title='bbox 2316 4866 2389 4929; x_wconf 87' lang='lat' dir='ltr'>D,</span> <span class='ocrx_word' id='word_1_843' title='bbox 2412 4863 2585 4935; x_wconf 76' lang='grc' dir='ltr'>χώραν</span> <span class='ocrx_word' id='word_1_844' title='bbox 2608 4865 2670 4919; x_wconf 86' lang='lat' dir='ltr'><em>K</em></span> <span class='ocrx_word' id='word_1_845' title='bbox 2672 4902 2689 4926; x_wconf 89' lang='lat'><em>,</em></span> <span class='ocrx_word' id='word_1_846' title='bbox 2714 4864 2959 4935; x_wconf 68' lang='grc' dir='ltr'>χῶρονΑς</span> <span class='ocrx_word' id='word_1_847' title='bbox 2980 4860 3141 4934; x_wconf 76' lang='grc' dir='ltr'>ὄνομα</span> <span class='ocrx_word' id='word_1_848' title='bbox 3162 4864 3277 4926; x_wconf 84' lang='lat' dir='ltr'><em>CH,-</em></span> <span class='ocrx_word' id='word_1_849' title='bbox 3306 4861 3379 4933; x_wconf 69' lang='grc' dir='ltr'>ἐφ’</span> <span class='ocrx_word' id='word_1_850' title='bbox 3408 4865 3471 4925; x_wconf 87' lang='lat' dir='ltr'>C,</span> <span class='ocrx_word' id='word_1_851' title='bbox 3499 4860 3618 4933; x_wconf 68' lang='grc' dir='ltr'>ἀμφ’</span> <span class='ocrx_word' id='word_1_852' title='bbox 3637 4864 3814 4919; x_wconf 85' lang='lat' dir='ltr'>DFD.</span> <span class='ocrx_word' id='word_1_853' title='bbox 3850 4863 3873 4933; x_wconf 82' lang='grc' dir='ltr'>ΙΙ</span> 
     </span>
     <span class='ocr_line' id='line_1_108' title="bbox 2316 4938 3877 5016; baseline -0.003 -17"><span class='ocrx_word' id='word_1_854' title='bbox 2316 4946 2438 5013; x_wconf 87' lang='grc' dir='ltr'><strong>87ε.</strong></span> <span class='ocrx_word' id='word_1_855' title='bbox 2464 4941 2650 5016; x_wconf 62' lang='grc' dir='ltr'>ἰέμενος</span> <span class='ocrx_word' id='word_1_856' title='bbox 2672 4946 2795 5013; x_wconf 61' lang='lat' dir='ltr'>Ea·</span> <span class='ocrx_word' id='word_1_857' title='bbox 2810 4940 2981 5014; x_wconf 84' lang='grc' dir='ltr'>Βελιρ.</span> <span class='ocrx_word' id='word_1_858' title='bbox 3003 4940 3243 5011; x_wconf 79' lang='grc' dir='ltr'><strong>ΒΚ.ΙΙ-</strong></span> <span class='ocrx_word' id='word_1_859' title='bbox 3266 4943 3389 5012; x_wconf 84' lang='lat'>872.</span> <span class='ocrx_word' id='word_1_860' title='bbox 3409 4940 3463 4995; x_wconf 72' lang='grc' dir='ltr'>δὲ</span> <span class='ocrx_word' id='word_1_861' title='bbox 3484 4958 3595 4996; x_wconf 89' lang='lat' dir='ltr'>om.</span> <span class='ocrx_word' id='word_1_862' title='bbox 3618 4940 3797 5007; x_wconf 76' lang='lat' dir='ltr'>lebe,</span> <span class='ocrx_word' id='word_1_863' title='bbox 3816 4938 3877 5009; x_wconf 78' lang='grc' dir='ltr'>δὴ</span> 
     </span>
     <span class='ocr_line' id='line_1_109' title="bbox 2313 5020 3877 5093; baseline -0.002 -15"><span class='ocrx_word' id='word_1_864' title='bbox 2313 5026 2424 5089; x_wconf 55' lang='lat' dir='ltr'>DQ</span> <span class='ocrx_word' id='word_1_865' title='bbox 2450 5024 2509 5078; x_wconf 70' lang='grc' dir='ltr'>τὸ</span> <span class='ocrx_word' id='word_1_866' title='bbox 2536 5040 2646 5078; x_wconf 88' lang='lat' dir='ltr'>om.</span> <span class='ocrx_word' id='word_1_867' title='bbox 2674 5020 2799 5087; x_wconf 53' lang='lat' dir='ltr'>Eam·</span> <span class='ocrx_word' id='word_1_868' title='bbox 2825 5020 2999 5091; x_wconf 74' lang='grc' dir='ltr'>ἆλίηον</span> <span class='ocrx_word' id='word_1_869' title='bbox 3016 5039 3083 5086; x_wconf 86' lang='lat' dir='ltr'>o,-</span> <span class='ocrx_word' id='word_1_870' title='bbox 3112 5026 3269 5076; x_wconf 83' lang='grc' dir='ltr'>νῶτον</span> <span class='ocrx_word' id='word_1_871' title='bbox 3291 5022 3345 5077; x_wconf 76' lang='lat' dir='ltr'>k.</span> <span class='ocrx_word' id='word_1_872' title='bbox 3374 5022 3397 5093; x_wconf 77' lang='lat' dir='ltr'>ss</span> <span class='ocrx_word' id='word_1_873' title='bbox 3424 5050 3498 5065; x_wconf 92' lang='lat'>—</span> <span class='ocrx_word' id='word_1_874' title='bbox 3524 5020 3877 5091; x_wconf 80' lang='grc' dir='ltr'>873....άασκε</span> 
     </span>
     <span class='ocr_line' id='line_1_110' title="bbox 2316 5098 3878 5173; baseline -0.002 -16"><span class='ocrx_word' id='word_1_875' title='bbox 2316 5106 2491 5169; x_wconf 71' lang='lat' dir='ltr'><em>LHO,</em></span> <span class='ocrx_word' id='word_1_876' title='bbox 2514 5102 2765 5158; x_wconf 70' lang='grc' dir='ltr'>ἰνδίαοκεν</span> <span class='ocrx_word' id='word_1_877' title='bbox 2782 5102 3022 5173; x_wconf 77' lang='grc' dir='ltr'><strong>Β.11874.</strong></span> <span class='ocrx_word' id='word_1_878' title='bbox 3047 5100 3251 5172; x_wconf 76' lang='grc' dir='ltr'>βεὸάασι</span> <span class='ocrx_word' id='word_1_879' title='bbox 3278 5100 3572 5169; x_wconf 65' lang='lat' dir='ltr'>CKLbdegf</span> <span class='ocrx_word' id='word_1_880' title='bbox 3595 5101 3651 5154; x_wconf 89' lang='lat' dir='ltr'>in</span> <span class='ocrx_word' id='word_1_881' title='bbox 3674 5098 3878 5171; x_wconf 74' lang='lat' dir='ltr'>denogo</span> 
     </span>
     <span class='ocr_line' id='line_1_111' title="bbox 2311 5178 3871 5256; baseline -0.002 -18"><span class='ocrx_word' id='word_1_882' title='bbox 2311 5203 2395 5256; x_wconf 89' lang='grc' dir='ltr'>γρ.</span> <span class='ocrx_word' id='word_1_883' title='bbox 2416 5184 2660 5255; x_wconf 78' lang='grc' dir='ltr'>γεγάασι;</span> <span class='ocrx_word' id='word_1_884' title='bbox 2686 5182 2854 5245; x_wconf 82' lang='grc' dir='ltr'>πόλιες</span> <span class='ocrx_word' id='word_1_885' title='bbox 2887 5186 2930 5235; x_wconf 82' lang='grc'><em>0</em></span> <span class='ocrx_word' id='word_1_886' title='bbox 2944 5204 2967 5245; x_wconf 88' lang='grc'>,·</span> <span class='ocrx_word' id='word_1_887' title='bbox 2998 5206 3021 5229; x_wconf 80' lang='grc' dir='ltr'>ι</span> <span class='ocrx_word' id='word_1_888' title='bbox 3061 5179 3212 5250; x_wconf 72' lang='grc' dir='ltr'>ἑξείης</span> <span class='ocrx_word' id='word_1_889' title='bbox 3231 5200 3337 5236; x_wconf 75' lang='lat' dir='ltr'>vox</span> <span class='ocrx_word' id='word_1_890' title='bbox 3360 5199 3469 5235; x_wconf 86' lang='lat' dir='ltr'>nou</span> <span class='ocrx_word' id='word_1_891' title='bbox 3494 5178 3803 5253; x_wconf 87' lang='lat' dir='ltr'>premenda.</span> <span class='ocrx_word' id='word_1_892' title='bbox 3846 5204 3871 5227; x_wconf 72' lang='grc' dir='ltr'>ι</span> 
     </span>
     <span class='ocr_line' id='line_1_112' title="bbox 2310 5258 3879 5336; baseline -0.003 -19"><span class='ocrx_word' id='word_1_893' title='bbox 2310 5262 2504 5322; x_wconf 76' lang='lat' dir='ltr'>Bemlt.</span> <span class='ocrx_word' id='word_1_894' title='bbox 2514 5263 2617 5336; x_wconf 73' lang='lat'>11—-</span> <span class='ocrx_word' id='word_1_895' title='bbox 2627 5262 2874 5335; x_wconf 75' lang='grc' dir='ltr'>Δυρνηοδς</span> <span class='ocrx_word' id='word_1_896' title='bbox 2885 5264 2984 5317; x_wconf 83' lang='lat' dir='ltr'>BE</span> <span class='ocrx_word' id='word_1_897' title='bbox 2985 5260 3339 5318; x_wconf 78' lang='lat' dir='ltr'>HMOdeeo</span> <span class='ocrx_word' id='word_1_898' title='bbox 3348 5284 3371 5325; x_wconf 88' lang='grc'>,-</span> <span class='ocrx_word' id='word_1_899' title='bbox 3393 5260 3602 5323; x_wconf 69' lang='grc' dir='ltr'>Μᾶλλος</span> <span class='ocrx_word' id='word_1_900' title='bbox 3616 5264 3683 5325; x_wconf 81' lang='grc' dir='ltr'>Ε,</span> <span class='ocrx_word' id='word_1_901' title='bbox 3699 5258 3879 5324; x_wconf 81' lang='grc' dir='ltr'>Μαλδς</span> 
     </span>
     <span class='ocr_line' id='line_1_113' title="bbox 2310 5337 3875 5416; baseline -0.004 -16"><span class='ocrx_word' id='word_1_902' title='bbox 2310 5340 2625 5415; x_wconf 50' lang='grc' dir='ltr'>Βᾶῡᾱοοςη·</span> <span class='ocrx_word' id='word_1_903' title='bbox 2654 5340 2812 5405; x_wconf 83' lang='grc' dir='ltr'>Σόλος</span> <span class='ocrx_word' id='word_1_904' title='bbox 2836 5346 2950 5416; x_wconf 83' lang='lat' dir='ltr'>Xp.</span> <span class='ocrx_word' id='word_1_905' title='bbox 2980 5340 3261 5396; x_wconf 75' lang='lat' dir='ltr'>Anchialea</span> <span class='ocrx_word' id='word_1_906' title='bbox 3280 5350 3336 5395; x_wconf 86' lang='lat' dir='ltr'>et</span> <span class='ocrx_word' id='word_1_907' title='bbox 3360 5340 3475 5396; x_wconf 87' lang='lat' dir='ltr'>Soli</span> <span class='ocrx_word' id='word_1_908' title='bbox 3502 5358 3533 5395; x_wconf 89' lang='lat' dir='ltr'>a</span> <span class='ocrx_word' id='word_1_909' title='bbox 3569 5337 3761 5411; x_wconf 79' lang='lat' dir='ltr'>Cydno</span> <span class='ocrx_word' id='word_1_910' title='bbox 3784 5356 3875 5393; x_wconf 88' lang='lat' dir='ltr'>oc·</span> 
     </span>
     <span class='ocr_line' id='line_1_114' title="bbox 2308 5415 3877 5494; baseline -0.001 -19"><span class='ocrx_word' id='word_1_911' title='bbox 2308 5439 2489 5476; x_wconf 86' lang='lat' dir='ltr'>casum</span> <span class='ocrx_word' id='word_1_912' title='bbox 2512 5439 2695 5477; x_wconf 74' lang='lat' dir='ltr'>versus</span> <span class='ocrx_word' id='word_1_913' title='bbox 2722 5432 2890 5477; x_wconf 86' lang='lat' dir='ltr'>erant.</span> <span class='ocrx_word' id='word_1_914' title='bbox 2923 5424 3003 5476; x_wconf 91' lang='lat' dir='ltr'>De</span> <span class='ocrx_word' id='word_1_915' title='bbox 3022 5424 3285 5494; x_wconf 67' lang='lat' dir='ltr'>Lyrnesso</span> <span class='ocrx_word' id='word_1_916' title='bbox 3310 5420 3503 5475; x_wconf 82' lang='lat' dir='ltr'>Ciliciae</span> <span class='ocrx_word' id='word_1_917' title='bbox 3529 5415 3741 5473; x_wconf 86' lang='lat' dir='ltr'>aliunde</span> <span class='ocrx_word' id='word_1_918' title='bbox 3766 5434 3877 5474; x_wconf 90' lang='lat' dir='ltr'>non</span> 
     </span>
    </p>
   </div>
  </div>
 </body>
</html>
