4584 6284
1782 422 2137 485 ANAPLUS
2180 415 2498 481 Bosronl
2543 416 2890 479 TnflAcu.
3865 429 3936 481 ω

720 566 805 613 tut
826 554 1057 609 Plinium
1091 554 1269 625 ipsum
1297 570 1502 621 errare,
1530 552 1585 607 id
1608 554 1753 626 quod
1782 553 1861 610 vel
1888 573 1953 609 ex
1978 554 2131 609 Plinii
2164 570 2279 608 ver-

716 644 793 696 bis
831 642 1033 715 percipi
1066 652 1271 715 potest,
1300 658 1427 695 cum
1453 642 1529 696 ait
1568 640 1645 715 (9,
1676 640 1783 717 πο)
1808 660 1871 697 ex
1904 662 1964 697 ea
1996 660 2149 697 causa
2174 644 2279 715 By-

714 731 869 785 zantii
916 731 1347 803 promontorium
1388 730 1523 785 Auri
1570 748 1739 785 cornu
1782 731 2093 805 appellatum
2138 750 2275 797 esse,

714 816 858 889 quod
884 817 1080 872 thunni
1113 828 1329 890 aspectu
1354 818 1464 871 saxi
1488 816 1593 871 albi
1624 816 1679 871 in
1720 818 1893 873 littore
1920 819 2054 874 Asiae
2076 820 2161 873 siti
2196 836 2279 873 re·

712 908 869 971 pente
914 900 1085 954 territi
1120 916 1329 973 semper
1364 899 1615 971 praecipiti
1641 900 1848 971 agmine
1868 898 2277 975 pmmontem‘um

715 988 1067 1061 Chrysoceras
1102 996 1317 1061 petant,
1354 1006 1477 1043 cum
1518 1004 1579 1043 ea
1614 986 1681 1043 de
1718 1006 1871 1043 causa
1912 990 2087 1062 potius
2127 987 2279 1045 sinus

714 1076 1055 1152 appellandus
1075 1077 1145 1131 sit
1162 1078 1293 1133 Auri
1329 1095 1522 1144 cornu,
1547 1079 1833 1152 presertim
1860 1079 2061 1135 civibus
2080 1082 2281 1153 Byzan-

714 1167 839 1222 tinis
862 1167 937 1221 ita
956 1167 1133 1221 sinum
1151 1184 1303 1223 suum
1330 1166 1731 1240 appellantibus,
1752 1184 1783 1221 e
1806 1186 2033 1241 quorum
2054 1186 2279 1223 numero

716 1265 795 1309 est
816 1252 1101 1326 Dionysius
1126 1254 1423 1325 Byzantius,
1444 1254 1527 1309 cui
1550 1256 1725 1328 potius
1748 1273 1903 1329 quam
1925 1256 2097 1311 Plinio
2118 1255 2276 1312 iidem

720 1341 973 1397 adhibere
999 1340 1285 1410 debemus,
1308 1352 1361 1397 et
1377 1343 1623 1398 Straboni
1644 1384 1659 1411 ,
1691 1362 1825 1416 quos
1852 1343 2041 1399 vidisse
2070 1354 2277 1400 constat

719 1432 878 1485 Ceras
900 1430 1287 1502 Byzantiacum.
1320 1433 1392 1484 At
1412 1430 1641 1485 Plinium
1677 1430 1893 1485 sortasse
1918 1431 2159 1503 decipere
2184 1448 2278 1503 po·

720 1517 823 1572 tuit
844 1516 1151 1589 ambiguitas
1169 1514 1193 1555 3
1211 1514 1413 1589 Polybii
1436 1519 1514 1589 (4,
1542 1518 1631 1585 43,
1657 1522 1735 1591 7),
1758 1518 2033 1573 scribentis
2050 1520 2275 1592 Bospori

722 1605 925 1659 fluxum
960 1602 1223 1677 repulsum
1251 1622 1284 1660 a
1309 1602 1425 1659 loco
1471 1605 1611 1661 Asiae
1651 1607 1927 1663 nominato
1964 1608 2111 1663 Borc
2150 1604 2275 1661 ferri

718 1693 1047 1765 Byzantium,
1070 1710 1098 1746 a
1121 1708 1249 1763 quo,
1270 1692 1461 1765 inquit,
1483 1694 1627 1748 scissi
1652 1694 1875 1767 Bospori
1893 1712 2054 1767 parva
2074 1711 2199 1767 pars
2220 1694 2277 1749 in

717 1782 887 1836 sinum
910 1798 1063 1835 suum
1094 1779 1265 1835 delata
1287 1780 1473 1836 definit
1504 1782 1687 1837 Cornu
1716 1783 2047 1837 nominatum
2067 1822 2085 1849 ,
2109 1778 2281 1853 major

714 1886 839 1923 vero
870 1866 1039 1924 fertur
1062 1886 1159 1941 per
1179 1880 1429 1925 meatum.
1457 1873 1567 1925 Aut
1596 1869 1641 1924 si
1668 1869 1867 1925 Plinius
1887 1868 2138 1943 deceptus
2168 1886 2277 1924 non

714 1964 879 2009 estex
911 1971 1009 2022 eo,
1050 1952 1199 2027 quod
1236 1953 1453 2010 sortasse
1483 1954 1733 2029 Polybius
1771 1956 1838 2010 sit
1860 1957 1917 2011 in
1944 1954 2129 2011 eadem
2164 1974 2281 2010 sen·

718 2044 875 2099 tentia
892 2084 909 2110 ,
950 2044 1243 2117 poterimus
1272 2054 1561 2117 utrumque
1600 2041 1859 2119 appellare
1893 2046 2075 2100 Cornu
2090 2084 2108 2113 ,
2156 2062 2278 2099 cum

715 2130 968 2205 permulta
998 2130 1365 2205 promontoria
1385 2149 1416 2186 a
1437 2131 1745 2205 geographis
1779 2150 1978 2187 eornm
2016 2131 2281 2206 appellen·

714 2229 821 2288 tur,
836 2228 899 2273 ut
912 2218 1119 2291 Cyprus
1134 2216 1359 2273 Censtis
1372 2236 1405 2274 a
1416 2216 1755 2273 multitudine
1771 2220 2277 2291 promontoriorum,

716 2304 1003 2379 praa-tim
1026 2322 1151 2360 cum
1173 2305 1415 2379 Byzantii
1438 2306 1867 2379 promontorium
1900 2306 2096 2361 multos
2130 2306 2285 2361 colles

720 2391 911 2447 babeat
923 2430 941 2457 ,
964 2390 1159 2462 quibus
1180 2401 1395 2445 curvata
1416 2391 1476 2445 in
1492 2390 1595 2446 tria
1618 2408 1819 2447 cornua
1843 2393 2283 2466 Constantinopo-

718 2481 781 2535 lis
804 2479 1051 2535 tricornis
1088 2479 1282 2534 rectius
1322 2497 1482 2551 quam
1518 2480 1775 2553 triangula
1818 2480 2061 2555 appellari
2098 2483 2279 2555 possit.

716 2566 819 2623 Sed
838 2568 915 2623 illi
934 2565 1141 2623 ferendi
1162 2585 1273 2623 non
1300 2578 1453 2635 sunt,
1487 2568 1582 2642 qui
1612 2568 1801 2625 tabulis
1822 2572 1978 2626 etiam
2014 2570 2207 2626 iterum
2234 2582 2287 2627 et

714 2657 901 2731 sepius
922 2652 1079 2711 editis
1099 2654 1318 2711 tradunt
1334 2656 1519 2711 Cornu
1545 2658 1855 2730 Byzantium
1882 2676 1993 2714 esse
2030 2677 2285 2733 pmmon·

714 2744 907 2800 tol-ium
929 2743 1151 2810 Galatae,
1172 2743 1335 2800 situm
1351 2754 1538 2800 contra
1565 2746 2092 2821 Constantinopolim.
2131 2749 2286 2805 Sinus
2311 2749 2322 2765 ‘

710 2824 921 2879 initium
960 2822 1163 2879 faciunt
1200 2823 1313 2881 duo
1344 2826 1739 2899 promontoria,
1782 2844 1951 2883 unum
1997 2845 2029 2882 a
2063 2829 2286 2885 meridie

711 2912 1023 2987 appellatum
1076 2914 1423 2987 neuportum.
1468 2914 1694 2969 alterum
1754 2932 1785 2969 a
1836 2916 2285 2989 septentrionibus

708 3001 981 3075 Metopum
1004 2998 1133 3057 olim
1158 2998 1383 3057 dictum.
1410 3000 1539 3057 Tria
1562 3002 1705 3057 enim
1730 3004 2096 3075 promontoria
2118 3006 2283 3061 trian-

711 3086 887 3161 gulum
924 3084 1203 3143 efficientia
1221 3126 1240 3155 ,
1282 3088 1422 3143 inter
1464 3106 1523 3143 se
1572 3086 1821 3144 distantia
1869 3089 1987 3163 plus
2034 3094 2279 3148 minusve

714 3173 930 3229 milliare
950 3214 967 3237 ,
998 3190 1159 3247 supra
1194 3174 1495 3247 Bosporum
1519 3176 1755 3230 eminent
1782 3191 1796 3229 :
1826 3174 1937 3232 duo
1963 3176 2181 3249 quidem
2214 3179 2282 3233 ab

714 3262 926 3333 Europa
946 3259 1003 3313 in
1028 3257 1204 3315 fauces
1219 3260 1367 3315 sinus
1384 3258 1713 3333 impendent,
1738 3261 1933 3317 scilicet
1960 3263 2281 3336 Bosporium

714 3356 769 3401 et
776 3345 1097 3418 Metopicum
1104 3385 1119 3412 ,
1130 3346 1350 3401 tertium
1361 3346 1431 3402 ab
1441 3348 1585 3415 Asia,
1598 3346 1926 3403 Damalicum
1940 3350 2159 3423 appellat
2164 3368 2253 3405 um
2261 3391 2277 3417 ,

716 3454 747 3491 a
771 3453 881 3508 quo
900 3436 1169 3509 Bosporm
1196 3434 1417 3492 tendens
1442 3434 1511 3493 ad
1549 3454 1797 3493 occasum
1818 3438 2049 3494 flectitur
2072 3438 2143 3493 ad
2172 3458 2282 3495 me-

716 3520 925 3579 ridiem.
944 3522 1027 3577 Ex
1048 3522 1242 3596 quibus
1254 3524 1591 3597 cognoscitur
1606 3524 1896 3599 Procopius
1908 3528 2013 3597 (De
2028 3525 2129 3583 oed.
2154 3543 2203 3595 1,
2221 3529 2280 3599 9)

715 3628 919 3677 errare,
948 3608 1161 3666 tradem
1196 3629 1228 3666 a
1252 3612 1397 3685 Sycis
1422 3613 1738 3685 nuncupatis
1760 3611 1955 3669 fretum
1977 3614 2162 3669 Cornu
2182 3632 2281 3670 no-

716 3698 971 3753 minatum
998 3696 1247 3771 incipere.
1288 3698 1437 3753 Ostia
1470 3696 1691 3772 Cydaris
1730 3710 1785 3755 et
1818 3700 2065 3773 Barbysae
2104 3702 2279 3757 flumi-

718 3802 849 3839 num
875 3786 1017 3840 sinui
1041 3788 1225 3841 Cornu
1246 3784 1407 3840 tinem
1444 3786 1798 3853 constituunt,
1824 3786 1975 3859 cujus
2004 3787 2282 3862 longitudo

716 3873 786 3929 ab
806 3884 931 3929 ortu
954 3876 1135 3929 estivo
1168 3872 1411 3948 procedit
1443 3874 1653 3929 circiter
1676 3884 1799 3930 octo
1832 3875 1997 3931 stadia
2026 3875 2095 3932 ad
2134 3896 2281 3934 occa·

720 3974 839 4011 sum
870 3957 1153 4013 hiemalem
1174 3998 1191 4023 ,
1228 3956 1419 4013 deinde
1456 3958 1525 4014 ad
1551 3976 1795 4015 ocmsum
1836 3961 2071 4017 iestivum
2094 4002 2109 4029 ,
2156 3961 2281 4018 inde

718 4042 950 4099 flectitur
978 4042 1047 4099 ad
1067 4044 1471 4117 septentriones.
1494 4048 1669 4115 Quem
1688 4046 1813 4119 jure
1828 4048 1985 4103 Cei-as
2010 4048 2281 4123 chryseon

716 4131 992 4205 appellavit
1041 4132 1345 4204 antiquitas,
1374 4150 1498 4189 cum
1542 4143 1597 4189 et
1632 4136 1867 4209 piscosus
1908 4145 1962 4191 et
2000 4148 2285 4209 portuosus

716 4218 943 4273 maxime
982 4219 1053 4273 sit
1072 4258 1089 4286 ,
1117 4234 1228 4275 uno
1250 4237 1346 4275 ore
1378 4219 1575 4276 multos
1596 4222 1733 4278 intra
1759 4240 1817 4278 se
1837 4234 2023 4297 portus
2059 4224 2285 4300 amplec-

714 4318 845 4374 tens,
870 4306 1145 4363 universos
1168 4326 1337 4383 usque
1352 4308 1421 4365 ad
1446 4310 1739 4383 marginem
1761 4310 1953 4367 littoris
1966 4312 2281 4387 profundos,

714 4394 982 4451 montibus
1018 4392 1372 4451 circumdatos
1398 4394 1749 4453 efficientibus
1783 4410 1906 4455 octo
1928 4398 2095 4456 flexus
2111 4441 2128 4469 ,
2157 4419 2284 4475 qua·

714 4494 839 4539 tuor
863 4482 1079 4557 quidem
1115 4502 1147 4539 a
1184 4482 1345 4540 latere
1367 4483 1561 4543 dextro
1596 4486 2005 4559 ingredientium
2028 4529 2045 4557 ,
2088 4491 2144 4546 in
2176 4508 2285 4565 quo

716 4583 795 4627 est
816 4570 1019 4629 Galata.
1056 4573 1297 4629 Primum
1334 4572 1533 4629 flexum
1568 4575 1625 4629 in
1648 4574 2035 4648 longitudinem
2073 4579 2285 4635 circiter

719 4658 799 4713 bis
829 4658 967 4715 mille
999 4676 1245 4733 passuum
1280 4660 1427 4718 collis
1448 4665 1745 4738 Metopicus
1772 4674 1827 4719 et
1856 4664 2129 4722 Galatinus
2155 4666 2283 4723 levi-

717 4756 799 4800 ter
824 4746 1134 4815 incurvant,
1162 4758 1226 4802 ut
1246 4766 1505 4822 nusquam
1535 4750 1625 4805 bic
1660 4752 1827 4807 flexus
1864 4753 2021 4809 latior
2058 4756 2129 4810 sit
2158 4774 2283 4810 oen·

716 4844 833 4888 tum
860 4834 1117 4909 passibus.
1158 4836 1430 4893 Secundus
1464 4840 1632 4893 flexus
1672 4840 1735 4896 fit
1766 4859 1799 4897 a
1834 4842 1965 4898 colle
1994 4843 2278 4912 Galatino,

715 4920 789 4974 ita
813 4920 1066 4977 eminenti
1089 4922 1145 4976 in
1166 4923 1341 4979 sinum
1358 4924 1683 4996 Ceratinum,
1706 4937 1769 4982 ut
1784 4928 1871 4983 ille
1886 4948 1951 4985 ex
1976 4930 2146 4985 tribus
2162 4948 2285 5005 par-

2367 547 2510 602 tibus
2533 565 2600 603 eo
2632 546 2874 614 alluatur,
2913 546 3166 619 collisque
3197 546 3426 604 Galatini
3459 548 3592 603 latus·
3627 565 3843 621 vergens
3871 550 3942 604 ad

2367 652 2611 690 occasum
2641 634 2786 689 bunc
2805 634 3000 688 flexum
3027 632 3220 689 efficiat
3243 633 3400 708 longe
3419 635 3564 689 intus
3585 634 3938 704 recedentem,

2365 730 2426 775 ut
2450 721 2496 776 si
2521 720 2590 776 ab
2625 721 2816 775 intimo
2842 720 2986 775 flexu
3029 730 3228 775 rectam
3253 720 3446 777 lineam
3475 719 3695 777 duceres
3733 722 3800 777 ad
3831 722 3938 778 col-

2365 808 2466 863 lem
2483 811 2830 881 Metopicum,
2856 810 3176 863 eminentem
3198 826 3360 883 supra
3379 810 3574 865 ostium
3600 810 3748 866 sinus
3764 852 3780 877 ,
3803 812 3937 869 intrs

2365 896 2555 954 lineam
2587 898 2880 953 includeres
2906 907 3080 954 totum
3119 896 3378 973 oppidum
3413 898 3652 955 Galatam
3682 910 3736 955 et
3775 902 3939 957 maxi·

2365 1005 2506 1043 mam
2534 998 2736 1061 partem
2761 986 3104 1043 aedificiorum
3125 986 3574 1055 suburbanorum,
3595 990 3791 1062 partim
3807 992 3940 1047 emi-

2367 1077 2608 1133 nentium
2645 1096 2806 1151 supra
2837 1076 3109 1144 Galatam,
3153 1076 3346 1151 partim
3375 1077 3432 1131 in
3473 1075 3619 1131 collis
3637 1076 3773 1151 jugo
3813 1082 3940 1135 sito·

2363 1182 2504 1219 rum.
2535 1163 2708 1237 Hujus
2749 1165 2913 1219 flexus
2945 1164 3174 1219 maxime
3201 1164 3440 1237 portuosi
3473 1181 3706 1218 recessus
3733 1164 3942 1237 longior

2367 1268 2526 1323 quam
2575 1250 2758 1307 navale
2805 1250 3168 1323 longissimum
3213 1250 3512 1305 triremium
3563 1250 3830 1322 regiarum
3885 1254 3942 1307 in

2364 1338 2590 1393 circuitu
2635 1337 2870 1412 ejusdem
2917 1337 3262 1412 explicatum,
3313 1337 3478 1393 altero
3515 1347 3662 1393 tanto
3703 1337 3940 1395 latiorem

2365 1426 2545 1483 reddit
2569 1428 2746 1482 sinum
2781 1428 3084 1482 Ceratinum
3112 1443 3272 1499 quam
3305 1435 3448 1499 patet
3483 1425 3622 1481 inter
3643 1428 3944 1483 Constanti·

2368 1515 2604 1587 nopolim
2632 1524 2685 1569 et
2707 1512 2964 1571 Galatam.
2993 1512 3334 1567 Terminatur
3351 1530 3608 1568 mucrone
3633 1514 3790 1571 vireti
3813 1517 3942 1587 regii

2365 1601 2648 1657 inchoante
2675 1603 2890 1657 tertium
2925 1602 3123 1656 flexum
3153 1601 3329 1655 minus
3357 1619 3580 1657 curvum
3595 1642 3611 1669 ,
3637 1600 3730 1657 sed
3753 1602 3938 1659 eadem

2366 1688 2532 1745 same
2553 1690 2806 1747 circuitus
2831 1688 3190 1762 longitudine,
3215 1699 3338 1763 post
3364 1707 3524 1763 quam
3545 1691 3693 1745 sinus
3711 1692 3938 1749 inflexus

2363 1778 2432 1835 ad
2458 1780 2839 1853 septentriones
2853 1820 2870 1847 ,
2913 1790 3104 1852 quarto
3135 1778 3278 1833 flexu
3313 1776 3568 1833 mediocri
3594 1790 3836 1853 accepto,
3877 1780 3940 1835 fi-

2363 1868 2512 1923 nitur
2543 1868 2690 1923 ostiis
2724 1866 2916 1943 Cydari
2959 1877 3015 1922 et
3051 1866 3313 1941 Barbysae.
3349 1870 3468 1923 Jam
3505 1886 3632 1923 vero
3667 1868 3940 1925 sinistrum

2364 1956 2512 2011 sinus
2533 1956 2699 2023 latus,
2737 1957 2794 2010 in
2832 1953 2979 2027 quod
3009 1956 3244 2009 eminent
3263 1972 3356 2011 sex
3389 1955 3546 2011 colles
3571 1957 3940 2012 Constantino·

2364 2041 2564 2117 poleos,
2589 2042 2828 2098 similiter
2849 2052 3080 2115 quatuor
3096 2041 3264 2097 flexus
3282 2040 3532 2097 admittit.
3559 2042 3720 2099 Urbis
3736 2044 3939 2117 primus

2367 2132 2512 2187 collis
2539 2131 2673 2189 adeo
2693 2132 2891 2188 eminet
2907 2133 2964 2186 in
2990 2130 3138 2186 sinus
3155 2132 3348 2187 ostium
3365 2171 3382 2197 ,
3409 2140 3471 2185 ut
3493 2140 3636 2186 totus
3655 2131 3791 2185 ultra
3811 2132 3940 2187 alios

2369 2216 2524 2271 colles
2550 2218 2605 2272 in
2627 2215 2790 2273 altum
2815 2214 3079 2289 projectus
3109 2216 3209 2284 sit,
3239 2226 3294 2269 et
3311 2225 3564 2287 tanquam
3593 2214 3662 2269 de
3679 2214 3938 2271 industria

2369 2304 2660 2360 immissum
2685 2304 2964 2361 brachium
2989 2314 3230 2378 protegat
3262 2303 3438 2357 sinum
3466 2320 3498 2357 a
3521 2305 3690 2357 ventis
3701 2323 3718 2371 3
3755 2322 3940 2359 secun·

2369 2390 2468 2447 dus
2507 2404 2560 2449 ct
2585 2394 2770 2449 tertius
2809 2392 2964 2448 colles
3007 2392 3230 2447 interius
3254 2390 3512 2447 recedunt
3545 2390 3616 2445 ad
3661 2392 3938 2447 meridiem

2370 2496 2578 2549 versus,
2607 2480 2797 2552 reliqui
2820 2480 2896 2535 sic
2926 2479 3160 2535 eminent
3185 2479 3242 2533 in
3275 2478 3684 2551 septentriones,
3711 2488 3774 2533 ut
3801 2479 3939 2535 duos

2370 2584 2602 2622 recessus
2622 2566 2854 2622 duorum
2875 2582 3097 2621 arcuum
3121 2562 3518 2620 similitudinem
3544 2575 3781 2636 gerentes
3805 2585 3916 2622 acci

2369 2654 2534 2727 piant.
2572 2656 2822 2725 Quorum
2846 2652 3083 2725 primum
3117 2652 3424 2727 exprimunt
3455 2650 3657 2707 radices
3690 2654 3851 2725 primi
3884 2662 3938 2708 et

2373 2750 2426 2795 et
2451 2742 2625 2814 quinti
2649 2740 2861 2797 collium
2881 2742 3190 2809 eminentes,
3211 2739 3432 2795 alterum
3453 2740 3625 2813 quinti
3652 2750 3706 2795 et
3730 2742 3862 2796 sexti
3881 2742 3938 2795 in

2369 2828 2548 2883 sinum
2585 2826 2850 2902 projecte.
2889 2830 3003 2884 Hos
3022 2826 3161 2883 duos
3195 2845 3428 2883 recessus
3453 2828 3640 2883 tertius
3675 2828 3938 2883 maximus

2369 2916 2535 2973 flexus
2584 2917 2724 2972 intra
2766 2934 2824 2972 se
2867 2914 3110 2973 includit.
3167 2916 3320 2973 Adeo
3351 2917 3494 2973 enim
3539 2927 3688 2972 extra
3735 2928 3938 2973 ceteros

2367 3004 2566 3060 sinistri
2597 3004 2772 3060 lateris
2805 3004 2960 3060 colles
3013 3006 3212 3060 eminet
3243 3006 3450 3079 primus
3487 3006 3632 3060 collis
3645 3045 3661 3074 ,
3706 3004 3938 3061 efficiens

2367 3092 2621 3164 angulum
2656 3092 2806 3149 urbis
2842 3091 2910 3148 ab
2950 3102 3076 3148 ortu
3115 3092 3238 3149 solis
3257 3132 3275 3161 ,
3317 3103 3373 3148 et
3414 3102 3618 3161 sextus,
3666 3093 3938 3149 inflectens

2368 3178 2590 3236 alterum
2629 3180 2778 3235 urbis
2814 3182 3066 3253 angulum
3107 3181 3177 3237 ab
3201 3198 3391 3237 occasu
3410 3219 3427 3247 ,
3461 3191 3523 3236 ut
3559 3182 3603 3235 si
3639 3178 3832 3237 lineam
3870 3181 3940 3237 ab

2367 3268 2560 3324 borum
2606 3267 2858 3325 alterutro
2897 3286 3154 3325 mucrone
3193 3266 3415 3323 duceres
3448 3266 3518 3322 ad
3551 3268 3773 3324 alterum
3815 3286 3940 3323 mu-

2367 3374 2582 3411 cronem
2595 3396 2614 3423 ,
2637 3356 2780 3413 intra
2803 3355 2996 3412 lineam
3025 3354 3321 3411 includeres
3349 3358 3524 3411 sinum
3551 3356 3862 3411 Cei-atinum
3887 3368 3938 3411 et

2366 3442 2564 3499 Galatae
2579 3442 2852 3518 planitiem
2875 3442 3215 3499 maritimam.
3243 3443 3310 3497 Id
3337 3440 3482 3516 quod
3499 3441 3684 3497 divino
3717 3460 3939 3498 munere

2365 3531 2626 3587 tributum
2652 3542 2832 3588 tuetur
2857 3532 3032 3587 sinum
3049 3541 3208 3605 atque
3231 3528 3471 3585 defendit
3493 3549 3526 3585 a
3547 3530 3738 3586 ventis.
3761 3534 3938 3601 Quar-

2367 3630 2480 3676 tum
2521 3638 2785 3676 recessum
2824 3630 2972 3675 extra
3001 3618 3190 3675 urbem
3227 3620 3417 3692 recipit
3461 3620 3732 3674 sinistrum
3771 3618 3935 3686 latus,

2365 3706 2460 3762 ubi
2505 3708 2652 3762 sinus
2676 3708 2790 3781 ipse
2813 3717 2866 3761 et
2889 3706 3046 3761 colles
3085 3708 3559 3778 circumsurgentes
3596 3706 3940 3762 inflectuntur

2369 3792 2438 3847 ad
2461 3795 2874 3869 septentrionem
2899 3810 3092 3865 magno
3121 3801 3324 3847 nature
3343 3790 3602 3847 beneficio
3617 3832 3634 3859 ‚
3662 3810 3730 3847 ne
3750 3793 3818 3847 ab
3846 3811 3937 3849 oc·

2366 3900 2490 3938 essu
2529 3884 2670 3938 venti
2699 3884 2968 3938 incurrere
3001 3881 3188 3937 directi
3231 3882 3437 3954 possint
3465 3882 3523 3935 in
3551 3881 3939 3952 longitudinem

2366 3971 2532 4025 sinus.
2575 3968 2738 4025 Unde
2777 3968 2864 4034 fit,
2909 3978 2974 4024 ut
3007 3986 3075 4023 ex
3119 3967 3367 4023 omnibus
3418 3966 3658 4041 partibus
3697 3966 3940 4043 (excipio

2371 4056 2583 4129 fauces)
2610 4054 2964 4111 circumdatus
2989 4055 3060 4109 sit
3095 4054 3314 4111 collibus
3343 4065 3602 4129 perpetuo
3628 4053 3790 4111 dorso
3811 4072 3939 4111 con·

2363 4141 2592 4217 junctis,
2639 4161 2776 4217 quos
2820 4144 2960 4197 inter
2997 4144 3095 4197 etsi
3130 4141 3468 4198 intercedunt
3506 4142 3704 4199 crebre
3744 4142 3936 4211 valles,

2371 4242 2544 4288 tamen
2585 4230 2806 4287 dorsum
2845 4250 2954 4287 non
2983 4239 3263 4305 penetrant
3286 4240 3342 4284 et
3372 4228 3560 4285 breves
3593 4240 3756 4299 sunt;
3783 4240 3874 4285 aut
3894 4233 3939 4286 si

2371 4338 2475 4375 una
2501 4330 2594 4375 aut
2621 4320 2784 4375 altera
2803 4318 3029 4392 oblonga
3043 4330 3140 4387 est,
3166 4319 3222 4373 in
3250 4316 3509 4373 valliculas
3530 4316 3723 4374 desinit
3741 4318 3941 4374 flexuo-

2370 4426 2482 4475 sas,
2531 4409 2672 4463 inter
2713 4426 2846 4483 quas
2889 4406 3195 4482 interjectus
3236 4407 3425 4481 aliquis
3463 4406 3608 4462 collis
3650 4408 3708 4461 in
3753 4425 3938 4463 earum

2371 4494 2545 4551 fauces
2569 4496 2786 4552 eminet.
2819 4494 3094 4553 Strabonis
3135 4495 3230 4569 (p.
3261 4496 3402 4566 320)
3438 4492 3747 4565 longitudo,
3779 4512 3938 4568 quam

2369 4581 2636 4653 sexaginta
2652 4579 2944 4636 stadiorum
2965 4578 3206 4635 attribuit
3225 4580 3365 4635 sinui
3389 4578 3664 4644 Ceratino,
3693 4582 3942 4651 congruit

2372 4665 2480 4722 fere
2509 4684 2635 4723 cum
2670 4685 2786 4723 mea
2816 4666 3176 4733 dimensioncg
3201 4665 3444 4739 Procopii
3492 4666 3608 4736 (De
3637 4664 3740 4721 (τά.
3773 4684 3822 4723 1.
3860 4666 3934 4740 9)

2371 4754 2523 4827 longe
2543 4754 2784 4811 dissentit
2805 4773 2837 4810 a
2863 4758 2938 4810 rei
2966 4756 3207 4821 veritate,
3233 4751 3487 4809 tundentis
3507 4754 3654 4808 sinus
3679 4754 3938 4809 ambitum

2369 4846 2640 4900 continere
2665 4842 3008 4918 quadraginta
3032 4842 3198 4898 stadia
3213 4845 3267 4910 *ς
3289 4840 3500 4915 longius
3524 4860 3556 4897 a
3583 4858 3708 4897 vero
3730 4840 3941 4897 oberrat

2371 4934 2631 4987 Laonicus
2672 4930 3054 5005 Chalcondylus
3081 4930 3314 4986 scribens
3340 4929 3572 5004 Byzantii
3603 4938 3818 5000 portum
3856 4946 3939 4983 se·

785 5102 840 5158 3.
880 5104 999 5161 Pol.
1028 5105 1389 5182 ambiguitas]
1418 5107 1625 5183 Polybii
1660 5110 1817 5165 verba
1844 5110 2202 5183 (περισχισθιὶς
2226 5119 2279 5167 et

720 5200 829 5255 με.
874 5182 903 5237 ὅ
922 5182 1067 5257 ῥοῦς)
1092 5186 1206 5259 περὶ
1229 5184 1319 5257 τὴν
1344 5188 1520 5257 πόλιν,
1544 5188 1705 5263 βραχὺ
1740 5188 1827 5263 μὲν
1872 5190 1939 5256 εἰς
1964 5191 2051 5247 τδν
2088 5192 2275 5248 κόλπον

717 5262 865 5318 αὖτοΰ
887 5263 1115 5337 διορίζει,
1138 5264 1197 5321 τὸ
1221 5266 1525 5341 καλούμενον
1562 5268 1739 5343 Ripae,
1769 5268 1827 5325 τδ
1846 5270 1900 5326 Bi
1919 5270 2093 5327 πλεῖον
2123 5272 2271 5329 πάλιν

2369 5115 2622 5185 ἀπονεύει)
2647 5114 2779 5169 nibil
2803 5114 3034 5187 ambigui
3057 5112 3282 5191 habent,
3307 5116 3404 5179 sed
3425 5132 3534 5170 non
3557 5123 3698 5167 recte
3716 5129 3748 5166 a
3765 5110 3940 5185 Gyuio

2366 5196 2715 5269 explicantur.

2435 5278 2491 5341 4.
2525 5278 2590 5330 In
2611 5275 2804 5331 nostris
2839 5272 3027 5330 tabulis
3065 5278 3381 5362 longum&
3403 5281 3547 5343 §snm
3575 5290 3686 5329 non
3726 5268 3951 5405 {tultum
