4584 6284
1778 410 2131 473 ANAPLUS
2170 409 2496 472 Bospoal
2537 412 2882 475 TflaAcu.

3851 433 3926 485 85

802 555 912 601 Um
924 548 1205 601 ostendero
1216 544 1821 609 Iasoniumessevicum,
1840 559 1998 614 quem
2019 542 2189 597 Graeci
2200 542 2296 597 ho·
2378 541 2592 597 brevem
2623 561 2919 609 recessurum
2947 554 3000 597 et
3032 555 3152 615 post
3178 563 3292 599 eam
3331 545 3475 601 littus
3506 560 3584 603 est
3611 560 3738 603 noto
3767 563 3928 606 vento

734 632 824 686 die
842 630 1365 703 vocantDipIociona,
1387 628 1551 683 Turci
1572 626 1793 692 Bisitas,
1814 626 2015 681 facilius
2038 628 2292 699 percipie-

734 731 821 774 tur
844 720 1089 773 AEantion
1105 758 1119 781 .
1148 717 1403 789 templum
1422 716 1684 772 Ptolemaei
1700 756 1717 783 ‚
1742 714 2061 789 Delphinum
2077 725 2133 770 et
2156 716 2291 770 Cha-

735 804 973 869 randam‚
988 816 1195 880 petram
1210 804 1564 870 Thermastin,
1586 803 2047 857 Pentecontoricon
2065 802 2179 857 loca
2192 804 2294 859 sita

736 892 895 947 fuisse
923 892 1066 946 inter
1084 892 1339 962 Metopon
1362 901 1415 945 et
1450 890 1621 943 vicum
1644 888 1969 962 Diplociona.
1989 890 2067 943 Ea
2096 898 2156 942 ut
2182 906 2294 944 ma·

730 981 811 1051 gis
822 980 1103 1053 perspicua
1120 977 1269 1045 fiant,
1290 978 1437 1051 prius
1448 993 1610 1049 pergo
1625 992 1885 1049 exponere
1904 976 2063 1029 situm
2080 975 2291 1047 reliqum

734 1084 841 1121 orae
887 1065 1167 1119 maritimae
1183 1104 1199 1131 ,
1244 1082 1403 1137 quam
1452 1064 1755 1117 continuare
1798 1064 2177 1119 intermiseram
2222 1062 2289 1118 ad

734 1154 1091 1226 promontorii
1110 1152 1351 1227 Metopici
1372 1168 1679 1206 mucronem
1700 1152 2017 1224 precipitem
2037 1160 2092 1204 et
2106 1150 2288 1223 preci-

738 1260 859 1299 sum
886 1260 1057 1315 usque
1076 1240 1144 1295 ad
1166 1260 1309 1296 mare
1324 1282 1340 1309 ,
1354 1241 1435 1294 via
1461 1238 1717 1294 duntaxat
1738 1240 2031 1294 intermissa
2052 1237 2289 1293 humano

741 1346 903 1403 opere
928 1326 1225 1403 explanata,
1244 1326 1399 1399 jactis
1424 1327 1481 1381 in
1522 1342 1665 1379 mue
1690 1324 1942 1380 vadostun
1968 1335 2019 1379 et
2044 1340 2289 1379 saxosum

738 1416 946 1472 editicii
962 1426 1053 1471 aut
1068 1414 1221 1470 molis
1244 1411 1713 1469 substructionibus
1729 1452 1745 1479 ‚
1782 1412 1873 1467 ubi
1898 1410 2081 1466 linitur
2100 1410 2289 1483 longus

742 1504 906 1557 flexus
928 1522 957 1558 a
977 1500 1338 1576 promontorio
1356 1496 1527 1554 Clidio
1543 1497 1833 1553 inchoatus.
1864 1496 1951 1552 Ab
1966 1496 2103 1551 illius
2128 1497 2289 1567 igitur

742 1606 995 1643 mucrone
1019 1604 1111 1640 seu
1138 1596 1311 1640 rostro
1332 1602 1513 1659 passus
1547 1594 1809 1639 necentos
1832 1600 2137 1657 progressus
2152 1621 2170 1649 ,
2204 1583 2287 1636 in-

738 1672 845 1727 cidi
870 1676 925 1728 in
950 1672 1133 1727 vallem
1166 1669 1487 1725 dividentem
1525 1669 1823 1742 Metopicon
1858 1668 2287 1743 promontorium

737 1779 769 1814 a
790 1758 944 1825 colle,
972 1760 1027 1813 in
1062 1774 1169 1829 quo
1204 1767 1283 1811 est
1320 1754 1683 1811 suburbanum
1715 1755 1881 1812 AEatis
1915 1756 2112 1821 Basse,
2138 1752 2289 1826 cujus

738 1847 853 1901 ima·
872 1842 1071 1899 radices
1096 1843 1371 1898 maritima
1394 1841 1737 1917 porriguntur
1758 1842 1817 1896 in
1850 1858 2100 1914 passuum
2119 1840 2287 1910 longi-

736 1932 971 1988 tudinem
1004 1930 1215 1986 circiter
1238 1932 1690 2001 octingentorum,
1719 1946 1951 2001 quorum
1972 1928 2131 2002 primi
2158 1946 2288 2000 qua·-

732 2020 994 2092 dringenti
1034 2019 1353 2074 maritimam
1395 2016 1591 2072 habent
1623 2016 1891 2091 planitiem
1931 2026 2197 2090 patentem
2230 2017 2288 2071 in

739 2124 985 2180 passuum
1010 2106 1219 2160 circiter
1244 2103 1591 2177 quadraginta
1619 2100 1969 2158 latitudinem.
2000 2102 2169 2175 Supra
2190 2102 2291 2155 im-

734 2192 963 2268 pendent
993 2191 1112 2246 clivi
1129 2231 1145 2258 ,
1184 2191 1279 2245 imi
1301 2189 1516 2263 quidem
1555 2189 1846 2262 praecipites
1871 2198 1925 2243 et
1963 2187 2073 2243 sere
2102 2186 2289 2243 directi

734 2281 791 2334 in
811 2279 1136 2334 altitudinem
1152 2276 1319 2331 ferme
1330 2286 1609 2331 centenum
1627 2290 1871 2346 passuum
1886 2312 1902 2339 ,
1923 2271 2047 2329 inde
2068 2291 2101 2328 a
2114 2274 2291 2331 medio

730 2365 866 2420 colle
892 2363 959 2419 ad
1000 2379 1273 2417 summum
1299 2362 1549 2417 verticem
1574 2361 1761 2431 exigue
1798 2360 1953 2433 proni
1964 2378 1981 2425 ς
2016 2369 2071 2413 at
2104 2360 2291 2431 reliqui

742 2450 1113 2525 quadringenti
1152 2449 1421 2524 planitiem
1448 2448 1764 2502 maritimam
1798 2464 1907 2502 non
1934 2446 2128 2501 babent
2142 2486 2161 2513 ,
2200 2446 2294 2501 sed

738 2539 900 2594 clivos
925 2555 958 2592 a
992 2536 1127 2591 mari
1152 2534 1222 2591 ad
1262 2533 1597 2609 supercilium
1613 2533 1775 2589 collis
1806 2533 2131 2607 precipites,
2152 2534 2296 2588 exci-

737 2626 829 2699 pio
854 2625 1015 2678 imam
1030 2621 1301 2696 planitiem
1322 2618 1573 2675 valliculae
1590 2616 1775 2673 mediae
1794 2620 1933 2673 inter
1949 2616 2109 2672 clivos
2136 2618 2297 2672 inter-

728 2714 907 2787 jectae,
929 2727 1047 2783 que
1066 2708 1307 2765 medium
1331 2711 1375 2763 A
1374 2706 1509 2780 jacis
1529 2709 1784 2773 viretum,
1812 2704 2134 2779 perennibus
2156 2703 2299 2759 fron-

744 2799 883 2853 tibus
936 2797 1197 2868 irriguum
1214 2837 1234 2861 ,
1292 2812 1472 2849 secans
1540 2793 1767 2864 cingitur
1819 2792 2029 2847 duobus
2082 2794 2296 2847 tumulis

732 2884 1089 2960 praecipitibus
1110 2892 1162 2938 et
1190 2882 1470 2956 praeruptis
1483 2920 1501 2948 ,
1527 2879 1691 2935 altero
1712 2881 1978 2934 eminente
1997 2897 2159 2953 supra
2182 2898 2294 2935 sca·

733 2974 833 3028 lam
877 2972 1215 3037 commercii,
1257 2970 1349 3023 ubi
1390 2967 1733 3023 fundamenta
1776 2966 2025 3021 videntur
2064 2968 2294 3041 antiquae

733 3058 911 3125 molis,
947 3056 1141 3130 partim
1168 3054 1269 3108 sub
1301 3071 1437 3126 aqua
1479 3051 1831 3107 delitescentia
1844 3092 1861 3121 ‚
1900 3053 2096 3125 partim
2135 3070 2294 3126 supra

742 3160 881 3197 mare
896 3142 1166 3202 exstantia,
1181 3157 1299 3213 quae
1314 3140 1597 3213 piscatores
1614 3148 1804 3193 vocant
1815 3136 2059 3193 Caridata
2075 3138 2100 3209 (
2114 3140 2294 3195 nescio

736 3248 801 3283 an
816 3229 963 3300 quasi
979 3228 1193 3281 sortasse
1210 3222 1542 3279 Charandam
1559 3241 1591 3277 a
1603 3224 1859 3296 Dionysio
1876 3225 2256 3297 nuncupatam)
2271 3245 2287 3291 ς

738 3316 905 3370 altero
942 3312 1147 3368 tumulo
1181 3312 1519 3385 praecingitur
1548 3327 1717 3383 usque
1745 3309 1811 3364 ad
1856 3328 2003 3365 mare
2035 3310 2289 3384 precipiti

738 3412 897 3474 atque
930 3402 1234 3455 imminente
1277 3400 1335 3454 in
1379 3397 1564 3453 vallem
1578 3438 1595 3467 ‚
1632 3414 1737 3469 qua
1775 3415 1809 3454 a
1846 3396 2291 3471 septentrionibus

738 3486 1020 3557 clauditur,
1048 3486 1150 3541 lata
1163 3484 1315 3559 jum
1340 3485 1485 3541 littus
1502 3482 1759 3539 ducentos
1799 3485 2066 3556 octoginta
2086 3502 2288 3558 passm.

739 3580 859 3651 Ipsa
886 3592 919 3629 a
940 3572 1381 3649 septentrionibus
1408 3571 1581 3627 clausa
1606 3569 1737 3626 colle
1760 3570 1965 3627 radices
2000 3572 2294 3645 prucipites

739 3678 923 3739 agente
964 3676 1019 3721 ct
1056 3674 1375 3739 propagante
1413 3661 1481 3717 ad
1514 3680 1661 3717 mare
1708 3678 1877 3734 usque
1906 3659 2035 3715 latas
2074 3670 2286 3715 centiam

742 3770 940 3826 passus.
966 3750 1053 3809 Ab
1078 3768 1257 3805 earum
1285 3750 1437 3804 initio
1476 3765 1571 3803 ora
1602 3748 1793 3814 maris,
1818 3764 1940 3820 qua!
1976 3744 2223 3802 tendebat
2260 3764 2294 3801 a

741 3840 1109 3913 promontorio
1132 3840 1399 3911 Metopico
1420 3836 1489 3891 sd
1514 3836 1631 3891 coeli
1654 3847 1857 3908 partem
1893 3833 2123 3890 mediam
2156 3837 2295 3891 inter

744 3928 936 3982 Ursam
977 3935 1033 3981 et
1066 3924 1382 3997 Aquilonem
1399 3963 1416 3989 ,
1452 3922 1679 3976 flectitur
1721 3920 1789 3975 ad
1832 3930 2007 3975 ortum
2036 3920 2291 3977 aarum.

744 4015 863 4067 Jam
889 4011 1076 4067 vanem
1103 4020 1156 4065 et
1180 4009 1365 4065 collem
1405 4018 1625 4081 occupat.
1648 4008 1821 4079 regius
1847 4006 2035 4062 hortus
2072 4009 2298 4063 circuitu

741 4108 971 4169 quatuor
992 4096 1157 4151 millia
1184 4111 1435 4169 passuum
1474 4092 1774 4166 complexus
1792 4132 1809 4160 ,
1844 4093 2019 4147 virens
2054 4092 2183 4148 silva
2206 4112 2298 4147 cu-

739 4200 1039 4259 pressorum
1056 4182 1413 4255 arborumque
1429 4178 1797 4251 stugiferarum
1812 4219 1831 4246 ,
1850 4178 2133 4236 Carabolus
2148 4198 2300 4235 voca-

741 4285 826 4329 ms
846 4292 879 4329 a
892 4283 1097 4345 satrapa
1112 4270 1249 4325 illius
1266 4279 1628 4325 constructore
1647 4287 1662 4325 t
1681 4286 1841 4343 quem
1859 4268 2007 4323 aiunt
2019 4269 2299 4341 piscatores

740 4362 977 4418 obruisse
1014 4360 1175 4414 maris
1206 4375 1469 4413 recessum
1504 4356 1829 4412 insinuatum
1860 4358 1919 4411 in
1958 4356 2121 4411 imam
2148 4356 2296 4411 horti

745 4449 953 4517 vallem,
974 4448 1201 4503 cinctam
1222 4464 1256 4503 a
1288 4444 1733 4520 septentrionibus
1754 4443 1885 4500 colle
1902 4482 1920 4507 ‚
1946 4442 2147 4499 radices
2167 4462 2302 4518 prae-

745 4549 923 4612 ruptas
952 4548 1005 4593 et
1038 4552 1215 4591 saxeas
1250 4552 1419 4607 usque
1452 4532 1523 4590 ad
1552 4552 1697 4594 mare
1730 4543 2023 4607 spargente.
2059 4532 2169 4588 Sub
2214 4533 2300 4587 his

749 4625 1011 4681 radicibus
1049 4626 1331 4695 Dionysius
1354 4640 1552 4695 ponere
1578 4620 1785 4675 videtur
1810 4630 2013 4694 petram
2045 4620 2300 4675 Therma-

2377 640 2615 703 apertum
2638 646 2653 686 :
2680 649 2798 704 quae
2822 640 2916 685 aut
2933 631 3103 686 excisa
3129 642 3234 696 est,
3258 642 3352 686 aut
3367 632 3412 687 si
3435 650 3578 689 nunc
3599 646 3784 704 exstat,
3815 654 3928 693 non

2375 716 2674 786 agnoscitur
2691 730 2709 756 ¹
2737 734 2752 771 :
2777 718 3064 791 prasertim
3083 718 3130 772 si
3157 718 3438 791 Dionysius
3462 738 3634 775 acram
3655 739 3760 775 non
3779 724 3930 778 intel-

2375 803 2488 875 ligit
2507 822 2620 859 esse
2639 805 3066 878 promontorium
3082 843 3099 871 ,
3121 803 3214 861 sed
3247 806 3552 878 simpliciter
3573 825 3721 863 oram
3747 812 3925 877 maris,

2376 907 2494 961 quae
2509 901 2619 945 tota
2641 891 2708 945 ab
2732 890 2836 945 hoc
2857 889 2975 945 loco
2996 889 3066 945 ad
3083 891 3226 946 collis
3243 893 3490 965 Metopici
3507 897 3928 967 promontorium

2377 976 2588 1031 alluitur
2611 978 2748 1033 mari
2774 975 2970 1033 vadoso
2997 976 3193 1031 crebris
3218 978 3378 1049 petris
3396 996 3556 1051 supra
3586 997 3774 1051 aquam
3799 983 3930 1037 emi·

2377 1064 2622 1120 nentibus
2660 1063 2940 1120 inculcato.
2969 1066 3170 1119 Earum
3201 1081 3438 1136 quaenam
3473 1066 3542 1119 sit
3574 1066 3892 1123 'Thermastis
3907 1108 3926 1135 ,

2377 1154 2728 1207 internoscere
2749 1150 2960 1206 difficile
2983 1162 3090 1219 est,
3112 1149 3226 1223 jam
3242 1161 3322 1205 tot
3337 1151 3523 1205 seculis
3549 1170 3642 1207 ora
3669 1155 3932 1211 maritima

2375 1240 2649 1293 immutata
2660 1278 2677 1306 ,
2702 1238 2816 1293 aliis
2833 1256 2956 1293 saxa
2971 1237 3178 1292 littorea
3191 1236 3614 1293 exscindentibus
3629 1277 3645 1303 ,
3665 1238 3778 1293 aliis
3795 1241 3931 1297 imos

2377 1326 2588 1381 collium
2636 1326 2798 1381 clivos
2859 1325 3287 1398 explanantibus,
3353 1325 3464 1379 aliis
3515 1327 3663 1381 sinus
3721 1326 3932 1383 vallium

2375 1412 2742 1467 obruentibus.
2772 1413 2898 1467 Haec
2923 1411 3264 1466 commutatio
3297 1429 3383 1465 me
3410 1410 3661 1485 impedit,
3688 1430 3798 1484 quo
3831 1415 3932 1470 mi·

2375 1516 2476 1552 nus
2505 1498 2748 1571 judicare
2773 1497 3023 1561 audeam.
3069 1516 3140 1554 an
3175 1497 3561 1553 Palinormicon
3603 1498 3761 1554 fuerit
3778 1498 3932 1573 juxta

2375 1584 2518 1639 collis
2553 1586 2806 1657 Metopici
2845 1585 3267 1657 promontorium
3283 1624 3300 1650 ,
3339 1603 3408 1638 an
3450 1584 3516 1640 ad
3549 1584 3752 1639 radices
3786 1587 3931 1641 collis

2375 1674 2654 1727 eminentis
2675 1675 2734 1727 in
2764 1674 2954 1727 scalam
2977 1672 3300 1728 commercii.
3329 1672 3446 1727 Hoc
3479 1689 3650 1727 unum
3687 1672 3931 1729 arbitrari

2375 1776 2588 1831 possum
2618 1759 3006 1815 Palinormicon
3034 1758 3190 1813 fuisse
3225 1756 3514 1812 secundum
3541 1756 3744 1813 radices
3777 1758 3930 1816 alter-

2379 1846 2547 1901 utrius
2600 1847 2798 1903 horum
2835 1846 3068 1901 collium.
3116 1850 3160 1902 A
3207 1845 3440 1901 vallicula
3477 1847 3606 1918 regii
3647 1845 3822 1914 horti,
3863 1848 3932 1903 ad

2375 1951 2533 2005 quam
2555 1932 2844 2007 conjectavi
2872 1933 3028 1988 fuisse
3047 1934 3378 1989 Thermastin
3396 1944 3598 2007 petram
3613 1972 3631 2000 ,
3653 1952 3750 1989 ora
3771 1936 3930 1991 mari-

2377 2024 2503 2076 tima
2517 2061 2534 2089 ,
2565 2039 2682 2095 quae
2710 2020 3031 2091 dirigebatur
3066 2020 3136 2075 ad
3169 2022 3547 2093 septentriones
3563 2062 3580 2089 ,
3610 2022 3836 2077 flectitur
3860 2022 3930 2078 ad

2373 2108 2576 2182 plagam
2612 2109 2730 2164 coeti
2771 2108 2999 2163 mediam
3023 2109 3162 2163 inter
3181 2108 3498 2163 solstitialem
3519 2120 3574 2163 et
3597 2110 3931 2181 equinoctia-

2376 2197 2476 2252 lem
2495 2208 2675 2252 ortum
2701 2213 2717 2250 ι
2743 2197 2800 2250 in
2828 2214 2932 2268 qua
2957 2196 3106 2269 plaga
3129 2196 3269 2267 longi
3294 2194 3488 2269 latique
3507 2196 3649 2252 horti
3678 2200 3930 2254 Rostanni

2375 2287 2545 2340 Basse
2592 2296 2648 2341 et
2682 2284 2968 2341 AEnobarbi
3015 2286 3169 2355 regiae
3215 2284 3360 2340 classi
3410 2284 3636 2359 prefecti
3653 2326 3670 2354 ,
3713 2285 3930 2361 ejusque

2377 2370 2714 2444 sepulchrum
2733 2368 2886 2442 juxta
2907 2370 3052 2424 littus
3073 2372 3232 2425 situm
3249 2410 3266 2437 ,
3293 2372 3698 2427 circumclusum
3717 2373 3931 2429 edicula

2377 2455 2606 2511 rotunda
2651 2455 2921 2511 desinente
2958 2457 3016 2510 in
3061 2474 3351 2511 convexum
3367 2496 3384 2522 ,
3434 2457 3618 2528 tegulis
3671 2457 3930 2531 plumbeis

2379 2552 2547 2610 tecta;
2567 2542 2796 2597 aediculae
2819 2560 2940 2597 area
2956 2542 3209 2615 quadrata
3233 2544 3575 2617 circumsepta
3603 2548 3796 2614 muris,
3822 2547 3932 2620 pla·

2381 2630 2516 2685 tanis
2539 2640 2594 2685 et
2607 2629 2816 2703 populis
2841 2628 3188 2686 adumbrata:
3217 2639 3271 2684 et
3295 2648 3363 2684 ne
3385 2632 3545 2685 maris
3569 2633 3759 2687 fluctus
3787 2651 3929 2687 mor-

2382 2727 2534 2772 tuum
2559 2719 2786 2791 piratam
2815 2715 3178 2787 submergant,
3207 2734 3364 2789 quem
3391 2718 3571 2771 vivttm
3595 2718 3928 2791 submergere

2379 2822 2490 2859 non
2533 2815 2853 2877 potuerunt,
2880 2821 3004 2859 cum
3048 2803 3159 2857 aliis
3200 2803 3335 2857 saxis
3375 2802 3522 2858 littus
3561 2805 3928 2873 muniverunt,

2381 2900 2494 2945 tum
2521 2890 2728 2945 duabus
2751 2890 3008 2945 columnis
3035 2889 3308 2945 marmoris
3329 2888 3572 2955 Tbebaei,
3603 2898 3755 2945 terrae
3783 2902 3930 2947 motu

2379 2976 2646 3050 collapsis,
2676 2996 2708 3032 a
2739 2976 2931 3049 quibus
2956 2975 3214 3031 stantibus
3245 2975 3448 3030 vicinus
3473 2976 3620 3031 vicus
3653 2978 3928 3049 proximus

2379 3064 2664 3136 appellatus
2689 3072 2770 3118 est
2789 3063 3067 3135 Diplocion
3083 3104 3100 3130 ,
3125 3064 3438 3119 constitutus
3458 3064 3514 3117 in
3538 3064 3800 3119 maritima
3823 3065 3932 3137 pla-

2377 3150 2532 3217 nitie,
2559 3147 2712 3222 eujus
2741 3146 2965 3221 plurima
3009 3166 3131 3221 pars
3163 3158 3304 3220 patet
3338 3149 3396 3202 in
3426 3148 3759 3204 latitudinem
3799 3167 3929 3222 qua-

2378 3235 2780 3307 dringentorum
2800 3251 3065 3307 passuum,
3085 3244 3140 3289 et
3156 3233 3394 3306 amplius,
3415 3252 3538 3289 cum
3554 3235 3850 3291 insinuatur
3873 3239 3930 3291 in

2379 3319 2512 3375 duas
2558 3320 2744 3386 valles,
2785 3336 3007 3389 quarum
3051 3336 3158 3373 una
3208 3317 3530 3374 diffunditur
3569 3320 3625 3373 in
3661 3320 3930 3393 planitiem

2378 3406 2719 3477 septingentis
2744 3403 2980 3475 passibus
3003 3403 3294 3475 longiorem
3308 3441 3326 3470 ,
3362 3402 3531 3459 bortis
3557 3406 3898 3462 collucentem
3909 3446 3927 3473 ‚

2379 3491 2718 3565 fontibusque
2748 3490 3066 3563 perennibus
3083 3531 3100 3559 ,
3143 3492 3390 3564 utrinque
3437 3491 3638 3549 collinis
3675 3493 3839 3548 vineis
3879 3505 3933 3549 et

2378 3582 2514 3652 agris
2549 3578 2906 3635 frumentariis
2931 3581 3156 3636 cinctam
3172 3620 3189 3648 ,
3215 3582 3272 3635 in
3299 3600 3404 3654 qua
3443 3592 3522 3636 est
3567 3582 3713 3637 vicus
3748 3583 3931 3656 Diplo-

2378 3668 2498 3721 cion
2514 3706 2532 3734 ‚
2563 3665 2657 3721 ubi
2685 3666 2813 3721 olim
2837 3664 2996 3721 fuisse
3025 3667 3297 3723 Jasonium
3321 3686 3570 3741 aramque
3600 3670 3852 3740 Apollinis
3879 3682 3932 3725 et

2378 3753 2558 3809 lucum
2603 3750 2886 3827 profunda
2923 3752 3100 3807 laurus
3143 3752 3365 3825 conjicio
3397 3772 3518 3809 eum
3542 3773 3609 3810 ex
3657 3773 3755 3822 eo,
3787 3755 3932 3829 quod

2377 3842 2508 3896 situs
2547 3842 2638 3896 bie
2664 3842 2813 3896 locus
2837 3850 2916 3896 est
2939 3842 2996 3895 in
3025 3840 3197 3896 littore
3235 3840 3392 3913 longo
3420 3844 3586 3897 ventis
3630 3842 3932 3901 meridianis

2381 3926 2722 4001 occiduisque
2747 3928 3012 3999 exposito,
3047 3938 3108 3982 ut
3131 3928 3206 3982 ait
3237 3927 3548 3999 Dionysius,
3589 3937 3706 3982 tum
3729 3947 3794 3985 ex
3821 3930 3932 4002 ejus

2384 4012 2568 4067 ordine
2593 4010 2848 4069 narrandi
2874 4024 2995 4069 ante
3020 4011 3162 4069 dicta
3179 4012 3294 4069 loca
3327 4024 3380 4069 et
3405 4018 3796 4089 consequentia.
3823 4020 3931 4073 Lo·

2380 4118 2504 4156 cum
2519 4140 2536 4168 ,
2580 4100 2676 4156 ubi
2708 4100 2811 4156 fuit
2845 4118 2936 4155 ara
2977 4100 3228 4173 Apollinis
3253 4111 3306 4154 et
3339 4118 3560 4172 magnus
3585 4102 3736 4157 lucus
3762 4101 3932 4159 lauro-

2382 4204 2533 4251 rum,
2581 4203 2710 4241 vero
2759 4187 3062 4259 proximum
3113 4184 3319 4240 videtur
3363 4204 3485 4241 eum
3535 4186 3694 4242 fuisse
3707 4226 3726 4255 ‚
3773 4206 3932 4261 quem

2382 4273 2578 4346 posteri
2602 4271 2929 4347 appellarunt
2955 4271 3212 4345 Daphnen
3227 4311 3244 4339 ,
3276 4270 3426 4345 cujus
3451 4274 3692 4329 meminit
3715 4274 3933 4349 Stepha-

2386 4378 2488 4415 nus
2505 4372 2548 4415 2.
2588 4384 2612 4407 ι
2632 4358 2882 4433 Daphne,
2911 4358 3083 4432 inquit
3098 4398 3115 4427 ,
3149 4362 3338 4415 Insana
3361 4370 3543 4433 portus
3581 4371 3660 4416 est
3695 4360 3846 4434 juxta
3871 4380 3932 4419 os

2384 4450 2538 4504 Ponti
2556 4490 2572 4514 ‚
2605 4450 2660 4503 in
2697 4446 2882 4503 dextro
2918 4448 3092 4502 littore
3129 4448 3437 4503 constitutus
3463 4450 3824 4521 navigantibus
3863 4450 3933 4505 ad

2383 4538 2644 4601 Pontum;
2684 4536 2742 4589 in
2767 4535 2977 4589 sinistro
3004 4553 3126 4590 vero
3151 4534 3548 4591 ascendentibus
3573 4535 3642 4591 ad
3667 4538 3931 4610 Anaplum

2385 4632 2552 4676 exstat
2574 4619 2890 4675 suburbium
2916 4620 3138 4693 Daphne
3171 4632 3528 4693 nuncupatum
3542 4661 3559 4688 ,
3589 4620 3736 4693 quod
3776 4624 3932 4679 etiam

744 4712 884 4778 stin3
929 4728 1051 4765 nam
1064 4749 1081 4774 ,
1110 4719 1174 4763 ut
1210 4711 1321 4783 ipse
1361 4712 1435 4763 ait
1450 4747 1466 4773 ,
1509 4708 1620 4762 hoec
1666 4726 1787 4763 acra
1830 4706 2194 4796 insinuabatur
2240 4707 2297 4760 in
2331 4718 2341 4763 ι
2385 4706 2671 4779 appellatur
2684 4707 2940 4777 Sergium.
2961 4731 2984 4755 ι
3004 4706 3078 4761 Ex
3093 4707 3349 4779 Procopio
3361 4706 3574 4779 aliisque
3583 4708 3932 4764 scribentibus

822 4887 878 4925 1r
899 4870 1229 4923 Thermastin
1248 4879 1445 4940 petram
1466 4868 1761 4921 etiamnunc
1775 4886 1805 4920 e
1832 4869 1963 4921 inari
1991 4884 2155 4939 prope
2172 4868 2299 4920 Dol-

2457 4884 2510 4920 2.
2563 4867 2853 4938 Stephanus
2882 4886 2931 4923 v,
2969 4868 3130 4938 Δάφνη
3173 4882 3186 4919 :
3240 4864 3382 4920 Ἐστι
3415 4866 3498 4921 καὶ
3535 4865 3688 4941 λιμὴν
3732 4870 3930 4941 Δάφνῃ

746 4946 1063 5016 mabagdeloe
1108 4946 1366 5012 eminere,
1393 4946 1671 5018 vocarique
1706 4944 1981 4999 Kabatacla
2008 4942 2298 5015 (grandem
2385 4946 2728 5017 μαινομένη
2765 4942 2814 4997 ἰν
2849 4950 2920 5017 τῷ
2957 4948 3161 5015 στόματι
3205 4948 3293 4998 τοῦ
3328 4946 3518 5001 Πόντου
3559 4946 3608 5001 ἐν
3649 4947 3781 5020 δεξιᾷ
3819 4948 3934 5003 ἀνα-

742 5023 1017 5098 lapidem),
1036 5022 1105 5078 ad
1118 5040 1335 5096 eamque
1346 5040 1519 5091 naves,
1542 5034 1817 5095 postquam
1842 5021 2294 5095 Constantinopoli

2381 5022 2598 5078 πλέοντι.
2641 5022 2788 5076 Ἔστι
2811 5021 2894 5076 καὶ
2925 5024 3209 5095 προάστειον
3236 5023 3401 5097 Δάφνη
3430 5024 3479 5081 ἓν
3509 5030 3582 5099 τῷ
3608 5028 3816 5099 στόματι
3845 5032 3932 5081 τοῦ

742 5103 1033 5169 solvissent,
1064 5102 1343 5157 subsistere
1361 5104 1419 5157 in
1439 5102 1679 5157 anchoris
1698 5102 1890 5169 solere,
1914 5113 1976 5156 ut
1996 5100 2078 5157 vel
2103 5119 2291 5175 aquam
2379 5101 2571 5156 Πόντου
2587 5142 2604 5169 ,
2632 5099 2684 5157 ἰν
2713 5100 2938 5175 ἀριστερᾷ
2962 5100 3041 5157 ἐπὶ
3062 5100 3147 5157 τὸν
3182 5100 3443 5163 Ἆνάπλουν
3474 5078 3692 5159 Σνιοῦσιν
3705 5143 3723 5171 ,
3761 5104 3828 5177 [ὃ
3852 5105 3933 5159 λέ-

744 5183 824 5238 vel
848 5200 1048 5241 merces
1067 5181 1147 5237 vel
1170 5193 1399 5238 vectores
1417 5192 1701 5250 assumant,
1727 5180 1887 5237 refert
1900 5182 2215 5235 Hammerus
2234 5183 2294 5235 in
2378 5181 2752 5253 γιταιΣίργιον,
2774 5182 3090 5254 excerptoris
3113 5179 3596 5255 additamentum}
3617 5183 3938 5253 Stephanum

742 5262 876 5317 libro
896 5261 963 5317 de
982 5264 1240 5335 Bosporo.

2377 5260 2649 5334 exscripsit
2669 5260 2906 5315 Eustath.
2935 5259 3001 5313 ad
3028 5261 3190 5314 Dion.
3223 5274 3370 5339 9ιὸι

3705 5352 3750 5393 S·
