4584 6284
1859 438 1870 454 ⁰
1883 425 2686 498 PSEUDOPLUTARCHUS

686 549 934 630 φοτέρας,
974 551 1223 631 αἰφνίδιος
1247 551 1300 622 ἐξ
1327 555 1544 634 οὐρανοῦ
1571 555 1904 635 κατενεχθεὶς
1933 557 2103 640 ἀστὴρ
2130 561 2238 620 zve-
2324 583 2669 645 exspectaret,
2699 574 2979 651 derepente
3003 580 3146 636 stella
3165 581 3234 636 de
3262 583 3396 639 coelo
3422 585 3591 642 delata
3612 589 3801 646 cecidit
3822 593 3883 648 in

681 658 836 698 πεσεν
863 645 969 706 τοῖς
995 639 1393 718 Εὖρυθεμίστης
1429 640 1598 717 ὤμοις
1644 640 1736 703 καὶ
1764 641 1968 724 ἀφανὴς
2016 645 2236 726 ἐγένετο.

683 724 902 794 Βοιωτὸς
950 724 1005 786 δὲ
1047 726 1106 785 τὸ
1139 727 1529 805 σημαινόμενον
1559 728 1757 802 νοήσας
1806 731 1902 803 τὴν
1941 732 2036 808 μὲν
2076 735 2237 815 κόρην

679 809 904 891 ἔγημεν,
933 812 994 872 τὸ
1019 811 1074 872 δὲ
1101 813 1218 892 ὄρος
1237 814 1512 892 ὠνόμασεν
1557 813 1824 898 Ἀστέριον
1854 819 1960 879 ἀπὸ
1991 826 2082 878 τοῦ
2109 844 2235 900 συγ-

679 899 996 980 κυρήματος.
1077 897 1339 982 ’Υστερον
1365 901 1421 962 δὲ
1448 902 1643 975 ἐκλήθη
1672 904 1938 986 Κιθαιρὼν
1967 906 2033 966 δι’
2065 909 2234 971 αἰτίαν

675 987 936 1062 τοιαύτην.
1020 989 1280 1072 Τισιφόνη
1325 991 1422 1066 μία
1449 995 1554 1050 τῶν
1578 991 1831 1074 Ἐρινύων
1863 997 1934 1063 εἰς
1956 996 2234 1077 ἐπιθυμίαν

675 1077 977 1154 ἀμπεσοῦσα
1026 1079 1212 1146 παιδὸς
1257 1079 1572 1159 εὖπρεποῗῖς,
1622 1083 1946 1162 Κιθαιρῶνος
1983 1084 2232 1163 τοῦνομα,

674 1163 765 1224 καὶ
793 1164 868 1241 μὴ
896 1163 1156 1248 στέγουσα
1191 1163 1288 1237 τὴν
1332 1164 1568 1226 ἐπίτασιν
1614 1170 1716 1228 τῶν
1760 1167 1964 1252 ἐρώτων
1979 1213 1998 1245 ,
2051 1171 2232 1254 λόγους

674 1254 816 1336 αὖτῷ
855 1253 976 1335 περὶ
1007 1251 1234 1315 συνόδων
1274 1254 1596 1314 ἀπέστειλαν·
1631 1258 1661 1315 6
1687 1256 1743 1317 δὲ
1769 1258 1830 1317 τὸ
1861 1262 2232 1335 καταπληκτι-

673 1338 762 1399 κὸν
791 1344 886 1413 τῆς
911 1338 1293 1422 προειρημένης
1312 1340 1548 1422 φοὸηθεὶς
1567 1342 1680 1404 οὐδὲ
1707 1346 2032 1426 ἀποκρίσεως
2060 1349 2226 1424 αὖτὴν

671 1427 910 1500 ἠξίωσεν·
949 1435 985 1502 ἡ
1028 1428 1085 1489 δὲ
1115 1431 1452 1510 ἀποτυχοῦσα
1497 1434 1591 1503 τῆς
1634 1435 1981 1516 προαιρέσεως
2017 1438 2079 1496 ἔκ
2121 1442 2226 1500 τῶν

667 1517 960 1595 πλοκάμων
983 1514 1078 1577 ἵνα
1095 1518 1200 1575 τῶν
1233 1516 1524 1596 δρακόντων
1553 1518 1855 1582 ἀπέσπασεν
1879 1523 1972 1582 καὶ
2009 1524 2097 1584 ἀπὶ
2132 1526 2224 1587 τὸν

667 1604 999 1687 ὑπερήφανον
1021 1603 1228 1664 δὸαλεν·
1261 1608 1290 1664 6
1319 1604 1372 1665 δὲ
1391 1605 1500 1688 ὄφις
1519 1611 1631 1675 τοῖς
1652 1608 1865 1678 κόλποις
1884 1613 2224 1694 περισφίγξας

672 1691 826 1751 αὐτὸν
872 1693 1071 1752 ἀνεῖλεν
1121 1691 1378 1774 Ἀστερίου
1419 1694 1761 1774 ποιμαίνοντα
1801 1700 1854 1757 ἰν
1895 1706 2012 1768 ταῖς
2046 1703 2223 1781 ἀκρω-

674 1777 850 1860 ρείαις.
933 1779 1088 1841 Κατὰ
1124 1781 1178 1840 δὲ
1221 1783 1464 1863 πρόνοιαν
1513 1788 1641 1843 θεῶν
1687 1783 1748 1844 τὸ
1789 1786 1902 1866 ὄρος
1931 1788 2023 1846 ἀπ’
2060 1788 2219 1850 αὗτοῢ

675 1865 1055 1943 μετωνομάσθη
1085 1868 1347 1948 Κιθαιρὼν
1367 1916 1385 1949 ,
1427 1868 1595 1941 καθὼς
1640 1872 1836 1954 ἱστορεῖ
1866 1873 2018 1935 Λέων
2052 1878 2081 1934 6
2111 1879 2215 1937 Bu·

672 1953 875 2024 ζάντιος
905 1956 956 2014 έν
980 1964 1086 2024 τοῖς
1115 1959 1465 2027 Βοιωτιακοῖς.

749 2063 797 2105 s.
842 2042 1200 2124 Ἑρμησιάναξ
1251 2045 1306 2106 δὲ
1343 2051 1372 2107 6
1420 2046 1653 2130 Κύπριος
1695 2047 1924 2132 ἱστορίας
1951 2049 2217 2129 μέμνηται

669 2131 930 2206 τοιαύτης.
1016 2130 1243 2195 Ἑλικὼν
1273 2136 1362 2196 καὶ
1390 2135 1655 2217 Κιθαιρὼν
1687 2137 1898 2218 ἀδελφοὶ
1921 2139 2211 2220 τυγχάνον-
2231 2161 2245 2173 “

666 2242 752 2287 τες
781 2219 1055 2302 διαφόρως
1091 2219 1245 2304 ἔσχον
1274 2226 1374 2282 τῶν
1400 2223 1604 2306 τρόπων
1633 2224 1727 2295 τὰς
1769 2225 2034 2297 διαθέσεις·
2062 2232 2091 2288 6
2119 2227 2214 2310 μὲν

663 2307 768 2391 γὰρ
794 2305 1022 2370 Ἑλικὼν
1045 2311 1327 2394 πρᾳότερος
1354 2312 1602 2396 ὗπάρχων
1640 2311 1732 2373 καὶ
1758 2309 2038 2394 πρόσηνὴς,
2081 2339 2212 2393 συμ·

664 2400 847 2464 παθῶς
874 2396 1216 2477 ὄγηροόόσκει
1254 2397 1369 2467 τοὺς
1389 2409 1571 2479 γονεῖς·
1598 2406 1629 2462 6
1659 2401 1714 2460 δὲ
1759 2401 2030 2482 Κιθαιρὼν
2057 2405 2211 2465 πλεο-

661 2481 842 2557 νέκτης
866 2483 1141 2565 τυγχάνων
1167 2485 1257 2545 καὶ
1274 2485 1435 2545 θέλων
1459 2489 1532 2555 εἷς
1558 2485 1746 2547 ἑαυτὸν
1771 2493 2099 2566 μεταστῆσαι
2115 2489 2209 2561 τὴν

659 2570 865 2646 οὖσίαν,
897 2574 1103 2650 πρῶτον
1129 2571 1226 2650 μὲν
1254 2571 1525 2655 ἐφόνευσεν
1551 2573 1641 2635 τὸν
1662 2575 2009 2653 γεννήσαντα,
2039 2577 2128 2637 τὸν
2151 2577 2206 2636 δὲ

655 2659 873 2742 ἀδελφὸν
900 2659 955 2730 ἕξ
980 2658 1188 2740 ἀνέδρας
1213 2660 1644 2743 κατακρημνίζων
1660 2707 1676 2734 ,
1700 2661 1793 2721 καὶ
1816 2662 1967 2730 αὐτὸς
1995 2685 2197 2744 συγκα-

650 2744 902 2828 τηνίχθη·
947 2745 1087 2806 κατὰ
1133 2745 1189 2806 δὲ
1229 2751 1355 2808 θεῶν
1399 2747 1649 2830 πρόνοιαν
1690 2749 1762 2817 εἰς
1803 2748 2059 2827 ὁμώνυμα
2109 2751 2204 2833 ὄρη

651 2832 1141 2914 μεταμορφωθέντες
1168 2833 1399 2913 ἐγένοντο
1428 2833 1693 2915 Κιθαιρὼν
1719 2833 1816 2913 μὶν
1846 2835 1930 2895 διὰ
1952 2835 2050 2909 τὴν
2078 2837 2201 2898 ἀσέ-

641 2917 791 2979 &nav
823 2919 1072 3002 Ἐρινύων
1117 2923 1304 3004 μυχός,
1350 2920 1578 2985 Ἑλικὼν
1618 2921 1674 2983 δὲ
1723 2921 1810 2984 διὰ
1837 2923 2202 3006 φιλοστοργίαν

645 3009 870 3068 Μουσῶν
901 3009 1232 3088 ἐνδιαίτημα.

1203 3163 1304 3224 111.
1349 3166 1622 3226 ΕΒΡΟΣ.

720 3342 760 3382 1.
801 3320 997 3402 Ἕὸρος
1023 3323 1258 3401 ποταμός
1277 3327 1389 3386 ἐστι
1406 3332 1496 3399 τῆς
1524 3328 1762 3409 Θρᾴκης.
1804 3327 2120 3414 [Ἐκαλεῖτο
2147 3331 2200 3390 δὲ

641 3408 890 3490 πρότερον
908 3407 1155 3488 Ῥόμὸος,
1188 3409 1318 3496 τὴν]
1349 3415 1704 3496 προσηγορίαν
1725 3414 1950 3496 εἰληφὼς
1977 3415 2084 3477 ἀπὸ
2108 3421 2202 3491 τῆς

641 3502 930 3583 συστροφῆς
952 3505 1045 3574 τῆς
1072 3511 1374 3584 καταφορᾶς
1401 3509 1491 3563 τοῦ
1528 3502 1737 3574 ὕδατος.
1783 3504 2096 3586 Κάσανδρος
2117 3504 2196 3580 δὲ,

641 3590 670 3645 6
694 3587 934 3667 βασιλεὺς
957 3592 1058 3649 τῶν
1086 3589 1293 3664 τόπων,
1338 3591 1518 3669 γήμας
1558 3591 1882 3674 Κροτονίκην
1926 3591 2197 3675 ἐγέννησεν

642 3673 695 3744 ἐξ
727 3676 885 3750 αὐτῆς
904 3677 1008 3737 υἱὸν
1039 3674 1262 3759 Ἕὸρον·
1305 3679 1700 3760 ἀποταξάμενος
1727 3679 1782 3741 δὲ
1810 3687 1877 3764 τῇ
1908 3680 2197 3760 συμὸιιίισει

640 3767 734 3835 τῆς
758 3765 1009 3848 προτέρας
1031 3765 1267 3849 γυναικὸς
1288 3768 1521 3847 ἐπέγημε
1538 3773 1616 3852 τῷ
1639 3769 1806 3851 τέκνῳ
1827 3769 2192 3850 Δαμασίππην

637 3850 733 3924 τὴν
758 3849 1026 3936 Ἄτρακος·
1054 3855 1171 3929 ἥτις
1198 3859 1272 3926 εἰς
1303 3857 1580 3935 ἐπιθυμίαν
1605 3859 1912 3935 ἔμπεσοῗῖσα
1943 3863 2038 3919 τοῦ
2059 3883 2189 3941 προ-

635 3939 788 4017 γόνου
812 3941 996 4021 λόγους
1023 3945 1166 4027 αὗτῷ
1191 3944 1313 4026 περὶ
1340 3947 1570 4006 συνόδων
1595 3946 1928 4009 ἀπέστειλεν.
1955 3945 2023 4009 Ὁ
2053 3945 2100 4006 δ’
2121 3951 2191 4016 ὡς

639 4026 851 4108 Ἐρινὺν
879 4029 1054 4110 φυγὼν
1081 4030 1178 4106 τὴν
1207 4033 1467 4114 μητρυιὰν
1496 4035 1879 4116 προσηυκαίρει
1903 4033 2189 4114 κυνηγίαις.

635 4114 990 4198 Ἀποτυχοῢσα
1020 4119 1076 4179 32
1107 4125 1202 4195 τῆς
1229 4122 1582 4203 προαιρέσεως
1611 4127 1645 4195 ἡ
1678 4123 1905 4203 ἀσελγὴς
1935 4124 2188 4206 κατεψεύ·

639 4222 768 4262 σατο
787 4209 877 4264 τοῦ
909 4203 1196 4285 σώφρονος,
1226 4211 1297 4276 ὣς
1327 4209 1612 4288 βιάσασθαι
1646 4209 1809 4282 αὗτὴν
1855 4209 2184 4283 θελήσαντος.

632 4288 943 4370 ,Κάσανδρος
978 4293 1032 4352 δὲ
1061 4297 1137 4375 τῷ
1182 4294 1323 4377 ζήλῳ
1361 4295 1816 4379 συμπεριενεχθεὶς
1860 4296 1975 4377 μεθ’
2024 4300 2186 4376 ὁρμῆς

625 4374 725 4435 ,ἐπὶ
757 4375 851 4449 τὴν
879 4377 1005 4454 ὕλην
1031 4381 1226 4463 ἠνέχθη
1267 4382 1358 4444 καὶ
1388 4385 1722 4463 σπασάμενος
1752 4386 1813 4446 τὸ
1843 4385 1982 4468 ξίφος
2001 4386 2184 4446 ἐδίωκε

711 4607 818 4672 Sa.
841 4605 1080 4679 ἐνέπεσεν]
1105 4607 1270 4662 ἔπεσεν
1285 4609 1429 4676 cod.;
1453 4629 1558 4664 em.
1588 4615 1671 4664 W.
1702 4614 1724 4682 ΙΙ
1747 4643 1806 4653 -
1835 4613 2183 4685 ποιμαίνοντα]

619 4687 978 4759 ,ποιμαίνοντος
997 4686 1143 4754 cod.;
1171 4705 1274 4744 em.
1299 4692 1376 4744 M.

687 4769 719 4836 S
745 4767 801 4822 3.
831 4764 1157 4838 ἔγηροὸόσκει
1194 4785 1226 4822 e
1257 4765 1394 4838 conj.
1420 4767 1822 4843 Wyttenbacbii
1836 4789 1854 4836 ς
1884 4767 2194 4842 γηροὸοσκεῑ·

624 4845 746 4901 ood.
781 4846 804 4917 ΙΙ
827 4873 902 4886 -
923 4845 1114 4919 μυχός]
1144 4846 1292 4920 μῦθος
1326 4846 1470 4914 cod.;
1511 4865 1617 4905 em.
1659 4847 1928 4903 Barth.ad
1966 4849 2096 4903 Stat.
2127 4867 2180 4918 9,

616 4941 678 4995 p.
710 4941 846 4994 ¹⁰⁰9
873 4933 928 4977 et
952 4925 1043 4978 W.

692 5005 802 5070 111,
821 5005 851 5073 S
877 5020 928 5061 1.
947 5003 1160 5059 Inclusa
1190 5005 1448 5078 supplevit
1467 5005 1784 5065 Dodwellus.
1810 5007 1834 5080 ΙΙ
1854 5039 1925 5050 -
1945 5006 2176 5080 εἰληφὼς]

623 5079 730 5154 εἶφὴ
773 5082 841 5146 ὣς
886 5083 1010 5153 (sic)
1036 5082 1183 5150 cod.;
1212 5102 1316 5142 em.
1340 5086 1542 5140 Bestius
1577 5087 1676 5159 Ep.
1702 5088 1822 5144 crit.
1845 5105 1904 5160 p.
1937 5087 2025 5152 54.
2062 5087 2085 5158 ΙΙ
2107 5117 2179 5130 -

621 5160 676 5216 δὲ
707 5171 828 5235 post
864 5179 916 5217 v.
961 5161 1340 5236 Κάσανδρος’·ἰῃ
1395 5165 1576 5220 codice
1621 5163 1858 5222 additum
1895 5177 1976 5222 est
2019 5184 2178 5222 manu

2325 664 2571 722 humeros
2611 670 3045 742 Eut-ythmum,
3072 686 3125 730 et
3166 676 3340 732 statim
3390 685 3621 739 evanuit.
3666 687 3883 742 Boeotus

2325 761 2500 832 igitur,
2518 764 2776 820 intellecto
2784 779 3051 838 portento,
3064 770 3201 825 illam
3214 772 3439 844 puellam
3456 775 3631 842 duxit,
3644 793 3881 837 montem

2325 873 2449 910 vero
2460 856 2730 914 abeocasu
2750 863 3004 918 Asterium
3020 866 3240 922 vocavit.
3256 867 3403 922 Idem
3418 881 3600 942 postea
3610 875 3879 932 Citheron

2322 949 2492 1006 dictus
2512 965 2586 1008 est
2612 953 2708 1009 hac
2729 955 2795 1011 de
2822 977 2995 1014 causa.
3041 967 3219 1033 Quum
3241 969 3551 1041 Tisiphone,
3580 972 3879 1046 Erinnyum

2324 1059 2427 1096 una
2443 1083 2459 1109 ,
2502 1045 2809 1101 Cithaeronis
2825 1088 2840 1115 ,
2874 1055 3024 1122 pueri
3060 1055 3357 1126 pulcerrimi
3372 1100 3389 1126 ,
3418 1079 3599 1118 amore
3634 1075 3879 1138 compta

2319 1143 2479 1197 esset,
2524 1145 2576 1190 et
2600 1136 2858 1210 cupidinis
2903 1141 3277 1202 vehementiam
3312 1150 3484 1206 celare
3518 1170 3630 1207 non
3664 1169 3869 1226 posset,

2318 1224 2461 1278 misit
2486 1227 2577 1298 qui
2600 1226 2668 1281 de
2700 1245 2977 1301 congressu
3000 1251 3121 1290 cum
3142 1254 3206 1292 eo
3238 1251 3435 1310 ageret.
3504 1243 3571 1298 At
3604 1243 3871 1301 Cithaeron

2318 1319 2491 1374 Furiae
2517 1319 2787 1386 bonorem
2813 1341 3031 1394 exosus,
3059 1345 3128 1384 ne
3164 1348 3475 1404 responsum
3502 1335 3717 1408 quidem
3744 1336 3875 1394 dare

2314 1411 2363 1464 ei
2406 1411 2647 1483 dignatus
2687 1424 2783 1472 est.
2824 1414 2982 1471 Unde
3026 1437 3153 1476 vana
3201 1440 3295 1495 spe
3340 1424 3521 1482 delusa
3560 1446 3592 1483 e
3630 1430 3869 1490 crinibus

2314 1516 2615 1576 serpentum
2656 1524 2823 1564 unum
2869 1509 3058 1566 avulsit
3098 1523 3151 1568 et
3192 1514 3249 1570 in
3293 1519 3581 1590 superbum
3612 1519 3871 1594 juvenem

2310 1593 2557 1666 projecit,
2609 1616 2765 1670 quem
2812 1619 3028 1676 serpens
3082 1606 3305 1662 nexibus
3346 1612 3455 1665 suis
3498 1615 3866 1686 constringens

2310 1685 2576 1740 interemit
2589 1727 2606 1754 ,
2635 1688 2689 1742 in
2718 1692 2911 1746 Asterii
2934 1694 3129 1748 montis
3158 1698 3517 1754 cacuminibus
3537 1719 3715 1773 greges
3741 1717 3871 1762 tunc

2308 1779 2559 1849 temporis
2603 1793 2922 1852 pascentem.
3024 1786 3138 1840 Diis
3178 1799 3355 1844 autem
3410 1793 3483 1846 ita
3534 1793 3863 1865 volentibus,

2308 1889 2459 1926 mons
2486 1871 2573 1928 ille
2596 1875 2664 1930 ab
2690 1894 2755 1930 eo
2783 1887 2997 1933 vocatus
3019 1890 3098 1935 est
3129 1881 3424 1954 Cithaerou,
3456 1895 3517 1941 ut
3542 1901 3721 1946 narrat
3756 1893 3867 1947 Leo

2306 1965 2581 2036 Byzantius
2606 1967 2661 2020 in
2688 1967 2835 2023 libris
2856 1968 2939 2024 De
2960 1970 3118 2025 rebus
3152 1975 3386 2030 Boeotiae.

2375 2049 2430 2109 3.
2466 2053 2837 2110 Hermesianax
2864 2073 2991 2113 vero
3016 2059 3237 2132 Cyprius
3255 2060 3412 2135 hujus
3432 2067 3677 2122 meminit
3696 2069 3867 2127 histo-

2302 2149 2414 2203 τίω.
2440 2147 2651 2204 Helicon
2662 2151 2991 2208 etCitheron
3008 2151 3191 2210 fratres
3214 2155 3433 2214 diversis
3455 2171 3609 2216 erant
3623 2165 3862 2222 moribus

2300 2243 2538 2318 praediti3
2569 2244 2787 2302 Helicon
2826 2248 2971 2304 enim
3013 2248 3180 2305 dulcis
3222 2262 3277 2306 et
3316 2253 3575 2325 benignus
3618 2272 3861 2330 parentes

2299 2339 2528 2393 seniores
2552 2340 2853 2398 humaniter
2878 2345 3175 2412 nutriebat;
3205 2347 3472 2404 Citbaeron
3503 2367 3632 2407 vero
3651 2355 3861 2412 avidior

2297 2441 2350 2485 et
2378 2433 2654 2490 corradere
2673 2453 2885 2493 omnem
2904 2438 3242 2497 substantiam
3268 2445 3597 2516 pei-cupiens,
3624 2449 3858 2519 primum

2295 2525 2511 2598 quidem
2552 2528 2749 2584 occidit
2785 2541 3023 2603 patrem,
3068 2531 3259 2589 deinde
3287 2534 3502 2592 fratrem
3536 2557 3605 2594 ex
3650 2543 3857 2598 insidiis

2294 2622 2615 2695 precipitem
2640 2622 2815 2692 dedit,
2844 2624 2936 2680 sed
2960 2645 3081 2682 cum
3103 2646 3168 2683 eo
3195 2630 3418 2703 ipsemet
3452 2631 3670 2691 decidit.
3694 2639 3857 2694 Unde

2291 2717 2513 2774 deorum
2540 2720 2869 2792 providentia
2895 2742 3174 2781 conversus
3196 2739 3421 2802 uterque
3437 2735 3592 2786 estin
3616 2747 3853 2792 montem

2291 2818 2659 2888 cognominem
2674 2859 2692 2888 ,
2720 2829 2774 2874 et
2818 2821 3083 2877 Cithaeron
3112 2822 3330 2896 quidem
3368 2838 3587 2901 propter
3614 2832 3853 2904 impieta·

2291 2921 2398 2966 tem
2438 2913 2717 2967 Furiarum
2758 2930 2993 2968 recessus
3018 2913 3184 2972 sactus
3224 2929 3323 2986 est,
3370 2919 3589 2976 Helicon
3618 2941 3741 2980 vero
3776 2925 3852 2980 ob

2290 3005 2666 3064 humanitatem
2692 3011 2965 3064 Musarum
2994 3009 3339 3071 domicilium.

2863 3168 2973 3228 ΙΙΙ.
3015 3169 3337 3232 HEBRUS.

2365 3339 2414 3376 1.
2446 3322 2655 3377 Hebrus
2681 3324 2871 3378 fluvius
2894 3335 2975 3380 est
3004 3326 3271 3395 Thraciae,
3319 3329 3510 3404 [pr-ms
3552 3337 3849 3394 vocabatur

2287 3410 2610 3486 liberalem]
2652 3430 2847 3468 nomen
2879 3413 2984 3470 boc
3014 3425 3197 3470 nactus
3235 3416 3303 3471 ab
3345 3435 3495 3490 aquae
3556 3419 3843 3482 delabentis

2287 3502 2590 3559 vorticibus.
2623 3503 2927 3576 [umatum
2952 3523 3071 3560 vero
3091 3524 3271 3560 nomen
3292 3519 3371 3561 est
3392 3508 3494 3563 hac
3521 3509 3588 3564 de
3619 3517 3841 3590 musa]

2285 3589 2568 3659 Casander,
2592 3591 2731 3647 illius
2750 3594 2977 3664 regionis
3002 3611 3123 3659 rex,
3144 3593 3304 3649 ducta
3324 3597 3606 3654 Crotonice
3619 3643 3638 3667 ,
3666 3601 3837 3660 filium

2283 3703 2349 3740 ex
2376 3703 2438 3740 ea
2463 3685 2642 3757 genuit
2660 3684 2919 3752 Hebrum3
2943 3684 3135 3740 deinde
3148 3695 3325 3741 autem
3344 3687 3627 3760 repudiato
3646 3695 3840 3767 prioris

2287 3777 2466 3830 uxoris
2484 3775 2725 3831 convictu
2740 3815 2758 3843 ,
2788 3777 3141 3850 Damasippen
3157 3815 3175 3843 ,
3198 3776 3405 3832 Atracis
3430 3778 3590 3836 filiam
3607 3823 3625 3848 ,
3654 3801 3840 3841 nover-

2279 3885 2395 3921 cam
2420 3864 2729 3938 superduxit
2766 3864 2877 3920 filio
2891 3886 2908 3933 3
2946 3863 3097 3938 cujus
3137 3883 3317 3922 amore
3360 3881 3605 3943 correpta
3649 3873 3733 3929 illa
3769 3874 3838 3930 de

2276 3968 2557 4023 congressu
2600 3948 2670 4005 ad
2712 3951 2887 4025 ipsum
2925 3950 3083 4007 verba
3111 3950 3425 4025 perferenda
3468 3959 3692 4015 curavit.
3766 3965 3836 4017 At

2275 4039 2487 4094 Hebrus
2530 4056 2806 4094 novercam
2854 4039 3004 4111 quasi
3050 4041 3263 4095 Furiam
3314 4040 3521 4114 fugiens
3567 4048 3833 4101 venationi

2274 4123 2608 4195 indulgebat3
2656 4123 2845 4178 mulier
2887 4141 3015 4178 vero
3048 4125 3317 4198 impudica
3352 4144 3522 4199 quum
3564 4133 3833 4204 proposito

2271 4209 2576 4274 excidisset,
2598 4208 2725 4264 salso
2746 4210 3010 4263 accusavit
3034 4219 3411 4281 temperantem
3426 4211 3828 4283 adolescentem,

2272 4307 2333 4351 ut
2358 4297 2450 4369 qui
2470 4297 2575 4350 vim
2602 4295 2699 4367 ipsi
2726 4295 2920 4350 inferre
2937 4295 3199 4350 voluisset.
3292 4299 3431 4352 Tum
3460 4299 3724 4357 Casander
3742 4321 3829 4357 ze-

2269 4383 2463 4456 lotypia
2490 4382 2746 4436 excitatus
2774 4382 2955 4436 silvam
2977 4399 3097 4436 cum
3122 4383 3325 4454 impetu
3344 4385 3627 4455 ingressus,
3648 4390 3831 4444 stricto

2272 4611 2620 4683 supplendum
2648 4627 2759 4664 esse
2784 4626 2799 4664 z
2826 4609 3201 4682 Μετωνομάσθη
3233 4609 3287 4663 δὲ
3313 4611 3378 4663 ’δι’
3397 4609 3558 4664 αἰτίαν
3577 4613 3824 4681 τοιαύτην,

2272 4701 2451 4745 censet
2488 4689 2740 4754 Hercher,
2768 4687 2969 4742 addens
3004 4687 3191 4743 eodem
3228 4688 3389 4742 modo
3416 4700 3688 4760 peceatum
3719 4707 3831 4745 esse

2276 4786 2360 4831 ει,
2395 4787 2419 4824 1
2446 4768 2704 4841 (Στρύμην
2723 4767 2777 4822 δὲ
2798 4770 2930 4837 etc.)
2950 4777 3004 4822 et
3027 4769 3108 4832 18,
3138 4785 3164 4822 1
3188 4764 3488 4840 (Ἁλιάκμων
3508 4767 3564 4822 δὲ
3580 4772 3735 4839 etc.);
3760 4787 3827 4824 ex

2269 4850 2463 4921 quibus
2500 4848 2628 4904 locis
2665 4846 3013 4918 colligendum
3048 4847 3225 4919 potius
3250 4857 3362 4901 erat
3398 4858 3581 4902 nostro
3617 4865 3829 4921 quoque

2267 4927 2389 4982 loco
2426 4928 2556 4982 nihil
2599 4945 2711 4981 esse
2753 4923 3087 4982 mutandum.
3140 4927 3456 4999 Damasippo
3493 4927 3696 4982 Atracis
3720 4927 3825 4984 filia

2267 5009 2485 5062 nomine
2526 5017 2679 5060 tenus
2716 5003 2899 5059 eadem
2936 5013 3015 5058 est
3060 5021 3183 5058 cum
3226 5004 3580 5078 Hippodamia
3622 5007 3825 5063 Atracis
3844 5053 3857 5065 .

2265 5085 2499 5140 Thessali
2517 5084 2640 5140 filia.
2666 5087 2843 5154 Quare
2863 5083 3039 5138 nescio
3060 5100 3127 5137 an
3150 5080 3414 5136 Casander
3429 5083 3823 5156 componendus

2263 5166 2333 5220 sit
2356 5182 2477 5219 cum
2509 5165 2819 5219 Cassameno
2844 5161 3075 5227 Thrace,
3104 5178 3262 5233 quem
3302 5161 3608 5216 Parthenius
3646 5163 3820 5228 (Erot.

622 5240 810 5313 prima.
837 5241 1126 5297 Delendam
1142 5262 1256 5298 esse.
1275 5245 1580 5317 particulam
1595 5255 1646 5300 et
1672 5245 1728 5300 in
1751 5245 2174 5301 antecedentibus
2263 5263 2313 5300 c.
2352 5249 2435 5316 ¹9)
2472 5243 2711 5298 mulieres
2749 5260 2780 5297 e
2813 5239 3105 5306 Thessalia,
3136 5241 3276 5294 inter
3308 5257 3498 5310 easque
3524 5239 3820 5313 Παγκρατώ,
