4584 6284
778 417 814 461 4
824 411 897 463 84

858 553 937 596 23.
989 532 1335 615 Κεφαλληνία
1372 538 1531 608 νῆσος
1560 534 1867 614 τετράπολις
1911 540 2078 614 μῆκος
2116 540 2340 598 σταδίων

2120 404 2631 473 ΑΘΑΤΗΕΜΕΒῙ

2496 544 2583 599 23.
2625 546 2954 619 Cephallenia
2974 550 3142 604 insula
3163 562 3391 623 quatuor
3410 556 3610 610 habens
3634 558 3806 623 urbes,
3831 560 3890 613 lo

780 616 850 683 υ’.
933 620 1059 683 Εἰσὶ
1086 620 1140 680 δὲ
1167 620 1260 681 καὶ
1288 624 1342 681 ἐν
1370 625 1448 705 τῷ
1476 621 1655 705 Ἁδρίᾳ
1682 627 1830 696 νῆσοι
1868 624 2015 705 παρὰ
2048 624 2143 698 τὴν
2171 626 2340 687 Ἰλλυ-
2426 624 2503 669 ⁶⁵²
2537 614 2702 671 “adh
2728 622 2849 682 4⁰0·
2883 621 3016 675 sunt
3036 640 3248 694 ‘1¹¹⁰‘lue
3275 624 3332 677 3¹¹
3351 624 3621 681 Adriatico
3645 632 3774 683 marl
3799 631 3892 685 31¹⁸

782 706 928 785 ρίδα,
956 699 1029 768 ὧν
1062 708 1447 789 ἐπισημότεραι
1466 706 1625 783 Ἴσση
1647 709 1739 770 καὶ
1765 714 1799 781 ἡ
1825 710 2066 772 Μέλαινα
2096 713 2340 795 Κόρκυρα
2419 756 2426 763 -

778 794 871 856 καὶ
906 794 1089 875 Φάρος
1120 794 1217 857 καὶ
1259 796 1470 869 Μελίτη
1489 843 1505 873 ,
1539 788 1613 857 ὧν
1657 799 1826 877 ἀγνοῶ
1854 794 1947 865 τὰς
1972 797 2331 879 περιμέτρους.

720 897 747 937 5
855 904 934 949 24.
978 884 1394 957 Πελοποννήσου
1422 884 1479 944 δὲ
1512 890 1541 945 ὁ
1566 886 1845 964 περίπλους
1870 885 1959 945 καὶ
1986 890 2088 946 τῶν
2126 888 2335 949 κόλπων

777 971 1254 1054 συμμιτρουμίνων
1278 972 1469 1034 στάδια
1500 972 1681 1056 ιεχκζζ
1696 972 1859 1054 χωρὶς
1885 972 1940 1035 δὲ
1960 980 2049 1037 τοῦ
2075 979 2336 1037 κατακολ·

775 1061 927 1121 πίσαι
956 1066 985 1121 ὃ
1012 1061 1301 1143 περίπλους
1328 1062 1523 1124 στάδια
1544 1062 1613 1146 Ιδ.
1697 1064 1881 1135 Μῆκος
1906 1059 1961 1122 δὲ
1982 1062 2087 1123 ἀπὸ
2114 1064 2336 1133 Μαλέας

776 1148 875 1218 ἕως
900 1150 1088 1231 Αἰγίου
1114 1150 1310 1210 στάδια
1335 1150 1455 1233 ‘aust
1483 1146 1648 1231 Ἔχει
1676 1150 1732 1208 δὲ
1752 1149 1927 1226 ὅμοιον
1948 1153 2131 1231 σχῆμα
2153 1150 2336 1233 φύλλῳ

776 1238 1068 1311 πλατάνου,
1099 1238 1315 1306 κόλποις
1361 1237 1611 1317 μεγάλοις
1636 1236 1946 1316 τεμνομένη.
2041 1236 2334 1319 Συνᾶγεται

701 1337 751 1377 ¹⁰
778 1324 875 1404 μὲν
904 1327 977 1393 εἶς
997 1323 1087 1385 τὸν
1110 1323 1382 1408 Κορίνθιον
1409 1323 1644 1405 Ἰσθμὸν,
1670 1325 1863 1393 πλάτος
1877 1326 2101 1387 σταδίων
2121 1322 2199 1405 μ’,
2230 1325 2332 1387 ὑπὸ

776 1418 869 1474 τοῦ
910 1413 1183 1495 Κορινθίου
1229 1414 1427 1474 κόλπου
1464 1414 1555 1477 καὶ
1604 1414 1755 1497 [τοῦ]
1799 1418 2117 1493 Σαρωνικοῦ·
2165 1413 2233 1495 [ὁ
2276 1412 2333 1473 δὲ

782 1501 1085 1583 Σαρωνικὸς
1130 1500 1325 1571 κόλπος
1375 1500 1566 1585 διήκει]
1610 1502 1696 1564 ἐπὶ
1735 1502 1796 1563 τὸ
1834 1500 2049 1563 Σούνιον
2083 1502 2240 1582 ἄκρον
2278 1500 2331 1572 ἐξ

781 1590 1061 1669 εὐωνύμων
1085 1590 1199 1673 [καὶ
1215 1592 1305 1651 {nl
1320 1590 1380 1651 τὸ
1401 1590 1694 1653 Σκύλλαιον
1712 1590 1868 1673 ἄκρον
1887 1594 1947 1651 ἐκ
1970 1589 2193 1670 δεξιῶν],
2211 1590 2332 1651 ἔνθα

779 1678 1055 1758 πρόκειται
1098 1686 1256 1753 νῆσος
1274 1738 1283 1749 ,
1299 1680 1580 1761 Καλαυρία
1617 1680 1938 1746 Ποσειδῶνος
1981 1679 2117 1759 ἱερά.
2173 1676 2332 1751 Ἑξῆς

702 1782 754 1823 ts
780 1766 834 1826 δὲ
863 1771 893 1826 ὁ
924 1767 1221 1850 Ἀργολικὸς
1246 1768 1438 1836 κόλπος
1469 1764 1628 1849 μέχρι
1656 1767 1871 1835 Μαλέας
1910 1766 2069 1849 ἄκρου
2086 1814 2102 1839 ,
2141 1764 2169 1826 8
2195 1764 2330 1825 πολῦ

778 1856 1155 1936 σροπίπτωκεν
1182 1859 1253 1924 εἰς
1278 1855 1387 1939 [τὸ]
1414 1855 1661 1935 πέλαγος.
1745 1847 1916 1939 (Εἶτα
1939 1858 1968 1915 ό
1995 1852 2330 1935 Ἐρμιονικὸς

777 1944 1025 2022 κόλπος.)
1047 1942 1204 2018 Ἑξῆς
1224 1944 1280 2004 δὲ
1312 1944 1444 2023 μετὰ
1462 1943 1681 2006 Μαλέαν
1708 1942 2007 2012 Λακωνικὸς
2020 1944 2209 2013 κόλπος
2233 1942 2330 2010 ἕως

845 2248 975 2317 §23-
992 2278 1064 2290 —
1082 2264 1133 2303 2.
1164 2246 1229 2319 ν’]
1251 2248 1411 2303 Linea
1436 2256 1577 2301 recta
1597 2256 1722 2300 sunt
1743 2245 1851 2300 fere
1871 2248 1978 2302 280
2005 2244 2198 2310 stadia;
2221 2260 2327 2298 orae

773 2325 1039 2381 orientalis
1062 2325 1337 2397 longitudo
1358 2327 1495 2380 circa
1518 2325 1623 2380 360
1638 2322 1833 2391 stadia,
1856 2341 2013 2397 supra
2031 2328 2135 2388 400
2150 2323 2322 2378 stadia

686 2472 690 2475 K
765 2402 923 2475 juxta
948 2423 1097 2460 oram
1140 2403 1534 2460 occidentalem.
1585 2404 1857 2459 Ambitum
1900 2403 2081 2457 insulae
2120 2403 2324 2458 Plinius

769 2484 894 2537 satis
933 2494 1073 2538 recte
1116 2480 1247 2537 dicit
1272 2500 1384 2537 esse
1422 2482 1492 2554 93
1534 2499 1610 2538 m.
1642 2499 1699 2554 p.
1745 2484 1885 2554 (774
1935 2480 2125 2551 stad.).
2168 2480 2325 2553 Apud

766 2560 1075 2617 Strabonem
1120 2579 1177 2634 p.
1222 2562 1325 2626 455
1374 2560 1528 2634 (392,
1578 2564 1648 2627 24
1686 2561 1772 2616 ed.
1802 2559 1925 2617 Did.
1950 2564 1995 2629 ),
2040 2560 2133 2615 ubi
2160 2558 2318 2618 codd.

768 2639 897 2694 ἔστιν
938 2641 1005 2705 ὡς
1041 2638 1090 2695 τ’
1116 2638 1208 2707 τὴν
1226 2641 1535 2712 περίμετρον,
1559 2658 1661 2714 pro
1683 2637 1731 2695 τ’
1748 2640 1849 2711 leg.
1877 2636 2090 2694 videtur
2108 2636 2181 2711 ψ’.
2206 2638 2229 2709 ΙΙ
2252 2668 2326 2680 -

764 2720 1007 2773 Geterum
1049 2737 1169 2791 quae
1196 2717 1264 2773 de
1299 2718 1629 2791 Cephallenia
1653 2720 1708 2772 in
1733 2730 1913 2773 nostro
1936 2716 2204 2789 leguntur,
2233 2736 2323 2772 co-

763 2798 864 2853 dex
889 2804 942 2853 E
976 2801 1030 2852 in
1058 2800 1294 2870 margine
1321 2798 1477 2852 habet
1497 2798 1663 2853 literis
1689 2798 1862 2853 rubris
1888 2806 2116 2852 exarata.
2136 2798 2245 2868 11-
2269 2798 2320 2852 3.

747 2878 1131 2951 ’ἔπισημέστεραι
1153 2878 1463 2933 Tennulius.

831 2963 862 3029 s
876 2964 966 3023 24.
976 2992 1029 3001 -
1041 2959 1279 3034 &cip-U]
1298 2962 1449 3033 ,ηχκζ
1464 2958 1776 3014 Tennulius.
1786 2958 2083 3011 Numerum
2096 2956 2241 3011 hunc
2255 2957 2324 3011 ab

759 3036 1100 3091 Artemidoro
1112 3034 1369 3091 traditum
1388 3034 1564 3104 fuisse,
1580 3034 1777 3105 colligis
1788 3052 1818 3087 ο
1831 3034 2088 3090 Strabone
2100 3052 2157 3108 p.
2176 3037 2277 3091 335
2303 3053 2318 3091 t

757 3114 790 3181 ἡ
840 3114 893 3169 δὲ
937 3115 1224 3188 περίμετρος
1265 3112 1333 3186 μὴ
1380 3114 1812 3177 κατακολπίζοντι,
1855 3114 1903 3187 ,δ
1956 3114 2170 3167 σταδίων
2185 3154 2201 3179 ,
2253 3116 2321 3178 ὡς

686 3256 689 3260 ,
758 3194 1027 3257 Πολύὸιος,
1064 3192 1411 3264 Ἀρτεμίδωρος
1446 3192 1499 3247 δὲ
1525 3193 1611 3247 καὶ
1644 3194 1693 3245 υ’
1720 3193 2033 3265 προστίθησι·
2082 3194 2325 3247 κατακολ-

758 3274 956 3337 πίζοντι
997 3272 1052 3326 δὲ
1081 3273 1277 3335 πλείους
1318 3277 1416 3325 τῶν
1454 3272 1719 3336 ἑξακοσίων
1747 3271 1827 3326 ἐπὶ
1860 3273 1967 3333 τοῖς
2003 3288 2323 3345 πεντακισχι-

759 3350 904 3413 λίοις.
924 3352 1030 3405 Pro
1047 3346 1229 3417 stadiis
1257 3352 1395 3414 4400
1416 3348 1583 3403 stadia
1606 3350 1748 3415 4500
1768 3348 1890 3416 (563
1914 3366 1990 3404 m.
2015 3354 2097 3421 p.)
2122 3350 2326 3424 collegit

760 3429 999 3486 Isidorus
1021 3429 1128 3503 (ap.
1144 3428 1283 3485 Plin.
1309 3432 1363 3496 4,
1382 3430 1433 3496 5,
1461 3432 1517 3501 9)
1548 3447 1610 3483 ex
1637 3446 1805 3502 eoque
1825 3439 2014 3485 auctor
2031 3447 2325 3503 anonymus

762 3510 1041 3585 fragmenti
1061 3508 1209 3583 quod
1219 3508 1357 3566 infra
1370 3510 1749 3568 exhibebimus.
1760 3512 1912 3585 11—8.
1922 3509 2325 3586 Αἰγίου1Α1γαίου

761 3595 925 3655 codd.
960 3597 1067 3670 [Ι-
1086 3601 1142 3655 8.
1163 3596 1284 3674 ,αυΊ
1308 3596 1407 3672 ‘av'
1430 3600 1640 3655 ACDF.
1669 3600 1794 3655 Post
1816 3594 2054 3672 ‚oeu'rora
2082 3597 2274 3657 excidit
2305 3616 2319 3655 ε

765 3677 972 3750 [πλάτος
988 3676 1042 3731 δὲ
1060 3676 1155 3732 ἀπὸ
1173 3682 1263 3732 τοῦ
1274 3677 1541 3732 Χελωνάτα
1558 3678 1651 3741 ἕως
1665 3682 1753 3733 τοῦ
1775 3675 1977 3750 Ἰσθμοῦ
1997 3678 2320 3753 στάδια,αυ’].

761 3758 843 3813 Cf.
870 3756 1059 3812 Strabo
1084 3775 1141 3830 p.
1174 3756 1277 3812 335
1302 3748 1447 3828 (28⁸7,
1472 3758 1566 3830 39)
1596 3774 1613 3814 τ
1637 3756 1782 3813 Ἔστι
1830 3757 1995 3815 τοίνυν
2018 3756 2049 3827 ἡ
2072 3756 2324 3815 Πελοπόν-

759 3854 906 3905 νησος
934 3837 1121 3891 ἐοικυῖα
1154 3836 1330 3911 φύλλῳ
1352 3836 1603 3892 πλατάνου
1625 3838 1683 3893 τὸ
1721 3840 1893 3911 σχῆμα
1909 3878 1925 3905 ,
1957 3834 2040 3906 ἴση
2071 3839 2247 3910 σχεδόν
2275 3859 2324 3894 τι

756 3915 884 3971 κατὰ
908 3918 1065 3990 μῆκος
1088 3916 1173 3970 καὶ
1194 3915 1320 3969 κατὰ
1340 3916 1541 3983 πλάτος,
1565 3919 1682 3972 ὅσον
1705 3917 1884 3989 χιλίων
1898 3917 1982 3971 καὶ
1997 3919 2320 3990 τετρακοσίων

756 3996 987 4050 σταδίων·
1010 3995 1070 4051 τὸ
1094 3993 1183 4069 μὲν
1206 3994 1303 4051 ἀπὸ
1328 4000 1413 4063 τῆς
1438 3994 1637 4067 ἑσπέρας
1662 3995 1741 4051 ἐπὶ
1752 3994 1841 4063 τὴν
1871 3996 1957 4063 ἕω,
1988 4000 2134 4052 τοῦτο
2158 3996 2204 4049 δ’
2218 3996 2322 4052 ἐστὶ

756 4077 813 4132 τὸ
842 4077 938 4133 ἀπὸ
964 4079 1053 4130 τοῦ
1074 4074 1343 4131 Χελωνάτα
1372 4076 1437 4128 δι’
1466 4073 1738 4148 Ὀλυμπίας
1762 4075 1953 4145 καὶτῆς
1971 4075 2323 4148 Μεγαλοπολί-

754 4157 885 4221 τιδος
911 4156 991 4212 ἐπὶ
1018 4154 1241 4228 Ἰσθμόν·
1267 4153 1327 4209 τδ
1350 4154 1395 4207 δ’
1422 4153 1520 4210 ἀπὸ
1538 4158 1628 4210 τοῦ
1647 4156 1791 4210 νότου
1812 4154 1931 4228 πρὸς
1956 4152 2045 4223 τὴν
2064 4155 2262 4227 ἄρκτον,
2288 4157 2318 4211 ὅ

755 4236 859 4292 ἐστι
880 4235 939 4291 τὸ
966 4234 1063 4291 ἀπὸ
1079 4234 1300 4291 Μαλεῶν
1324 4234 1388 4289 δι’
1408 4232 1649 4307 Ἀρκαδίας
1670 4233 1737 4298 εἰς
1754 4232 2141 4307 Δῖγιον.11-9.
2166 4235 2315 4288 συνοί-

752 4335 895 4390 γεται
914 4314 1021 4389 μὲν]
1046 4314 1156 4389 μὲν,
1173 4313 1319 4388 quod
1336 4315 1412 4369 sic
1432 4314 1684 4383 abundat,
1702 4325 1756 4369 et
1770 4313 1918 4386 cujus
1938 4314 2057 4370 1000
2077 4312 2133 4369 δὲ
2149 4317 2315 4389 parti-

752 4398 925 4452 culam
940 4396 1400 4469 exspectavetis,ex
1406 4394 1641 4468 pleniore
1652 4396 1890 4450 oratione
1903 4394 2316 4469 auctoris,quem

752 4477 946 4531 Noster
970 4476 1257 4547 excerpsit,
1281 4474 1530 4529 resedisse
1546 4472 1774 4531 videtur.
1800 4473 1912 4545 11-
1934 4474 2118 4531 ιο.τδν
2139 4473 2316 4547 Κοριν·

754 4554 873 4609 θίων
896 4554 1271 4625 ABGDE.11—
1294 4569 1379 4610 ιο.
1400 4554 1607 4608 σταδίων
1634 4554 1707 4627 μ’]
1724 4554 1925 4609 Eodem
1943 4552 2107 4609 modo
2128 4554 2317 4611 Strabo

750 4652 809 4707 p.
838 4635 964 4703 335,
989 4634 1189 4691 Plinius
1215 4638 1271 4701 4,
1305 4633 1358 4702 5,
1388 4652 1441 4705 9,
1470 4634 1771 4690 Eustathius
1790 4632 1855 4688 ad
1883 4635 2106 4707 Dionys.
2136 4632 2308 4706 405..

745 4745 821 4757 -
839 4732 862 4769 1
875 4732 926 4774 1.
950 4714 1045 4771 ὗπδ
1062 4717 1151 4771 τοῦ
1162 4713 1430 4787 Κορινθίου
1444 4714 1568 4788 etc.]
1586 4716 1651 4769 In
1669 4711 1826 4771 codd.
1846 4723 1900 4769 et
1922 4712 2075 4771 editt.
2088 4714 2311 4787 legitur:

746 4794 962 4849 σταδίων
984 4790 1057 4867 μ’.
1091 4791 1209 4851 ’Aah
1234 4796 1324 4849 τοῦ
1342 4792 1593 4867 Κορινθίου
1617 4788 1801 4849 κόλπου
1826 4793 1911 4849 καὶ
1925 4793 2209 4867 Σαρωνικοῦ
2227 4794 2314 4851 ivel

741 4872 803 4929 τδ
826 4873 1107 4929 Σκύλλαιον
1124 4874 1276 4947 ἄκρον
1292 4872 1343 4937 ἔξ
1360 4872 1641 4938 εὖωνύμων,
1660 4872 1777 4929 ἶνθα
1793 4874 2041 4947 πρόκειται
2053 4884 2159 4929 etc.
2177 4876 2314 4945 Quae

743 4970 915 5025 quum
938 4971 1099 5009 sensu
1123 4952 1376 5009 destituta
1400 4956 1535 5021 sint,
1554 4954 1803 5026 refingere
1830 4957 2042 5011 tentavi.
2070 4956 2093 5027 ss
2116 4986 2190 4998 -
2220 4959 2307 5021 14.

743 5032 1021 5106 Καλαυρία]
1036 5032 1195 5107 Καρία
1214 5038 1333 5092 AF.
1344 5035 1447 5105 11-
1472 5039 1560 5089 16.
1582 5031 1710 5089 Εἶτα
1732 5034 1761 5089 ό
1786 5032 2092 5107 Ἕρμιονικδς
2104 5034 2310 5105 κόλπος]

737 5115 857 5170 Hoc
896 5115 1014 5170 loco
1042 5132 1107 5170 ea
1136 5114 1297 5170 verba
1338 5116 1579 5188 leguntur
1602 5117 1656 5169 in
1700 5114 1879 5183 codd.;
1907 5115 1975 5170 ab
2017 5114 2310 5171 editoribus

738 5197 1053 5268 transposita
1075 5206 1203 5250 sunt
1234 5206 1357 5250 ante
1386 5195 1541 5251 verba
1576 5194 1718 5263 Ἑξῆς
1742 5193 1794 5249 δὲ
1821 5195 1849 5249 ό
1884 5193 2162 5269 Ἀργολικὸς
2187 5195 2307 5249 κόλ-

735 5294 844 5337 πος.
883 5296 905 5319 ·
942 5275 1029 5331 Sic
1049 5276 1192 5329 enim
1220 5273 1319 5343 legi
1342 5273 1527 5341 jubere
1552 5277 1703 5329 aiunt
1729 5286 1775 5329 et
1806 5286 2039 5329 naturam
2070 5276 2306 5328 locorum

2463 695 2641 758 ropter
2657 706 2804 743 oram
2823 690 3012 763 Illyrici
3028 732 3043 756 ,
3063 710 3288 764 quarum
3309 695 3618 765 insigniores
3643 710 3768 753 sunt
3793 703 3913 755 Issa
3941 712 3998 755 et

2451 824 2466 839 ·
2501 774 2650 827 reyra
2682 759 2842 884 Nigra
2882 772 2934 815 et
2963 762 3166 816 Pharus
3192 774 3246 817 et
3269 765 3478 831 Melita,
3524 785 3748 839 quarum
3774 770 3998 825 dimen-

2423 843 2596 881 siones
2617 842 2726 885 non
2787 830 2918 885 abeo
2941 843 3255 919 compertas.

2495 899 2586 962 24.
2618 898 3027 972 Peloponnesus,
3043 923 3088 959 si
3114 920 3462 961 connumeres
3483 909 3641 961 etiam
3663 927 3774 981 eJus
3797 913 3963 965 sinus
3978 952 3994 974 ,

2423 984 2898 1060 circumnavigatur
2931 988 3112 1045 stadiis
3141 992 3310 1062 56273
3341 992 3488 1064 quod
3528 996 3573 1048 si
3601 997 3747 1051 sinus
3771 1008 3999 1069 praeter-

2423 1090 2511 1127 eas
2526 1111 2543 1138 ‚
2569 1072 2800 1129 ambitur
2815 1074 2995 1129 stadiis
3023 1079 3181 1142 4000.
3215 1079 3519 1150 Longitudo
3542 1080 3657 1154 ejus
3673 1102 3704 1137 a
3723 1083 3899 1139 Malea
3921 1084 3996 1139 ad

2423 1160 2636 1231 AEgium
2653 1160 3037 1217 eststadiorum
3065 1168 3220 1230 1400.
3244 1166 3436 1237 Figura
3457 1167 3654 1239 platani
3681 1168 3810 1225 solio
3834 1172 3996 1224 simi·

2423 1246 2514 1307 lis.
2570 1247 2771 1321 magnis
2817 1249 3022 1305 sinibus
3084 1252 3276 1320 incisa3
3327 1266 3629 1311 coarctatur
3681 1258 3736 1311 in
3788 1259 3997 1313 Corin·

2424 1334 2600 1389 thium
2629 1334 2891 1391 Isthmum
2909 1375 2926 1402 ,
2963 1336 3312 1411 quadraginta
3329 1340 3497 1396 stadia
3516 1342 3705 1410 latum,
3732 1345 3858 1399 sinu
3879 1346 4000 1399 Co·

2421 1420 2624 1476 rinthio
2649 1431 2703 1477 et
2719 1421 2992 1478 Saronico.
3068 1425 3350 1483 Saronicus
3379 1445 3504 1483 vero
3524 1429 3672 1485 sinus
3694 1433 3934 1503 pertinet
3959 1448 3994 1484 a

2420 1509 2631 1563 sinistra
2669 1526 2836 1583 usque
2875 1507 2942 1563 ad
2983 1510 3208 1569 Sunium
3235 1516 3681 1587 promontorium,
3711 1528 3766 1571 et
3791 1536 3822 1571 a
3849 1516 3995 1571 dex·

2422 1608 2501 1652 tra
2547 1615 2716 1670 usque
2750 1597 2820 1653 ad
2857 1598 3132 1673 Seyllaeum
3180 1603 3609 1673 promontorium
3627 1642 3643 1668 ‚
3695 1604 3786 1659 ubi
3829 1603 3990 1675 obja-

2418 1697 2500 1741 cet
2523 1686 2762 1743 Calauria
2785 1688 2953 1743 insula
2975 1689 3225 1763 Neptuno
3237 1708 3403 1747 sacra.
3431 1690 3565 1746 Inde
3591 1692 3738 1746 sinus
3767 1693 3990 1765 Argoli-

2417 1792 2510 1828 cus
2537 1773 2787 1847 usquead
2809 1776 3236 1849 promontorium
3262 1777 3517 1845 Maleam,
3553 1780 3702 1852 quod
3737 1780 3901 1853 longe
3926 1782 3992 1835 in

2417 1879 2562 1915 mare
2583 1863 2871 1935 procurrit.
2891 1863 3066 1933 (Tum
3085 1864 3454 1920 Hermionicus
3471 1867 3638 1921 sinus.
3657 1867 3677 1940 )
3694 1868 3836 1921 Dein
3857 1878 3994 1941 post

2416 1950 2637 2004 Maleam
2669 1959 2748 2004 est
2799 1949 3134 2006 dextrorsum
3173 1952 3318 2007 sinus
3359 1954 3653 2008 laconicus
3709 1972 3876 2027 usque
3914 1954 3990 2010 ad

2418 2252 2470 2297 et
2499 2244 2858 2297 auctoritatem
2883 2242 3034 2298 Mela
3060 2254 3110 2299 et
3136 2244 3426 2299 Strabonis.
3464 2266 3486 2294 ι
3519 2246 3584 2299 At
3608 2246 3738 2300 nihil
3754 2258 3870 2301 erat
3886 2265 3996 2301 cur

2418 2323 2655 2377 ordinem
2675 2322 2977 2388 verborum,
2994 2324 3197 2395 qualem
3219 2323 3425 2378 codices
3439 2322 3706 2389 exhibent,
3723 2326 3991 2381 mutando

2417 2398 2484 2454 ad
2529 2418 2714 2457 verum
2755 2401 3164 2457 traduceremus.
3207 2404 3343 2457 Nam
3382 2402 3654 2475 Scyllaeum
3690 2421 3776 2476 pr.
3824 2405 3984 2476 (hod.

2421 2484 2476 2535 C.
2493 2481 2654 2553 Sesti)
2687 2482 2936 2539 dirimere
2961 2484 3266 2538 Saronicum
3294 2484 3471 2537 sinum
3501 2482 3569 2537 ab
3594 2483 3844 2555 Argolico
3869 2503 3986 2541 non

2415 2577 2556 2615 unus
2569 2562 2944 2633 Agathemerus
2955 2562 3109 2630 dixit,
3120 2562 3212 2617 sed
3222 2562 3534 2617 Ptolemaeus
3543 2579 3755 2635 quoque
3767 2566 3954 2619 statuit
3962 2605 3982 2632 ,

2416 2642 2508 2714 qui
2529 2642 2928 2698 Hermionicum
2944 2642 3118 2697 sinum
3137 2647 3335 2714 (reapse
3350 2640 3495 2695 illum
3519 2642 3594 2696 ita
3616 2654 3986 2715 comparatum

2414 2729 2477 2774 ut
2499 2721 2646 2775 sinus
2667 2738 2862 2777 nomen
2884 2722 2974 2776 vix
2999 2721 3281 2794 mereatur)
3311 2722 3531 2776 omnino
3553 2739 3662 2775 non
3687 2736 3982 2789 memorat,

2415 2798 2508 2853 sed
2537 2800 2931 2857 Hermionicam
2953 2818 3102 2855 oram
3126 2799 3277 2855 litore
3302 2801 3448 2854 sinus
3486 2800 3709 2872 Argolici
3734 2820 3982 2875 compre-

2414 2877 2618 2939 hendit.
2663 2880 2842 2934 Talem
2890 2881 3052 2951 igitur
3083 2896 3260 2935 rerum
3287 2878 3687 2935 adornationem
3711 2884 3994 2954 reperiens-

2414 2957 2630 3029 quidam
2649 2998 2666 3025 ,
2723 2960 2767 3013 si
2814 2958 3152 3014 nihilominus
3212 2958 3371 3013 etiam
3422 2958 3570 3013 sinus
3614 2961 3942 3017 Hermionici
3959 3002 3977 3028 ,

2415 3053 2572 3108 quem
2620 3056 2652 3091 a
2693 3036 2869 3092 multis
2915 3037 3195 3094 memorari
3242 3037 3466 3103 sciebat,
3523 3039 3844 3093 mentionem
3909 3041 3987 3096 fa-

2415 3132 2533 3169 cere
2561 3116 2755 3184 voluit,
2783 3114 3024 3172 facillime
3049 3114 3162 3170 fieri
3192 3115 3369 3189 potuit
3392 3125 3453 3170 ut
3487 3134 3612 3171 eum
3637 3116 3982 3191 inter-Argo-

2415 3191 2573 3247 licmn
2603 3204 2657 3249 ct
2690 3195 3009 3250 Laconicum
3045 3196 3220 3249 sinum
3243 3204 3440 3249 temere
3463 3206 3682 3266 poneret
3716 3196 3974 3253 medium.

2416 3270 2520 3327 Alii
2547 3272 2616 3327 de
2644 3274 2728 3329 his
2757 3274 2906 3328 aliter
2929 3283 3205 3339 οτι-010015
3235 3271 3303 3327 ad
3335 3271 3481 3345 quod
3503 3290 3615 3327 non
3650 3272 3990 3331 attendentes

2418 3357 2514 3410 viri
2555 3357 2698 3413 docti
2741 3357 2904 3413 multa
2927 3356 3226 3412 turbarunt.
3251 3358 3437 3428 Itaque
3461 3357 3641 3429 paucis
3667 3374 3782 3411 rem
3813 3376 3980 3430 expo-

2415 3452 2541 3491 nere
2561 3454 2735 3511 operae
2754 3437 2978 3511 pretium
3008 3436 3096 3493 sit.
3119 3434 3229 3490 Ora
3249 3434 3507 3489 maritima
3541 3434 3614 3488 ita
3643 3446 3720 3489 est
3741 3435 3980 3507 configu-

2413 3524 2527 3572 rata
2555 3526 2616 3573 ut
2653 3514 2924 3589 Argolicus
2959 3515 3106 3571 sinus
3141 3513 3403 3588 pertinere
3426 3510 3614 3568 debeat
3638 3531 3671 3568 a
3693 3512 3864 3568 Malea
3889 3531 3975 3587 pr.

2415 3611 2583 3669 usque
2602 3594 2671 3651 ad
2691 3594 3112 3669 promontorium
3148 3591 3366 3668 Speszt‘a
3389 3591 3570 3646 insulae
3587 3595 3888 3665 oppositum
3909 3595 3978 3650 ad

2417 3674 2564 3749 quod
2585 3685 2697 3732 erat
2712 3675 2862 3731 Halia
2878 3675 2989 3729 slve
3002 3672 3196 3729 Halieis
3212 3670 3357 3727 locus
3374 3673 3560 3740 (Porto
3581 3670 3722 3725 Kella·
3737 3689 3784 3729 s.
3802 3673 3975 3743 Kelz),

2413 3756 2698 3812 Saronicus
2715 3764 2888 3811 autem
2906 3755 3016 3809 sive
3037 3751 3320 3807 Isthmicus
3344 3750 3490 3805 sinus
3507 3750 3726 3806 initium
3745 3764 3920 3808 sumat
3947 3772 3982 3807 a

2412 3836 2779 3909 promontorio
2805 3834 3017 3907 Scyllaeo
3041 3837 3150 3887 sive
3171 3830 3437 3888 hodierno
3469 3835 3577 3905 Cap
3603 3830 3763 3904 styli.
3798 3836 3981 3906 Atque

2409 3917 2488 3971 sic
2507 3934 2592 3970 res
2613 3915 2770 3971 habet
2785 3915 2843 3970 in
2863 3913 3086 3988 Scylacis
3103 3912 3331 3985 Periplo.
3353 3911 3516 3982 Quod
3532 3912 3672 3965 inter
3689 3922 3980 3985 utrumqne

2409 3997 2836 4069 promontorium
2845 3994 3174 4066 interjectum
3188 4003 3287 4060 est,
3299 3992 3702 4047 Hermionicum
3709 3991 3821 4046 sive
3831 4009 3980 4047 mare

2409 4076 2518 4130 sive
2554 4076 2733 4129 sinum
2771 4074 2945 4129 dicere
2988 4071 3200 4139 licebat3
3243 4088 3566 4145 quamquam
3605 4068 3790 4143 Scylax
3829 4070 3980 4126 hunc

2407 4155 2566 4211 man's
2590 4164 2816 4210 tractum
2839 4150 3090 4226 peculiari
3128 4150 3305 4224 aliquo
3325 4148 3543 4205 nomine
3568 4146 3810 4204 nondum
3837 4148 3978 4204 desi·

2405 4242 2550 4304 gnat.
2588 4232 2786 4287 Contra
2813 4231 2871 4285 in
2902 4228 3170 4286 Ptola-aei
3194 4227 3384 4283 tabulis
3398 4267 3414 4292 ,
3440 4236 3503 4281 ut
3528 4224 3690 4280 modo
3729 4224 3842 4280 dixi
3859 4265 3876 4292 ,
3902 4228 3978 4282 ita

2406 4330 2500 4368 ora
2524 4310 2782 4367 delineata
2800 4320 2880 4366 est
2895 4350 2911 4377 ,
2936 4321 3001 4365 ut
3024 4309 3092 4364 ab
3120 4307 3309 4363 intimo
3332 4304 3563 4377 Argolici
3587 4305 3734 4359 sinus
3767 4321 3978 4360 recessu

2405 4403 2544 4527 1232·
2555 4400 3029 4526 §32:2⁵3ss
3043 4386 3524 4537 ἱῗηῗῗὲξὲἑζέἒᾷζ
3542 4381 3977 4535 ἓέἷῗᾙαἭῗ.

2403 4562 2582 4606 autem
2599 4552 2746 4607 sinus
2768 4550 3040 4622 Argolicus
3067 4548 3192 4601 item
3215 4542 3429 4616 Scyllaeo
3445 4540 3814 4613 promontorio
3831 4540 3976 4596 0100-

2403 4630 2570 4697 ditur,
2596 4632 2668 4686 ita
2694 4640 2867 4686 tamen
2895 4639 2956 4684 ut
2980 4628 3126 4683 sinus
3150 4624 3292 4679 idem
3313 4622 3383 4676 sit
3412 4622 3507 4694 qui
3539 4617 3684 4693 apud
3707 4618 3974 4692 Scylacem

2403 4720 2484 4765 ast
2519 4727 2690 4783 nsque
2710 4709 2780 4765 ad
2819 4707 3022 4763 Haliam
3071 4704 3370 4777 pertinen„
3406 4698 3663 4755 nimirum
3699 4697 3974 4771 scyllam

2402 4792 2830 4864 promontorium
2846 4789 2929 4844 his
2950 4804 3060 4842 non
3081 4796 3161 4840 est
3186 4782 3507 4839 hodiernum
3535 4784 3646 4854 Cap
3675 4777 3823 4847 sky-1⁸·
3831 4819 3850 4846 ,
3877 4778 3972 4833 sed

2404 4871 2460 4927 id
2483 4868 2630 4944 quod
2656 4871 2819 4926 Haliae
2856 4878 2935 4923 est
2955 4865 3334 4941 propinquum.
3360 4858 3571 4930 Quodsi
3596 4876 3737 4914 unus
3761 4868 3968 4914 tantum

2401 4952 2594 5007 alterve
2633 4952 2860 5025 scriptor
2885 4949 3030 5004 11000
3065 4948 3120 5001 10
3165 4942 3385 4999 modum
3431 4950 3717 5011 statueret,
3751 4956 3969 5013 pravam

2401 5032 2540 5089 hanc
2559 5032 2860 5108 opinionem
2890 5046 3002 5084 esse
3025 5037 3078 5081 et
3098 5043 3161 5081 ex
3188 5022 3395 5079 duabus
3413 5020 3514 5077 illis
3541 5037 3672 5093 quas
3688 5019 3745 5073 in
3761 5028 3966 5074 antece.

2400 5112 2513 5167 dixi
2531 5111 2837 5166 determino
2859 5110 3003 5163 sinus
3033 5103 3260 5176 Argolici
3289 5112 3525 5157 veterum
3547 5098 3815 5154 sententiis
3831 5096 3968 5151 male

2400 5193 2678 5248 conflatam
2705 5190 2950 5245 dicerem.
2979 5190 3094 5243 Jam
3121 5202 3246 5238 vero
3266 5182 3334 5237 de
3353 5182 3452 5237 hac
3473 5200 3533 5235 re
3555 5178 3722 5253 probe
3753 5176 3894 5230 inter
3909 5194 3967 5230 se

2400 5273 2731 5328 consentiunt
2759 5282 2810 5325 et
2842 5268 3161 5343 Pomponius
3186 5264 3323 5320 Mela
3349 5274 3404 5318 et
3441 5262 3628 5318 Strabo
3653 5269 3704 5314 et
3726 5257 3960 5323 Plinius,
