4584 6284
620 572 695 624 ⁴⁰

1850 556 2197 619 moNYsll
2236 558 2603 619 BYZANTII

620 693 876 767 tmpetlit‚·
918 691 1115 745 multas
1158 707 1319 743 nates
1362 687 1482 743 vicli
1520 698 1736 743 onustas
1774 687 1993 741 secundo
2029 700 2181 742 vento
2265 707 2382 743 cere
2409 688 2689 745 videamus.
2765 691 2898 759 Quat
2923 688 2992 743 de
3025 705 3340 743 cancrorum
3377 690 3563 743 itincre
3587 688 3820 744 terrestri

616 791 877 834 currentes
902 778 1253 833 tetmccssisse
1261 778 1439 847 fluctu
1461 785 1791 849 oppugnante
1808 786 2015 829 ventum
2024 797 2047 840 ,-
2068 794 2178 829 rut·-

617 887 709 924 rus
734 887 856 924 vero
886 867 967 922 ad.
998 885 1137 921 saxa
1155 865 1507 940 pmmontorii
1534 864 1815 919 revertitur
1837 862 2055 939 impetus
2088 883 2179 918 un-

617 953 833 1020 darum,
864 965 917 1007 et
952 972 1018 1008 ex
1045 951 1355 1014 refractione
1394 950 1538 1005 velut
1571 949 1788 1005 avulsus
1816 962 1867 1004 et
1908 962 2180 1023 separatus

619 1060 656 1095 a
680 1040 867 1115 pelago
894 1051 1080 1094 contra
1093 1038 1342 1111 pelagum
1372 1036 1482 1111 ipse
1494 1055 1597 1111 pet·
1621 1053 1677 1090 se
1702 1054 1908 1091 cue-rens
1934 1048 2178 1106 urgetur.-

618 1128 854 1201 undefit,
883 1138 945 1181 ut
970 1137 1145 1180 nautoe
1166 1142 1363 1179 necesse
1385 1124 1645 1189 habeant,
1674 1124 1775 1179 iter
1788 1124 2007 1199 pedibus
2029 1126 2179 1189 confi-

618 1214 842 1280 cientes,
855 1212 1088 1283 sunibas
1116 1230 1277 1267 naves
1304 1212 1528 1279 trahere,
1562 1211 1617 1266 in
1633 1215 1963 1285 quasfluaeas
1988 1213 2181 1267 multus

622 1304 901 1358 incursans
942 1312 1135 1354 nautas
1166 1300 1228 1355 vi
1265 1300 1381 1365 agit
1398 1341 1411 1365 ,
1440 1311 1491 1353 et
1530 1300 1751 1355 retrahit
1780 1319 1833 1354 in
1868 1301 2178 1354 contrariam

616 1399 829 1463 partem
842 1427 857 1453 ,
898 1399 1159 1459 metusque
1192 1397 1243 1442 et
1269 1384 1561 1459 desperatio
1596 1384 1760 1447 subit.
1802 1397 2049 1459 tanquam
2078 1405 2177 1440 non

626 1474 814 1530 iterum
852 1471 1155 1528 tentandum
1180 1474 1276 1527 sit.
1310 1476 1691 1547 Nonnunquam
1734 1473 1977 1538 fiuctibus
2000 1472 2174 1528 ceden-

630 1562 774 1616 tibus
816 1560 893 1614 ad
932 1559 1050 1634 ipsa
1092 1578 1229 1616 saxa
1270 1558 1558 1633 crepidinis
1607 1559 1824 1614 littorea
1868 1559 2178 1614 contendunt

625 1658 809 1701 contra
816 1647 1039 1716 fluctus,
1042 1644 1321 1717 firmantes
1336 1662 1498 1699 remos
1515 1643 1592 1699 ad
1604 1656 1800 1709 cautes,
1821 1656 1871 1699 et
1890 1644 2001 1699 vim
2017 1645 2179 1699 maris

630 1732 863 1786 inhibent
898 1731 1105 1786 auxilio
1129 1731 1461 1787 continentis.
1538 1735 1725 1789 Postea
1753 1749 1873 1785 vero
1906 1750 2061 1805 quam
2094 1750 2177 1785 co·

628 1817 783 1872 lonioe
814 1816 1141 1882 deductores,
1178 1816 1589 1892 promontorium
1626 1816 1933 1891 Bosporium
1964 1829 2177 1889 proeten-

621 1904 790 1971 gressi
806 1944 822 1969 ,
884 1902 1130 1959 viderunt
1181 1921 1423 1972 magnam
1468 1901 1855 1958 multitudinem
1914 1902 2177 1959 barbarici

625 1991 885 2045 exemitus
908 2002 1066 2045 tenere
1092 2010 1237 2045 oram
1263 1990 1605 2057 maritimam,
1637 1990 1690 2044 in
1710 2008 1865 2065 quam
1883 1989 2179 2045 descenden-

625 2076 751 2131 dum
773 2087 905 2139 erat.
924 2088 1244 2151 occuparunt
1256 2076 1424 2133 Iocum
1438 2089 1451 2113 ⁸
1472 2089 1825 2150 nuncupatum
1834 2075 2068 2142 Hestias,
2081 2094 2175 2130 va-

625 2182 781 2218 cnum
802 2182 838 2218 a
864 2162 1167 2219 custodibus
1181 2205 1197 2227 ,
1229 2174 1281 2217 et
1303 2162 1546 2217 barbaris
1575 2173 1972 2217 anteum-terunt.
2048 2162 2175 2217 Fuit

623 2250 759 2306 enim
785 2251 895 2305 illis
917 2250 1306 2325 compendiaria
1326 2250 1617 2319 navigatio,
1648 2262 1710 2304 at
1730 2250 1970 2305 barbaris
1992 2251 2171 2319 longas

624 2349 775 2392 term
789 2336 1044 2394 cincnitus
1062 2336 1127 2391 ob
1147 2336 1319 2392 sinus.
1392 2340 1826 2392 Demonstrantur
1848 2348 2019 2391 autem
2034 2356 2171 2410 quoe·

620 2422 745 2478 dam
782 2424 980 2478 semita·
1007 2422 1370 2496 ¹impressione-s
1406 2423 1461 2477 in
1493 2423 1646 2477 saxis
1673 2440 1970 2479 cancrorum
2016 2432 2171 2479 man·-

620 2527 801 2564 norum
824 2508 1060 2582 pedestri
1086 2509 1267 2563 itincre
1304 2507 1699 2581 rapidissimam
1712 2511 1923 2579 fluxum
1958 2524 2169 2584 ματτομ-

619 2596 871 2651 euntium.

686 2682 813 2736 Haec
837 2679 1047 2754 quidem
1073 2682 1353 2753 Dionysius
1376 2692 1514 2736 necte
1540 2692 1736 2736 narrat.
1810 2680 1935 2737 Vidi
1958 2684 2065 2757 ipse
2090 2685 2163 2739 ibi

616 2788 739 2824 saxa
766 2770 941 2823 attrita
966 2770 1121 2840 longo
1154 2786 1463 2823 cancrorum
1490 2786 1743 2835 excursu3
1772 2788 1834 2824 ac
1868 2769 1914 2823 si
1956 2788 2061 2824 non
2092 2772 2166 2823 vi-

613 2854 803 2909 dissem
821 2894 837 2921 ,
869 2874 899 2908 a
932 2874 1055 2910 vero
1082 2865 1343 2910 remotum
1373 2872 1480 2909 non
1513 2855 1920 2921 existimassem,
1950 2874 2165 2910 mucro·

613 2959 730 2995 rum
758 2941 1046 3012 forcipibus
1074 2940 1223 2995 duris
1257 2958 1408 3013 posse
1433 2941 1584 2995 atteri
1606 2959 1729 2995 saxa
1752 2981 1767 3007 ,
1802 2959 1923 2996 cum
1960 2941 2167 2996 assiduo

612 3027 805 3099 pedum
849 3028 1033 3081 attritu
1072 3026 1314 3081 formicas
1351 3044 1601 3082 excavare
1633 3026 1799 3081 silices
1824 3028 2061 3099 viamque
2093 3028 2167 3081 sa·

620 3234 664 3289 in
702 3239 895 3309 quibus
934 3236 1188 3309 quidnam
1226 3237 1412 3303 lateat,
1448 3236 1740 3292 eruendum
1786 3238 1993 3292 videtur
2020 3257 2050 3291 e
2086 3257 2163 3293 se·

614 3316 934 3384 quentibus:
963 3332 1099 3367 nunc
1119 3315 1255 3368 enim
1278 3334 1417 3368 mae-e
1444 3316 1625 3369 miscet
1644 3327 1693 3368 et
1720 3316 1931 3369 conma-
1920 3316 1979 3369 ·it
2005 3316 2058 3369 in
2084 3334 2167 3369 on-

614 3394 757 3459 bcm,
796 3410 931 3446 nnnc
968 3392 1189 3465 impetus
1233 3391 1489 3445 undarum
1524 3391 1579 3445 in
1616 3403 1940 3447 contrariam
1962 3404 2167 3464 partem

616 3470 1485 3617 ffiptlfssfiifflsst'zffitiil‘ffll,
1499 3471 1656 3604 ‘33:35
1682 3463 2077 3620 ξῖῗῗεῗὲαέ
2104 3474 2172 3605 Ξέἶ

616 3630 795 3701 ὁμοίαν
839 3634 1043 3684 κυκεῶνι
1089 3628 1173 3683 καὶ
1206 3626 1457 3701 ἁναρροίᾳ.
1494 3628 1571 3683 Ut
1610 3628 1843 3683 κυκᾶσθαι
1882 3644 2023 3682 mare
2062 3630 2171 3684 110-

618 3728 795 3764 merus
816 3708 963 3775 dicit,
983 3708 1060 3763 sic
1074 3714 1293 3763 κυκεῶνα
1313 3708 1445 3761 mari
1466 3706 1651 3762 tribuit
1666 3706 1910 3779 Synesius
1924 3706 1979 3760 in
1999 3708 2163 3779 Epist.

619 3794 673 3854 t..
700 3807 757 3861 p.
784 3792 903 3851 166,
934 3788 993 3846 C.
1017 3804 1031 3841 z
1060 3785 1267 3861 ἠκόσμει
1293 3786 1355 3841 τὰ
1374 3786 1652 3859 πνεύματα,
1676 3786 1811 3854 καὶὴ
1840 3786 2059 3841 θάλασσα
2084 3807 2168 3841 κυ-

619 3867 745 3922 κεὼν
766 3866 1005 3940 ίγεγόνει.

693 3958 709 3983 ¹
747 3950 1081 4019 Occupat-unt
1120 3943 1327 4016 Iocum]
1374 3944 1449 3998 Ut
1474 3945 1675 4015 integra
1708 3945 1780 3998 sit
1828 3953 1881 3997 et
1916 3944 2168 3999 cohaereat

620 4026 878 4089 narratio,
913 4022 1099 4077 Hestiae
1125 4022 1181 4076 in
1208 4041 1271 4076 eo
1299 4023 1414 4095 ipso
1441 4021 1559 4076 loco
1584 4022 1738 4076 fuisse
1755 4021 1949 4077 debent
1969 4022 2035 4076 dc
2062 4040 2168 4093 quo

618 4103 673 4157 in
702 4100 1121 4175 pmcedentibus
1159 4112 1213 4155 et
1255 4101 1593 4173 sequentibus
1618 4119 1790 4155 sermo
1826 4109 1934 4165 cst,
1966 4102 2002 4155 i.
2032 4118 2080 4156 e.
2111 4102 2163 4154 in

616 4182 982 4254 promontorio
1012 4178 1079 4233 ad
1102 4183 1317 4234 Arnaut
1344 4179 1433 4234 koi
1454 4181 1585 4245 sito,
1627 4192 1809 4236 contra
1835 4179 1976 4251 quod
2016 4181 2165 4235 vehe-

618 4279 763 4314 mens
793 4260 955 4313 fertur
982 4260 1174 4313 fluctus
1212 4260 1462 4315 marinus.
1507 4261 1711 4313 Nomen
1750 4258 1937 4313 Ἑστίαι
1963 4259 2030 4314 de
2064 4262 2165 4314 aris

620 4355 741 4409 quae
766 4338 823 4392 in
849 4336 953 4390 hoc
978 4336 1095 4391 loco
1120 4336 1365 4409 periculis
1393 4337 1547 4411 pleno
1576 4316 1743 4390 nau⁹tae
1778 4353 1877 4408 pm
1902 4354 2046 4390 more
2069 4354 2165 4408 po-

620 4430 860 4484 suerant,
902 4415 1269 4490 expiicandum
1317 4436 1427 4473 esse
1472 4417 1697 4473 videtur.
1746 4419 1879 4486 Quae
1924 4435 1956 4471 a
1996 4416 2164 4471 Plinio

619 4504 681 4565 5,
714 4502 809 4565 44,
836 4500 867 4567 5
898 4498 997 4553 1⁵0
1023 4498 1078 4550 in
1106 4497 1335 4553 Asiatico
1373 4497 1591 4568 Bospori
1619 4495 1771 4549 litore
1812 4507 2165 4551 ωεωοηιιιιιι

623 4586 802 4651 Ustica,
830 4604 891 4639 ea
916 4584 1103 4640 ordine
1120 4584 1355 4640 locorum
1376 4584 1659 4641 mres-ende
1679 4594 1803 4637 sunt
1818 4581 1885 4637 ad
1908 4600 2021 4637 aras
2038 4582 2163 4637 deo-

618 4684 739 4720 rum
776 4666 1023 4737 angustiis
1064 4666 1193 4719 Fani
1236 4665 1381 4719 Jovis
1420 4664 1537 4719 Urii
1582 4661 1891 4734 adjacentes.
1938 4664 2019 4716 De
2060 4664 2162 4717 situ

618 4748 998 4819 Europaei-um
1035 4744 1335 4799 Bestiarum
1370 4762 1400 4798 e
1422 4744 1623 4815 Polybii
1660 4742 1831 4797 verbis
1866 4740 1928 4796 τὰ
1952 4740 2059 4815 περὶ
2082 4741 2165 4807 τὰς

626 4822 820 4888 Ἑστίας
837 4824 962 4895 ἄκρα
977 4822 1257 4895 καλούμενα
1276 4823 1607 4889 accuratioris
1626 4820 1752 4874 nibil
1779 4820 1947 4891 colligi
1972 4832 2158 4892 potest.

616 4903 780 4973 Quod
814 4904 1133 4957 Sozomenus
1168 4902 1370 4957 Hestias
1404 4917 1525 4954 cum
1567 4900 1681 4954 vico
1718 4899 1993 4954 Michaelio
2021 4918 2166 4953 com-

615 4983 787 5054 ponit,
814 4979 872 5034 id
892 4980 1127 5052 Gyuium
1144 4978 1353 5033 induxit
1376 4990 1433 5034 ut
1456 4989 1624 5033 totum
1646 4987 1869 5032 tractum
1886 4978 1977 5049 qui
2001 4996 2032 5031 a
2048 4978 2165 5033 vico

613 5060 893 5116 Michaelio
928 5059 995 5113 ad
1022 5060 1443 5131 promontorium
1477 5060 1699 5131 pertinet
1726 5058 1928 5111 Hestias
1966 5056 2161 5112 dictum

614 5156 727 5192 esse
758 5138 1142 5207 suspicet-etun
1179 5137 1309 5191 mibi
1346 5138 1660 5191 sozomenus
1698 5152 1885 5206 parum
1928 5148 2163 5190 accurata

614 5214 822 5269 tradere
852 5214 1078 5269 videtur.
1105 5215 1351 5268 Ceterum
1378 5212 1447 5267 de
1484 5210 1685 5267 Ἑστιῶν
1714 5212 1941 5265 nominis
1964 5213 2163 5283 origine

610 5294 763 5348 aliam
794 5294 1147 5348 narrationem
1175 5291 1331 5346 babet
1358 5292 1647 5365 Hesychius
1676 5290 1909 5345 Milesius
1934 5308 1988 5363 p.
2024 5291 2158 5347 150:

620 5368 706 5435 Ὧς
732 5366 819 5425 οὖν
848 5371 937 5423 σὺν
959 5369 1152 5425 πλείοσι
1178 5369 1320 5424 ναυσὶ
1346 5369 1377 5423 ὁ
1401 5368 1577 5432 Δι’νεως
1605 5366 1862 5436 (Δίναιος,
1896 5367 2161 5437 Codinus)

2263 777 2545 849 Dionysius
2582 775 2796 843 scribit,
2834 776 3068 831 AEliauus
3093 788 3113 813 ²
3157 775 3462 840 confirmat,
3493 776 3586 829 sed
3617 777 3674 829 in
3713 794 3820 848 qua

2262 864 2480 935 Bospori
2507 874 2654 935 parte
2677 863 2734 918 id
2757 863 2874 930 flat,
2903 882 3010 918 non
3033 863 3272 936 explicat.
3313 888 3334 910 ι
3366 867 3430 918 In
3451 864 3680 917 Thracio
3696 902 3714 930 ,
3739 866 3822 919 iu·

2264 950 2397 1020 quit,
2427 950 2660 1023 Bosporo
2692 950 2882 1004 fluctus
2918 947 3087 1023 rapidi
3112 968 3178 1005 ex
3210 951 3383 1004 Ponto
3409 948 3740 1015 deseruntur,
3765 960 3820 1005 et

2262 1038 2508 1109 angustiis
2546 1036 2947 1109 distringantur,
2980 1048 3041 1092 ut
3073 1055 3288 1091 cancros
3327 1046 3511 1091 contra
3553 1037 3819 1092 venientes

2264 1124 2412 1179 facile
2448 1136 2681 1179 evertere
2721 1126 2947 1198 possint3
2991 1124 3136 1197 quod
3175 1128 3345 1199 ipsum
3382 1124 3558 1179 cancri
3598 1142 3822 1197 praesen·

2266 1212 2476 1274 tientes,
2507 1222 2782 1283 postquam
2809 1229 2873 1265 eo
2897 1221 3274 1283 pervenerunt,
3300 1211 3494 1283 singuli
3520 1212 3574 1264 in
3602 1211 3818 1266 sinuoso

2263 1298 2493 1369 quodam
2517 1297 2632 1353 loco
2658 1316 2713 1352 se
2741 1309 2948 1365 tenent,
2974 1298 3130 1353 simul
3152 1310 3206 1353 et
3227 1298 3454 1371 reliquos
3479 1308 3815 1371 exspectant,

2262 1383 2453 1438 deinde
2477 1386 2530 1437 in
2557 1382 2783 1439 eundem
2805 1384 2981 1439 locum
3019 1386 3343 1456 congregati,
3391 1384 3700 1457 adrepentes
3722 1402 3820 1457 per

2262 1471 2550 1542 praecipites
2583 1468 2902 1542 crepidines,
2933 1471 2987 1523 in
3015 1470 3212 1525 siccum
3251 1469 3572 1537 ascendunt,
3598 1480 3652 1525 et
3684 1470 3817 1525 fluc-

2265 1568 2417 1611 tuum
2455 1558 2560 1610 vim
2583 1555 2845 1627 evadunt,
2876 1557 2974 1611 iter
2999 1556 3220 1630 pedibus
3249 1558 3600 1613 conficientes.
3676 1559 3816 1613 Cum

2262 1654 2436 1698 autem
2482 1642 2618 1697 hanc
2665 1641 2964 1698 violentiam
3010 1642 3234 1716 pedibus
3274 1644 3619 1716 praetergressi
3647 1655 3772 1700 sunt
3789 1683 3806 1711 ,

2261 1747 2444 1785 rursus
2467 1746 2562 1801 per
2586 1728 2878 1800 crepidines
2905 1730 2960 1782 in
2989 1746 3133 1783 mare
3169 1738 3466 1783 recurrunt.
3501 1753 3524 1777 ι
3581 1727 3811 1785 Adverte

2262 1834 2370 1870 non
2395 1814 2555 1869 modo
2581 1815 2685 1870 hoc
2713 1816 3136 1887 promontorium
3177 1816 3380 1869 Hestias
3407 1816 3686 1887 appellari,
3719 1816 3810 1870 sed

2259 1902 2416 1955 etiam
2443 1901 2606 1971 magis
2633 1902 2847 1973 proprie
2876 1901 3188 1957 maritimam
3211 1900 3480 1973 planitiem
3503 1912 3812 1973 promonto-

2259 1991 2342 2043 rio
2378 1989 2636 2053 clausam,
2665 1988 2757 2043 ubi
2788 1988 2930 2043 vicus
2955 1988 3288 2055 Michaelius,
3312 2007 3470 2061 quem
3497 1991 3815 2044 sozomenus

2256 2078 2417 2130 situm
2441 2094 2552 2129 esse
2575 2074 2706 2129 dicit
2733 2077 2788 2129 in
2814 2076 3006 2130 Hestiis
3041 2077 3383 2149 nuncupatis,
3428 2078 3516 2131 cui
3559 2078 3818 2132 consentit

2259 2162 2505 2237 Polybius
2530 2167 2617 2231 (4,
2649 2163 2716 2227 43
2733 2202 2748 2229 ,
2782 2163 2813 2217 5
2830 2166 2872 2232 ),
2889 2180 3011 2217 cum
3039 2162 3359 2217 antedictum
3387 2165 3815 2237 promontorium

2255 2252 2476 2325 appellat
2509 2244 2575 2303 τὰ
2603 2243 2726 2323 περὶ
2757 2242 2849 2309 τὰς
2877 2240 3094 2310 Ἑστίας
3134 2243 3270 2323 ἄκρα
3297 2243 3597 2319 καλούμενα
3642 2264 3658 2303 :
3695 2270 3815 2323 quae

2255 2337 2476 2390 Perotus
2503 2336 2663 2389 vertit
2686 2336 3110 2407 promontorium
3135 2336 3327 2389 neatiae
3355 2352 3369 2389 z
3407 2338 3596 2389 rectius
3634 2337 3817 2390 vertis·

2253 2432 2332 2475 set
2375 2423 2798 2494 promontorium
2841 2423 2980 2476 circa
3011 2422 3248 2487 Hestias,
3288 2433 3380 2477 aut
3417 2424 3682 2487 Bestiam,
3712 2423 3815 2478 nisi

2254 2508 2393 2561 huuc
2420 2507 2592 2561 locum
2636 2508 2839 2561 Bestias
2875 2508 2930 2560 in
2966 2524 3190 2562 numero
3223 2507 3458 2579 plurium
3501 2508 3818 2580 appellarent

2250 2592 2528 2665 Polybius,
2555 2594 2874 2648 Sozomenus
2891 2634 2907 2657 ,
2934 2594 3218 2665 Dionysius
3241 2593 3540 2664 Byzantius.
3617 2596 3698 2647 Ex
3726 2611 3817 2647 cu·

2244 2680 2334 2753 jus
2355 2682 2552 2747 causis,
2583 2698 2713 2754 quas
2735 2680 2890 2735 affert
2905 2723 2921 2745 ,
2949 2698 3046 2735 cur
3071 2679 3399 2753 appellentur
3428 2682 3620 2735 Hestiae
3640 2721 3658 2749 ,
3683 2683 3817 2736 veri-

2250 2767 2469 2822 similius
2519 2767 2726 2821 videtur
2773 2766 2990 2822 coloniae
3045 2765 3358 2821 deductores
3421 2778 3812 2839 praetergressos

2249 2856 2674 2927 promontorium
2712 2857 3022 2927 Bosporium
3043 2894 3059 2921 ,
3104 2872 3226 2909 cnm
3253 2853 3504 2909 vidissent
3531 2856 3813 2909 maximam

2252 2942 2644 2997 multitudinem
2672 2942 2930 2997 barbarici
2958 2944 3217 2997 exereitus
3240 2952 3416 2997 tenere
3442 2961 3588 2997 oram
3615 2944 3815 2997 mariti·

2256 3046 2425 3095 mam,
2452 3025 2518 3081 ad
2549 3046 2706 3100 quam
2726 3027 3044 3083 descendere
3062 3029 3162 3100 ipsi
3179 3029 3573 3093 constituerant,
3601 3028 3813 3084 classem

2256 3238 2322 3302 εἰς
2349 3238 2633 3312 συμμαχίαν
2661 3233 2750 3305 ἧκε
2775 3242 2862 3295 τοῦ
2889 3240 3129 3302 Βῦζαντος
3153 3238 3331 3312 (quem
3358 3238 3634 3293 Strombus
3657 3238 3816 3293 frater

2256 3315 2391 3371 bello
2433 3316 2754 3388 petiverat),
2795 3314 2862 3389 μὴ
2907 3316 3128 3384 δυνηθεὶς
3161 3319 3499 3387 προσορμῆσαι
3539 3318 3605 3389 τῇ
3640 3315 3810 3381 πόλει,

2258 3393 2368 3463 ἄρτι
2393 3395 2478 3445 τοῦ
2503 3392 2738 3463 βασιλέως
2760 3393 2915 3447 αὖτῶν
2944 3394 3186 3456 Βύζαντος
3208 3390 3597 3464 μεταλλάξαντος
3622 3392 3706 3445 καὶ
3729 3398 3814 3447 τοῦ

2256 3470 2415 3542 δήμου
2439 3471 2620 3535 παντὸς
2645 3468 2696 3523 ἰν
2723 3470 2912 3544 ἀγωνίᾳ
2935 3472 3292 3542 τυγχάνοντος,
3322 3472 3440 3542 πρὸς
3459 3470 3544 3524 τὸν
3570 3470 3815 3543 καλούμε-

2258 3568 2342 3602 νον
2373 3548 2633 3604 Ἇνάπλουν
2681 3547 2904 3622 ἄφίκετο,
2944 3549 3062 3604 ἔνθα
3095 3550 3180 3604 καὶ
3218 3549 3463 3622 διατρίψας
3496 3546 3689 3611 Ἑστίας
3727 3549 3814 3623 τὀν

2255 3629 2406 3685 τόπον
2428 3627 2708 3702 ὠνόμασεν.

2329 3708 2600 3765 ²AElianus
2625 3710 2697 3765 Η.
2727 3714 2834 3765 Au.
2857 3710 2997 3776 vn,
3032 3713 3141 3774 24:
3174 3708 3261 3762 Ἐν
3299 3706 3354 3763 δὲ
3377 3706 3663 3781 τῷθρῳιίῳ
3689 3706 3814 3762 Boo·

2254 3788 2392 3861 πόρῳ
2417 3785 2609 3843 ἐπειδὰν
2635 3788 2694 3843 τὸ
2716 3786 2871 3861 ῥεῦμα
2896 3789 3052 3859 βίαιον
3071 3786 3124 3843 ἐκ
3145 3792 3232 3843 τοῦ
3251 3787 3441 3842 Πόντου
3468 3788 3812 3858 καταφίρηται,

2256 3867 2514 3938 βούλονται
2555 3867 2642 3941 μὲν
2685 3868 2734 3922 οἱ
2759 3868 2982 3939 καρκῖνοι
3015 3867 3133 3939 πρὸς
3170 3865 3390 3921 ἰναντίον
3421 3865 3694 3937 ὦθοῦμενοι
3725 3864 3813 3919 τὸν

2253 3944 2366 4017 ῥοῦν
2397 3947 2628 4019 βαδίζειν·
2658 3948 2766 4011 ταῖς
2791 3946 2844 4001 δε
2861 3946 3057 4019 ἄκραις,
3086 3948 3152 4010 ὣς
3178 3947 3236 4001 τὸ
3263 3946 3421 4012 εἰκός,
3453 3945 3725 4017 βιαιότερον
3747 3946 3805 4001 τ“ο

2251 4024 2406 4098 ῥεῦμα
2429 4026 2819 4099 περιρρήγνυται·
2834 4026 2947 4090 τοὺς
2971 4020 3058 4079 οὖν
3079 4027 3331 4097 καρκίνους
3345 4026 3530 4092 ὠθήσει
3549 4044 3603 4079 τε
3624 4026 3816 4089 πάντως

2250 4106 2334 4158 καὶ
2353 4103 2620 4177 ἀνατρέψει,
2643 4103 2687 4159 εἰ
2706 4104 2967 4177 μέλλουσιν
2989 4104 3110 4159 ἰέναι
3127 4110 3198 4177 τῷ
3220 4102 3290 4177 ῥῷ
3305 4103 3479 4176 ὁμόσε.
3503 4102 3566 4157 Οἱ
3591 4100 3644 4157 δὲ
3661 4108 3814 4158 ταῦτα

2251 4182 2506 4255 προΐσασι,
2537 4184 2622 4239 καὶ
2645 4181 2838 4238 tantam
2867 4182 3132 4255 ἀφίκωνται
3155 4186 3242 4251 τῆς
3263 4182 3411 4254 ἄκρας
3435 4181 3667 4248 πλησίον,
3707 4182 3817 4235 tza-

2252 4281 2363 4325 στος
2391 4261 2442 4317 ἔν
2472 4280 2566 4316 τινι
2589 4260 2834 4316 κολπὼδει
2853 4260 3026 4335 χωρίῳ
3053 4258 3164 4316 εἶτα
3187 4260 3358 4314 ἑαυτὸν
3387 4259 3568 4330 ἐπέχει,
3595 4258 3678 4313 καὶ
3700 4260 3814 4323 τοὺς

2250 4340 2449 4403 λοιποὺς
2475 4339 2726 4413 ἀναμένει·
2760 4338 2872 4394 εἶτα
2899 4338 3228 4412 ἆθροισθίντες
3254 4338 3303 4393 ἓν
3332 4337 3494 4409 ταῦτῷ
3510 4376 3526 4403 ,
3556 4337 3815 4410 προσανίρ-

2248 4438 2418 4475 πουσιν
2447 4418 2496 4483 ἔς
2520 4417 2609 4487 τὴν
2636 4422 2754 4491 γῆν,
2784 4419 2867 4474 καὶ
2897 4418 2955 4472 ἂν
2929 4424 3255 4491 ναρριχῶνται
3291 4417 3369 4473 ἐπὶ
3393 4417 3504 4480 τοὺς
3531 4415 3807 4489 κρημνοὺς,

2248 4498 2332 4551 καὶ
2347 4518 2405 4551 το
2435 4498 2648 4570 μάλιστα
2673 4496 2852 4570 ῥοῶδες
2875 4497 2960 4551 καὶ
2985 4497 3140 4569 βίαιον
3159 4499 3247 4551 τοῦ
3264 4496 3506 4566 πελάγους
3521 4493 3663 4558 πεζοὶ
3687 4494 3811 4565 ozip-

2248 4596 2442 4648 χονται·
2487 4574 2599 4631 εἶτα
2624 4574 2717 4638 ῐξω
2741 4579 2828 4644 τῆς
2851 4574 3000 4648 ἄκρας
3023 4575 3282 4648 γενόμενοι
3317 4572 3400 4628 καὶ
3425 4572 3813 4647 παραμείψαντες

2250 4656 2422 4723 αὗτήν,
2444 4653 2492 4718 ἔς
2511 4654 2600 4722 τὴν
2620 4654 2867 4709 θάλατταν
2882 4656 3102 4711 κατίασιν
3125 4648 3276 4717 αὖθις.
3299 4652 3563 4707 Φείδονται
3583 4651 3637 4706 δὲ
3650 4650 3816 4705 αὖτῶν

2252 4735 2300 4788 οἱ
2327 4734 2513 4800 ἇλιεις,
2537 4734 2616 4789 ὅτι
2641 4731 2834 4797 ξκόντες
2866 4730 2946 4787 ἰπὶ
2975 4730 3066 4799 τὴν
3098 4736 3194 4805 γῆν
3225 4732 3563 4804 προσίρπουσι,
3591 4730 3811 4797 σωθῆναι

2250 4814 2476 4886 δεόμενοι
2496 4812 2620 4886 ὁμοῦ
2647 4810 2844 4876 αὖτοῖς·
2872 4810 3044 4866 οὔκουν
3072 4810 3236 4875 αὖτοῗς
3261 4810 3553 4883 ὓπομίνουσι
3577 4811 3665 4863 τοῦ
3690 4806 3809 4861 κλύ-

2248 4898 2404 4961 δωνος
2425 4894 2711 4989 ἀγριώτεροι
2731 4896 2895 4949 δοκεῖν
2910 4896 2960 4949 οἱ
2975 4895 3240 4969 ἅνθρωποι.
3263 4893 3343 4951 cf.
3366 4892 3676 4954 PliniusIX,
3702 4888 3799 4944 51:

2260 4974 2507 5031 Universi
2543 4974 2828 5048 aliquando
2855 4987 3264 5063 congregantur-,-
3292 4991 3352 5026 os
3385 4970 3547 5026 Ponti
3581 4968 3811 5025 evincere

2250 5072 2350 5108 non
2363 5053 2577 5117 valent,·
2565 5052 3115 5126 ·quamobremegressi
3131 5052 3466 5112 circumeunt,
3489 5057 3809 5121 apparetque

2250 5132 2437 5185 tritum
2467 5132 2582 5189 iter.
2601 5130 2947 5186 Schneiderus
2970 5129 3058 5199 (ad
3077 5130 3266 5185 AElian.
3291 5127 3328 5181 l.
3349 5127 3388 5182 l.
3393 5126 3694 5198 >Euenum
3711 5140 3807 5177 sua

2249 5228 2279 5263 e
2305 5210 2561 5281 Dionysio
2587 5220 2770 5264 nostro
2796 5211 3076 5281 sumpsisse
3111 5209 3378 5281 opinatur.
3415 5202 3576 5273 Quod
3615 5219 3806 5275 parum

2248 5288 2518 5361 probabile
2537 5328 2551 5354 ,
2577 5306 2744 5362 quum
2769 5287 3050 5359 Dionysius
3071 5287 3278 5341 nonnisi
3307 5286 3487 5357 paucis
3507 5282 3679 5337 verbis
3701 5298 3808 5334 me-

2252 5368 2462 5422 minisse
2489 5366 2694 5422 videtur
2719 5368 2826 5432 nei,
2867 5384 3022 5439 quam
3061 5366 3224 5421 fusius
3255 5365 3472 5437 exponit
3512 5362 3765 5417 AElianus.
