4584 6284
1787 449 2248 512 DESCRIPTIO
2289 446 2515 511 omns
2556 449 2857 512 TERRAE.
3810 471 3922 523 188

718 588 798 644 vis
813 589 915 644 late
937 586 1124 660 Libyci
1143 586 1274 641 furit
1299 602 1542 657 equoris.
1559 585 1680 639 Una
1702 584 1775 637 ibi
1795 584 1960 656 Syrtis
1973 624 1988 645 ,

715 686 796 731 ast
819 675 977 730 aliam
997 672 1218 728 ulterius
1239 671 1372 727 freta
1392 670 1718 744 prolabentia
1735 668 1959 725 tendunt
1973 709 1990 735 ,

573 778 686 829 645
713 781 982 838 parvaque
1005 760 1228 817 maleo
1255 762 1611 817 circumsonat
1635 776 1844 831 equore
1869 760 2107 813 Meninx.

561 845 684 929 (tao)
713 852 918 907 Rursus
938 851 996 904 in
1021 846 1338 904 Hadriacam
1361 846 1598 901 lembum
1617 846 1924 917 cogentibus
1943 842 2142 899 undam
2161 882 2178 910 ,

711 949 768 995 et
785 939 980 995 laevum
1007 954 1168 993 curva
1191 936 1403 1009 pelagus
1425 933 1744 990 sulcantibus
1768 932 1912 997 alno,

711 1026 882 1081 insula
909 1043 966 1080 se
985 1024 1132 1079 Graii
1156 1021 1426 1079 Diomedis
1447 1022 1650 1093 gurgite
1672 1020 1900 1093 promit,

710 1112 916 1167 Italiam
936 1121 1176 1184 spectans
1199 1120 1253 1165 et
1272 1108 1474 1183 iapygia
1490 1126 1613 1163 arva
1631 1106 1822 1163 mloni.

565 1214 680 1262 6.ῖο
710 1201 834 1255 Huc
851 1198 1002 1253 illum
1025 1207 1179 1251 motoe
1202 1194 1466 1269 quondam
1492 1192 1611 1248 tulit
1631 1196 1708 1249 ira
1730 1195 1925 1247 Diones
1939 1232 1957 1257 ,

561 1287 680 1360 (aaa)
710 1298 991 1361 postquam
1016 1304 1112 1359 per
1133 1285 1321 1341 celeres
1347 1292 1603 1339 extorrem
1623 1282 1781 1337 traxit
1801 1280 1980 1335 Iberos
2007 1297 2022 1333 ε

711 1371 954 1445 conjugis
971 1372 1076 1427 huc
1099 1370 1226 1425 dine
1243 1371 1384 1425 misit
1409 1368 1556 1424 l’uror
1577 1366 1833 1439 AEgialeoe.

710 1462 854 1516 Ionii
880 1462 923 1515 si
947 1460 1063 1532 quis
1085 1469 1193 1514 rate
1210 1475 1416 1512 rursum
1436 1456 1622 1511 caerula
1647 1464 1826 1509 currat

711 1564 922 1619 equora
935 1586 952 1612 ,
978 1558 1031 1601 et
1052 1564 1172 1599 eoos
1193 1544 1428 1617 cymbam
1451 1542 1708 1615 producat
1731 1542 1786 1595 in
1813 1550 1962 1595 ortus
1976 1578 1994 1605 ,

567 1639 679 1692 655
707 1634 922 1707 Absyrti
943 1644 1114 1689 cautes
1137 1644 1188 1687 et
1213 1631 1418 1686 crebras
1433 1632 1674 1704 protinus
1690 1648 1835 1685 arces

706 1722 951 1778 inveniet.
982 1720 1200 1775 Colchos
1221 1719 1328 1774 huc
1353 1716 1620 1791 quondam
1649 1735 1776 1772 cura
1797 1714 2034 1789 fidesque

557 1794 675 1875 (¹⁹⁰)
704 1810 915 1875 extulit,
937 1809 1168 1862 insanam
1186 1816 1438 1863 sectantes
1461 1806 1724 1862 AEetinen.

699 1896 811 1950 Nee
829 1895 1012 1969 procul
1029 1894 1163 1949 Ionii
1189 1910 1287 1967 per
1313 1902 1456 1964 terga
1482 1890 1803 1948 Liburnides
1831 1900 2021 1947 astam.

695 1984 861 2056 Inque
887 1993 1070 2039 notum
1095 1992 1214 2055 post
1239 1981 1355 2036 dira
1381 1982 1638 2036 Ceraunia
1659 1979 1874 2035 carbasa
1889 1980 1934 2034 si
1956 1980 2078 2052 quis

554 2085 666 2137 660
694 2082 960 2144 torqueat,
981 2082 1035 2126 et
1058 2070 1261 2145 tepidos
1278 2070 1510 2125 lembum
1529 2070 1754 2124 declinet
1775 2070 1830 2123 in
1848 2087 2000 2137 axes,

693 2160 1148 2219 Ambraciotamm
1175 2158 1464 2214 succedunt
1487 2160 1734 2232 protinus
1751 2175 1898 2211 arces
1914 2196 1930 2224 ,

691 2248 1002 2321 Alcinoique
1021 2247 1212 2304 domus
1229 2246 1488 2321 pandetur
1508 2248 1740 2318 Corcyra
1763 2262 1978 2299 rursum
1997 2286 2013 2309 ,

693 2336 920 2409 corcyra
937 2346 1144 2408 compta
1168 2334 1364 2401 solum,
1393 2333 1640 2407 locupleti
1663 2334 1896 2405 Corcyra
1919 2332 2088 2387 sulco.

542 2412 667 2487 (ΑΒ)
691 2424 842 2479 Hanc
867 2440 1024 2495 super
1047 2432 1125 2477 est
1145 2421 1292 2476 tellus
1309 2462 1324 2487 ,
1349 2420 1515 2475 Ithaci
1546 2431 1694 2474 vetus
1719 2420 1834 2474 aula
1863 2420 2104 2492 tyranni,

550 2500 664 2552 665
691 2509 857 2564 exulis
878 2518 931 2563 et
947 2518 1061 2562 toto
1077 2508 1260 2580 raptati
1277 2526 1410 2581 sepe
1425 2506 1719 2581 profundo.

690 2595 922 2651 Plurima
941 2605 1190 2667 praterea
1215 2604 1535 2664 consurgunt
1557 2594 1765 2664 gurgite
1789 2609 1912 2645 saxa
1929 2631 1945 2658 ,

690 2700 806 2755 quae
829 2690 1101 2754 protentus
1124 2698 1286 2752 aquas
1307 2680 1570 2735 Achelous
1592 2678 1814 2753 pulcher
1836 2678 2064 2735 oberrat.

686 2770 1038 2841 Amnisusque
1058 2767 1250 2823 debinc
1268 2768 1392 2823 alias
1412 2768 1734 2823 circumfluit
1753 2766 1894 2821 unda
1908 2806 1925 2831 ‚

684 2876 800 2931 quae
817 2868 991 2912 tamen
1009 2858 1064 2911 in
1081 2856 1277 2911 borean
1303 2866 1525 2928 vergunt
1547 2856 1710 2928 magis
1733 2872 1747 2911 z
1768 2856 1934 2927 Egila
1952 2872 2112 2925 parva

543 2954 656 3007 ⁶70
680 2955 735 3001 et
755 2962 973 3019 procera
998 2956 1154 3018 caput
1176 2956 1481 3017 turgescunt
1507 2944 1728 3017 pulchra
1749 2943 1975 3017 Cythera
1993 2962 2010 3009 ;

536 3024 656 3103 (wo)
681 3033 877 3087 eminet
896 3031 988 3086 hic
1011 3031 1166 3085 etiam
1188 3048 1373 3085 saxosa
1393 3028 1632 3085 Calauria
1648 3028 1820 3101 juxta.

683 3118 972 3189 Carpathus
996 3116 1084 3171 bic
1107 3134 1264 3190 rupes
1291 3116 1576 3182 attollitur3
1601 3116 1716 3170 hac
1742 3125 1915 3171 tamen
1937 3132 2090 3169 axem

683 3203 892 3273 respicit
915 3201 1210 3256 occiduum.
1233 3203 1422 3256 Nutrix
1452 3201 1539 3256 bic
1565 3204 1720 3256 Creta
1746 3202 2036 3267 Tonantis,

684 3287 849 3341 multa
867 3287 1000 3341 latus
1015 3328 1032 3352 ,
1055 3287 1360 3359 glebamque
1387 3286 1532 3341 l’erax
1553 3297 1606 3341 et
1627 3288 1807 3360 opima
1832 3288 2096 3341 virentum
2115 3323 2132 3349 ,

545 3380 660 3433 6⁴15
686 3373 902 3444 erigitur
921 3372 1116 3445 pelago.
1145 3374 1350 3429 Cretam
1370 3390 1529 3446 super
1547 3374 1710 3429 astitit
1735 3372 1864 3438 Ida,

685 3459 783 3515 Ida
801 3460 1097 3533 procellosis
1117 3462 1314 3533 agitans
1340 3460 1674 3535 aquilonibus
1699 3480 1881 3517 ornos.

531 3548 659 3629 (⁵0⁵)
693 3550 806 3605 Nec
821 3550 1006 3623 procul
1025 3551 1302 3623 AEgyptum
1328 3549 1544 3607 Rhodus
1566 3550 1798 3623 adjacet3
1827 3549 2028 3623 adjacet
2054 3567 2204 3605 oram

685 3636 975 3704 Suniados,
1001 3656 1106 3710 qua
1125 3657 1182 3693 se
1202 3638 1476 3712 praetendit
1499 3657 1677 3713 cespes
1701 3640 2002 3706 Ala-ntum,

685 3722 870 3778 fertilis
895 3724 1092 3796 AEginae
1117 3725 1267 3779 tellus
1289 3736 1342 3779 et
1361 3726 1536 3799 opima
1560 3726 1795 3782 Salamis.

538 3821 655 3873 680
685 3810 848 3865 Lucis
869 3810 938 3865 ab
962 3822 1148 3866 exortu
1161 3852 1178 3879 ,
1207 3811 1511 3885 Pamphylia
1529 3831 1636 3886 qua
1655 3824 1804 3868 cavat
1823 3824 2004 3869 ustum

681 3897 1004 3971 prolabentis
1026 3916 1175 3973 aquae
1193 3900 1398 3973 Cyprus
1423 3900 1526 3956 alta
1549 3902 1780 3973 cingitur
1797 3902 1944 3957 unda
1957 3943 1974 3969 ,

681 3994 840 4057 atque
866 3984 1072 4039 Dionaei
1094 3986 1331 4059 pulsatur
1349 3986 1518 4041 litoris
1535 3998 1667 4043 acta.

523 4060 646 4137 (sto)
674 4069 810 4125 Inde
831 4070 1153 4126 Chelidonia
1179 4073 1272 4127 tris
1294 4090 1405 4127 sese
1421 4076 1624 4146 gurgite
1645 4074 1835 4130 tollunt
1851 4078 1883 4142 ,¹

675 4172 782 4229 qua
807 4155 958 4212 fi=ons
981 4168 1126 4213 tenta
1152 4158 1264 4214 salo
1289 4160 1574 4215 Patareidis
1599 4162 1797 4217 eminet
1813 4164 1966 4221 arcis.

529 4248 642 4299 685
673 4244 816 4299 Iaeta
841 4242 1039 4298 dehinc
1060 4244 1268 4300 Aradus
1293 4246 1602 4303 Phoenicum
1623 4247 1868 4322 praejaoet
1891 4267 2039 4305 oram
2057 4232 2082 4317 ‚¹

672 4329 872 4385 multus
896 4330 986 4385 ubi
1007 4348 1174 4386 exoeae
1195 4333 1341 4387 sinus
1365 4344 1445 4387 αἱ
1472 4333 1668 4389 telluris
1685 4334 1753 4390 ab
1776 4336 1885 4394 alto
1899 4376 1917 4405 ,

670 4434 733 4471 ac
755 4416 892 4471 latus
917 4434 1075 4471 omne
1097 4417 1195 4472 soli
1217 4418 1402 4490 procul
1427 4420 1485 4473 in
1511 4418 1788 4494 dispendia
1813 4423 1955 4480 cedit

673 4502 872 4569 litoris,
897 4513 952 4557 et
970 4522 1133 4558 curvo
1161 4504 1519 4576 praelambitur
1538 4524 1633 4561 ora
1657 4507 1880 4565 fluento.

741 4592 910 4645 Mirus
933 4602 988 4645 at
1009 4592 1092 4646 ille
1117 4590 1308 4646 dehinc
1333 4592 1492 4664 AEgaei
1512 4610 1699 4664 gurges
1723 4594 1968 4664 babetur,

526 4680 642 4732 690
671 4678 764 4749 qui
793 4678 1000 4748 gemina
1013 4676 1082 4732 ‹le
1103 4689 1252 4751 parte
1273 4679 1361 4732 sali
1381 4678 1524 4734 velut
1543 4678 1730 4734 ordine
1746 4679 1894 4752 justo

669 4782 798 4818 saxa
824 4766 958 4819 mari
978 4764 1178 4837 profert
1203 4766 1510 4821 circumflua
1526 4806 1542 4834 ,
1566 4770 1744 4823 tenuia
1766 4786 1880 4824 sese

511 4852 636 4931 (ets)
669 4868 776 4921 qua
803 4849 935 4905 freta
952 4854 1276 4924 praecipitant
1293 4852 1676 4907 Athamantidis
1697 4854 1891 4928 inclyta
1907 4855 2016 4912 leto
2029 4898 2047 4923 ‚

666 4936 845 4989 Sestus
862 4936 954 4990 ubi
977 4948 1134 5008 atque
1155 4936 1372 5009 Abydus
1387 4957 1551 5011 parvo
1572 4939 1677 4994 sale
1692 4938 2090 5011 discernuntur,

665 5030 720 5075 et
747 5022 920 5076 vicina
937 5022 1038 5076 sibi
1056 5021 1241 5077 lambit
1261 5024 1486 5079 confinia
1508 5027 1725 5082 Pontus.

521 5118 636 5172 695
664 5109 794 5163 Pars
814 5110 1002 5183 procul
1023 5112 1254 5185 Europe
1273 5112 1458 5168 laevum
1481 5113 1615 5170 latus
1628 5154 1644 5181 ,
1665 5114 1826 5171 altera
1849 5134 2014 5189 porro

665 5197 830 5253 ditem
857 5200 1040 5255 Asiam
1063 5212 1264 5273 spectat
1273 5222 1289 5267 ς
1323 5214 1524 5258 cuncta
1546 5213 1720 5259 umen
1745 5204 1932 5259 ordine
1960 5205 2100 5261 facto

665 5284 847 5340 insule
871 5286 926 5339 in
949 5288 1113 5341 arctoi
1137 5286 1432 5361 procedunt
1449 5288 1680 5362 plaustra
1703 5290 1896 5345 Bootis.

2430 582 2697 655 Europam
2723 584 2981 639 incumbit
3000 584 3237 657 prolixus
3258 586 3410 642 limes
3436 588 3731 647 Abantum.
3950 600 4075 681 (ιω)

2360 668 2550 739 Scyrus
2576 669 2649 723 ibi
2676 668 2776 725 late
2801 669 3017 725 dorsum
3040 681 3239 741 tumet,
3268 692 3332 729 ac
3356 674 3709 748 Peparethum

2358 756 2592 827 protollit
2615 756 2843 831 pelagus.
2868 761 3031 815 Juxta
3054 760 3313 817 Vulcania
3344 764 3579 819 Lemnus
3708 746 3715 755 ⁵
3948 776 4068 831 τοο

2358 842 2595 914 erigitur,
2624 845 2907 917 Cererique
2920 846 3123 901 Thasos
3148 846 3335 903 dilecta
3360 849 3632 923 profundo

2356 930 2581 1001 proserit
2612 930 2805 987 albenti
2822 951 2879 987 se
2906 935 3117 991 vertice.
3142 936 3415 991 Prominet
3438 936 3681 1007 Imbrus,

2354 1016 2681 1090 Thressaquc
2698 1020 2965 1091 consurgit
2980 1031 3195 1093 propter
3212 1023 3422 1078 Samus.
3446 1024 3684 1099 Indeque
3705 1044 3918 1084 rursum

2355 1104 2602 1177 Cyclades
2627 1106 2885 1163 accedunt
2908 1109 3083 1164 Asiam
3098 1148 3115 1176 ,
3136 1110 3437 1185 Delumque
3464 1124 3725 1171 coronant
3755 1135 3772 1173 ε
3947 1124 4069 1205 (52.)

2352 1210 2536 1246 omnes
2562 1192 2775 1247 fatidico
2798 1206 2985 1249 curant
3004 1195 3255 1251 solemnia
3275 1197 3505 1267 Phoeb03
3948 1216 4063 1269 765

2352 1296 2473 1333 nam
2499 1298 2621 1335 cum
2646 1298 2765 1335 vere
2788 1300 2927 1337 novo
2954 1281 3105 1337 tellus
3128 1301 3185 1338 se
3206 1282 3341 1339 dura
3364 1284 3591 1351 relaxat,

2352 1365 2777 1440 culminibusque
2794 1370 2933 1423 cavis
2955 1368 3205 1425 blandum
3234 1374 3419 1445 strepit
3445 1372 3549 1428 ales
3578 1374 3841 1445 hirundo,

2350 1469 2473 1521 gens
2504 1451 2691 1508 devota
2716 1454 2905 1510 choros
2926 1456 3088 1526 agitat
3103 1494 3120 1521 ,
3152 1457 3367 1529 rituque
3398 1470 3605 1515 sacrato

2349 1540 2538 1595 ludunt
2564 1541 2691 1599 l’eata
2716 1542 2803 1598 die
2821 1583 2837 1608 ,
2868 1544 2989 1598 visit
3012 1562 3157 1599 sacra
3176 1562 3373 1601 numen
3402 1548 3699 1604 alumnum.

2418 1630 2559 1685 Hinc
2590 1631 2848 1704 Sporades
2872 1631 3061 1687 crebm
3077 1632 3383 1705 producunt
3404 1637 3600 1708 cespite
3623 1656 3767 1706 sese,
3942 1647 4059 1701 710

2346 1714 2506 1771 densa
2524 1728 2761 1772 suumn
2788 1736 2887 1773 ceu
2910 1717 3185 1792 splendent
3208 1718 3382 1775 sidera
3413 1721 3559 1777 coelo.
3942 1717 4063 1799 (δτι)

2345 1802 2457 1857 Nec
2478 1804 2654 1857 minus
2680 1803 2991 1860 attolluntur
3008 1804 3219 1859 Ionides
3237 1806 3421 1861 insulae
3446 1807 3515 1863 ab
3531 1808 3659 1865 alto.

2343 1886 2606 1961 Hicjuxta
2622 1891 2863 1958 Caunus,
2892 1893 3079 1947 Samus
3106 1890 3193 1945 hic
3208 1892 3453 1947 Saturnia
3471 1892 3657 1965 juxta,

2342 1987 2561 2050 tumque
2584 1979 2747 2033 Chius
2768 1978 2955 2051 patulae
2974 1990 3310 2053 prospectans
3329 1999 3455 2036 arva
3482 1982 3728 2039 Pelinnae.
3942 1988 4067 2069 (ως)

2343 2062 2543 2118 Lesbus
2558 2066 2681 2119 item
2704 2075 2757 2119 et
2772 2063 3017 2121 Tenedus
3042 2083 3137 2139 per
3152 2066 3321 2139 aperti
3342 2084 3609 2123 marmora
3630 2073 3783 2143 ponti
3940 2078 4055 2132 715

2341 2150 2629 2225 expediunt
2652 2170 2797 2208 arces
2816 2194 2834 2219 ‚
2863 2164 2916 2208 et
2940 2153 3169 2209 culmina
3196 2154 3428 2210 nubibus
3456 2155 3670 2213 indunt.

2340 2242 2441 2295 Hic
2462 2260 2519 2295 se
2540 2243 2729 2315 piscosi
2748 2242 2933 2315 pandit
2958 2244 3106 2298 sinus
3124 2243 3469 2319 Hellesponti.

2339 2330 2439 2383 Hic
2457 2328 2577 2383 salis
2601 2331 2767 2385 arctoi
2783 2348 2993 2404 spumas
3013 2332 3179 2387 vomit
3202 2332 3429 2405 impiger
3452 2344 3630 2402 ntus,

2338 2418 2427 2473 hic
2450 2428 2693 2491 protenta
2714 2420 2882 2491 quatit
2900 2418 3003 2475 late
3020 2418 3150 2475 l'reta
3172 2419 3357 2491 glauca
3382 2422 3689 2494 Propontis.
3936 2421 4061 2503 (sto)

2336 2508 2393 2561 Si
2410 2508 2531 2580 quis
2556 2505 2681 2561 leva
2698 2506 2891 2563 dehinc
2918 2508 3113 2563 Euxini
3136 2526 3401 2565 marmora
3422 2508 3623 2575 sulcet,
3922 2527 4051 2581 ,720

2336 2614 2430 2651 ora
2460 2596 2791 2669 Borysthenii
2824 2614 2929 2670 qua
2958 2596 3189 2652 fluminis
3214 2596 3272 2651 in
3298 2614 3446 2652 mare
3471 2608 3725 2670 vergunt,

2334 2702 2366 2737 e
2391 2684 2607 2755 regione
2627 2683 2813 2757 procul
2838 2683 3091 2757 spectabit
3112 2683 3345 2739 culmina
3374 2686 3575 2741 Iaeucoe
3602 2704 3617 2741 :

2337 2772 2511 2826 Leuce
2532 2789 2662 2826 cana
2678 2770 2869 2845 jugum
2885 2812 2903 2839 ,
2929 2774 3101 2828 Leuce
3124 2770 3273 2827 sedes
3298 2774 3619 2831 animarum.

2334 2858 2471 2912 Nam
2486 2867 2609 2929 post
2632 2856 2739 2913 fata
2758 2858 2931 2913 virum
2959 2876 3166 2931 semper
3189 2859 3445 2914 versarier
3468 2860 3575 2915 illic
3930 2850 4001 2927 (st
4010 2853 4053 2924 5)

2334 2944 2568 2998 insontes
2589 2944 2739 2999 aiunt
2766 2944 2967 2999 animas
2983 2983 3000 3011 ,
3026 2944 3117 2999 ubi
3148 2962 3375 3000 concava
3399 2956 3546 3001 vasto
3934 2950 4057 3003 725·

2332 3028 2475 3086 cedit
2496 3032 2553 3085 in
2573 3040 2725 3085 antra
2747 3032 2867 3085 sinu
2884 3048 3071 3104 rupes,
3095 3030 3184 3085 ubi
3202 3048 3327 3087 saxa
3353 3031 3633 3089 dehiscunt
3649 3073 3667 3100 ,

2332 3115 2559 3170 molibus
2582 3116 2777 3182 exesis,
2810 3126 2864 3170 et
2884 3134 3049 3171 curvo
3072 3114 3271 3171 l’ornice
3300 3116 3557 3190 pendent.

2331 3202 2457 3255 Haec
2481 3212 2607 3255 sunt
2620 3199 2763 3255 dona
2784 3202 2884 3275 piis
2912 3217 2927 3255 ε
2948 3202 3025 3255 sic
3050 3200 3163 3255 illos
3190 3202 3437 3274 Iuppiter
3458 3204 3579 3257 imis

2330 3289 2523 3343 exemit
2552 3287 2811 3354 tenebris,
2834 3286 2989 3343 Erebi
3008 3289 3085 3342 sie
3109 3288 3271 3343 inscia
3298 3290 3484 3343 virtus.
3656 3353 3661 3359 ⁵

2330 3377 2559 3429 Rursum
2583 3374 2897 3429 Cimmerius
2917 3391 3023 3446 qua
3044 3374 3305 3446 Bosporus
3327 3393 3423 3429 ora
3449 3378 3699 3448 patescit,
3928 3384 4042 3435 730

2328 3461 2595 3516 dexterior
2624 3472 2792 3534 ponto
2811 3460 2953 3515 subit
2974 3460 3169 3526 insula,
3200 3471 3451 3534 vastaque
3472 3461 3575 3518 late
3928 3454 4050 3534 (seo)

2327 3547 2532 3604 excedit
2556 3547 2721 3603 moles
2737 3547 2969 3622 pelagus.
2993 3546 3147 3603 Sedet
3166 3549 3378 3603 eminus
3404 3550 3590 3623 ingens

2326 3636 2643 3708 Pbaenagore
2656 3675 2673 3703 ,
2698 3646 2753 3690 et
2773 3652 2955 3690 muros
2970 3632 3223 3691 attollitur
3239 3636 3617 3694 Hermonassa.

2328 3724 2422 3777 11ae
2446 3724 2607 3777 maris
2630 3721 2789 3777 infusi
2814 3732 3140 3795 consurgunt
3158 3722 3342 3780 insulae
3367 3723 3437 3779 ab
3458 3724 3584 3779 alto.

2396 3814 2640 3867 Exterior
2664 3812 2785 3883 quis
2808 3811 2953 3866 unda
2976 3810 3197 3878 debinc,
3227 3814 3579 3869 circumfluus
3602 3825 3655 3869 et
3682 3816 3802 3888 quis
3926 3820 4039 3873 ‘185

2326 3908 2507 3953 aestuet
2531 3916 2756 3953 oceanus
2771 3938 2788 3967 ‚
2814 3897 3005 3970 quibus
3030 3897 3129 3953 illae
3152 3899 3365 3954 flatibus
3381 3918 3568 3954 omnes
3922 3892 4035 3969 (⁶55)

2326 3989 2555 4044 culmina
2585 3987 2877 4061 pulsentur,
2906 4004 3167 4041 memores
3188 3986 3311 4041 date
3332 3988 3571 4041 carmine
3594 3990 3784 4045 Musae.
3846 4020 3859 4033 -

2396 4076 2619 4148 Propter
2639 4072 2868 4132 Atlantei
2885 4084 3091 4145 tergum
3110 4073 3231 4129 salis
3250 4074 3555 4149 AEtbiopum
3573 4094 3700 4148 gens

2328 4160 2639 4236 Hesperides
2658 4160 2927 4228 babitant;
2951 4159 3171 4216 dorsum
3191 4172 3361 4217 tumet
3380 4162 3469 4218 bic
3490 4164 3753 4237 Erythia,
3924 4160 4045 4243 (ωο)

2326 4247 2519 4319 hicque
2536 4246 2679 4301 Sacri
2708 4245 2817 4315 (sic
2835 4255 2978 4317 terga
3001 4255 3153 4300 vocat
3181 4263 3309 4318 gens
3336 4246 3535 4319 ardua)
3563 4250 3759 4303 montis
3783 4265 3797 4303 t
3923 4266 4037 4317 7⁴0

2329 4354 2451 4390 nam
2483 4344 2726 4409 protenta
2743 4332 2931 4406 jugum
2960 4334 3109 4389 tellus
3128 4334 3319 4402 trahit3
3342 4336 3446 4391 boc
3472 4346 3633 4410 caput
3648 4337 3833 4411 amplae

2326 4422 2571 4497 proditur
2586 4424 2830 4495 Europe.
2854 4421 2988 4477 Geni
2994 4423 3093 4477 trix
3120 4423 3233 4478 haec
3254 4441 3349 4479 ora
3370 4424 3561 4479 metalli

2326 4511 2549 4566 albentis
2568 4511 2740 4565 stanni
2766 4527 2921 4563 venas
2945 4510 3129 4567 vomit.
3152 4515 3291 4567 Acer
3312 4512 3497 4567 Iberus

2325 4599 2437 4654 baec
2460 4597 2591 4653 l’reta
2612 4597 2773 4654 veloci
2799 4599 3057 4671 percurrit
3076 4616 3211 4673 saepe
3240 4599 3417 4655 faselo.

2323 4686 2545 4739 Eminus
2570 4684 2659 4739 bic
2678 4684 2790 4739 aliae
2815 4683 2967 4758 gelidi
2992 4702 3156 4759 prope
3187 4685 3351 4740 flabra
3376 4688 3636 4760 aquilonis
3918 4702 4030 4757 745

2323 4780 2639 4844 exsuperant
2660 4770 2827 4826 undas
2840 4812 2857 4839 ,
2876 4782 2931 4827 et
2952 4782 3092 4827 vasta
3111 4773 3385 4827 cacumina
3406 4774 3616 4829 tollunt.
3916 4771 4032 4855 (ωε)

2321 4862 2417 4915 11ae
2439 4878 2663 4915 numero
2680 4860 2929 4932 geminat,
2959 4862 3175 4934 pingues
3197 4860 3327 4927 sola,
3354 4864 3563 4936 cespitis
3590 4862 3807 4937 innupla,

2318 4944 2569 5001 conditur
2596 4945 2805 5003 occidui
2822 4966 2925 5020 qua
2950 4947 3117 5002 Rheni
3144 4948 3366 5019 gurgitis
3382 4948 3497 5003 und
3512 4972 3525 5002 t
3540 4992 3553 5015 ‚

2318 5031 2435 5086 dira
2454 5033 2829 5087 Britannorum
2846 5042 3134 5087 sustentent
3156 5036 3366 5105 agmina
3385 5035 3540 5089 terris

2317 5121 2420 5176 Hic
2449 5138 2729 5194 spumosus
2756 5122 2879 5175 item
2904 5121 3053 5194 ponti
3074 5120 3247 5194 liquor
3270 5122 3497 5195 explicat
3522 5132 3732 5189 aestum,
3912 5133 4027 5189 756

2316 5220 2371 5261 et
2402 5207 2577 5262 brevis
2597 5228 2627 5264 e
2658 5208 2837 5281 pelago
2864 5220 3041 5263 vertex
3066 5208 3227 5265 subit.
3254 5211 3357 5264 Hic
3392 5210 3587 5265 chorus
3608 5210 3793 5282 ingens
3908 5207 4031 5287 (tw)

2315 5296 2525 5351 feminei
2551 5307 2716 5351 coetus
2735 5297 2937 5353 pulchri
2954 5298 3077 5353 colit
3099 5298 3246 5369 orgia
3272 5298 3501 5353 Bacchi:
