<?xml version="1.0" encoding="UTF-8"?>
<!DOCTYPE html PUBLIC "-//W3C//DTD XHTML 1.0 Transitional//EN"
    "http://www.w3.org/TR/xhtml1/DTD/xhtml1-transitional.dtd">
<html xmlns="http://www.w3.org/1999/xhtml" xml:lang="en" lang="en">
 <head>
  <title>
</title>
<meta http-equiv="Content-Type" content="text/html;charset=utf-8" />
  <meta name='ocr-system' content='tesseract 3.04.00' />
  <meta name='ocr-capabilities' content='ocr_page ocr_carea ocr_par ocr_line ocrx_word'/>
</head>
<body>
  <div class='ocr_page' id='page_1' title='image "./geographigraeci05mlgoog_0120.png"; bbox 0 0 4584 6284; ppageno 0'>
   <div class='ocr_carea' id='block_1_1' title="bbox 650 575 727 625">
    <p class='ocr_par' dir='ltr' id='par_1_1' title="bbox 650 575 727 625">
     <span class='ocr_line' id='line_1_1' title="bbox 650 575 727 625; baseline 0.026 -2"><span class='ocrx_word' id='word_1_1' title='bbox 650 575 727 625; x_wconf 75' lang='lat'><strong><em>⁴6</em></strong></span> 
     </span>
    </p>
   </div>
   <div class='ocr_carea' id='block_1_2' title="bbox 1876 560 2644 624">
    <p class='ocr_par' dir='ltr' id='par_1_2' title="bbox 1876 560 2644 624">
     <span class='ocr_line' id='line_1_2' title="bbox 1876 560 2644 624; baseline 0.005 -4"><span class='ocrx_word' id='word_1_2' title='bbox 1876 560 2229 622; x_wconf 79' lang='lat' dir='ltr'><strong><em>DloNYsu</em></strong></span> <span class='ocrx_word' id='word_1_3' title='bbox 2268 562 2644 624; x_wconf 81' lang='grc' dir='ltr'><strong>ΒΥΖΑΝΤΠ</strong></span> 
     </span>
    </p>
   </div>
   <div class='ocr_carea' id='block_1_3' title="bbox 642 688 3870 775">
    <p class='ocr_par' dir='ltr' id='par_1_3' title="bbox 642 688 3870 775">
     <span class='ocr_line' id='line_1_3' title="bbox 642 688 3870 775; baseline -0.002 -18"><span class='ocrx_word' id='word_1_4' title='bbox 642 704 798 757; x_wconf 81' lang='lat' dir='ltr'>XIII.</span> <span class='ocrx_word' id='word_1_5' title='bbox 825 694 961 773; x_wconf 80' lang='grc' dir='ltr'>Περὶ</span> <span class='ocrx_word' id='word_1_6' title='bbox 984 698 1077 751; x_wconf 74' lang='grc' dir='ltr'><strong><em>τοῦ</em></strong></span> <span class='ocrx_word' id='word_1_7' title='bbox 1118 692 1383 759; x_wconf 81' lang='grc' dir='ltr'>κλύδωνος</span> <span class='ocrx_word' id='word_1_8' title='bbox 1410 688 1664 775; x_wconf 54' lang='lat' dir='ltr'><strong><em>§odmen-23</em></strong></span> <span class='ocrx_word' id='word_1_9' title='bbox 1696 698 1761 752; x_wconf 79' lang='lat' dir='ltr'><strong><em>de</em></strong></span> <span class='ocrx_word' id='word_1_10' title='bbox 1777 708 1935 772; x_wconf 82' lang='lat' dir='ltr'><strong><em>petra</em></strong></span> <span class='ocrx_word' id='word_1_11' title='bbox 1958 699 2213 754; x_wconf 76' lang='lat' dir='ltr'><strong><em>Phidalia</em></strong></span> <span class='ocrx_word' id='word_1_12' title='bbox 2302 694 2524 747; x_wconf 80' lang='lat' dir='ltr'><strong>similem</strong></span> <span class='ocrx_word' id='word_1_13' title='bbox 2568 711 2679 748; x_wconf 71' lang='lat' dir='ltr'><strong><em>esse</em></strong></span> <span class='ocrx_word' id='word_1_14' title='bbox 2727 693 2797 748; x_wconf 89' lang='lat' dir='ltr'><strong><em>ob</em></strong></span> <span class='ocrx_word' id='word_1_15' title='bbox 2862 694 3260 750; x_wconf 87' lang='lat' dir='ltr'><strong><em>similitudinem</em></strong></span> <span class='ocrx_word' id='word_1_16' title='bbox 3319 697 3556 752; x_wconf 85' lang='lat' dir='ltr'><strong><em>locorum</em></strong></span> <span class='ocrx_word' id='word_1_17' title='bbox 3615 700 3870 771; x_wconf 88' lang='lat' dir='ltr'><strong><em>utrinque</em></strong></span> 
     </span>
    </p>
   </div>
   <div class='ocr_carea' id='block_1_4' title="bbox 852 784 1991 865">
    <p class='ocr_par' dir='ltr' id='par_1_4' title="bbox 852 784 1991 865">
     <span class='ocr_line' id='line_1_4' title="bbox 852 784 1991 865; baseline -0.003 -20"><span class='ocrx_word' id='word_1_18' title='bbox 852 802 903 845; x_wconf 90' lang='lat' dir='ltr'><strong><em>et</em></strong></span> <span class='ocrx_word' id='word_1_19' title='bbox 920 800 1089 865; x_wconf 87' lang='lat' dir='ltr'><strong><em>portu</em></strong></span> <span class='ocrx_word' id='word_1_20' title='bbox 1116 790 1182 843; x_wconf 84' lang='grc' dir='ltr'><em>Μ</em></span> <span class='ocrx_word' id='word_1_21' title='bbox 1182 787 1406 843; x_wconf 84' lang='lat' dir='ltr'><strong><em>alierum</em></strong></span> <span class='ocrx_word' id='word_1_22' title='bbox 1428 798 1478 839; x_wconf 87' lang='lat' dir='ltr'><strong><em>et</em></strong></span> <span class='ocrx_word' id='word_1_23' title='bbox 1500 784 1690 841; x_wconf 82' lang='lat' dir='ltr'><strong><em>deloco</em></strong></span> <span class='ocrx_word' id='word_1_24' title='bbox 1712 786 1991 860; x_wconf 72' lang='lat' dir='ltr'><strong><em>Cyparoele.</em></strong></span> 
     </span>
    </p>
   </div>
   <div class='ocr_carea' id='block_1_5' title="bbox 1304 941 1527 1002">
    <p class='ocr_par' dir='ltr' id='par_1_5' title="bbox 1304 941 1527 1002">
     <span class='ocr_line' id='line_1_5' title="bbox 1304 941 1527 1002; baseline -0.013 0"><span class='ocrx_word' id='word_1_25' title='bbox 1304 941 1403 1002; x_wconf 87' lang='lat' dir='ltr'><strong><em>Fr.</em></strong></span> <span class='ocrx_word' id='word_1_26' title='bbox 1454 948 1527 999; x_wconf 76' lang='lat'><strong><em>86</em></strong></span> 
     </span>
    </p>
   </div>
   <div class='ocr_carea' id='block_1_6' title="bbox 633 1094 2215 2483">
    <p class='ocr_par' dir='ltr' id='par_1_6' title="bbox 633 1094 2215 1865">
     <span class='ocr_line' id='line_1_6' title="bbox 713 1094 2214 1172; baseline -0.004 -17"><span class='ocrx_word' id='word_1_27' title='bbox 713 1104 844 1155; x_wconf 86' lang='lat' dir='ltr'><strong><em>Post</em></strong></span> <span class='ocrx_word' id='word_1_28' title='bbox 860 1098 1146 1171; x_wconf 71' lang='lat' dir='ltr'><strong><em>Pyre-ltiam</em></strong></span> <span class='ocrx_word' id='word_1_29' title='bbox 1169 1100 1379 1169; x_wconf 74' lang='lat' dir='ltr'><strong><em>Cyonem</em></strong></span> <span class='ocrx_word' id='word_1_30' title='bbox 1397 1094 1683 1169; x_wconf 75' lang='lat' dir='ltr'><strong><em>Dionysius</em></strong></span> <span class='ocrx_word' id='word_1_31' title='bbox 1695 1094 1857 1172; x_wconf 89' lang='lat' dir='ltr'><strong><em>ponit</em></strong></span> <span class='ocrx_word' id='word_1_32' title='bbox 1864 1094 2214 1170; x_wconf 77' lang='lat' dir='ltr'><strong><em>promontorii</em></strong></span> 
     </span>
     <span class='ocr_line' id='line_1_7' title="bbox 643 1182 2215 1243; baseline -0.002 -2"><span class='ocrx_word' id='word_1_33' title='bbox 643 1186 700 1243; x_wconf 91' lang='lat' dir='ltr'><strong><em>in</em></strong></span> <span class='ocrx_word' id='word_1_34' title='bbox 715 1185 973 1242; x_wconf 77' lang='lat' dir='ltr'><strong><em>directam</em></strong></span> <span class='ocrx_word' id='word_1_35' title='bbox 996 1183 1338 1239; x_wconf 78' lang='lat' dir='ltr'><em>altitudinem</em></span> <span class='ocrx_word' id='word_1_36' title='bbox 1355 1182 1490 1238; x_wconf 83' lang='lat' dir='ltr'><strong><em>editi</em></strong></span> <span class='ocrx_word' id='word_1_37' title='bbox 1506 1202 1652 1238; x_wconf 88' lang='lat' dir='ltr'><strong><em>oram</em></strong></span> <span class='ocrx_word' id='word_1_38' title='bbox 1668 1182 1992 1238; x_wconf 75' lang='lat' dir='ltr'><strong><em>maritimam</em></strong></span> <span class='ocrx_word' id='word_1_39' title='bbox 2007 1201 2215 1238; x_wconf 79' lang='lat' dir='ltr'><strong><em>sursum</em></strong></span> 
     </span>
     <span class='ocr_line' id='line_1_8' title="bbox 639 1268 2213 1345; baseline -0.003 -16"><span class='ocrx_word' id='word_1_40' title='bbox 639 1271 1028 1343; x_wconf 71' lang='lat' dir='ltr'><strong><em>navigantibus</em></strong></span> <span class='ocrx_word' id='word_1_41' title='bbox 1050 1269 1277 1325; x_wconf 73' lang='lat' dir='ltr'><strong><em>arduam</em></strong></span> <span class='ocrx_word' id='word_1_42' title='bbox 1292 1282 1347 1325; x_wconf 87' lang='lat' dir='ltr'><strong><em>et</em></strong></span> <span class='ocrx_word' id='word_1_43' title='bbox 1366 1269 1637 1343; x_wconf 72' lang='lat' dir='ltr'><strong><em>difficilem</em></strong></span> <span class='ocrx_word' id='word_1_44' title='bbox 1645 1281 1994 1345; x_wconf 80' lang='lat' dir='ltr'><strong><em>proetervectu</em></strong></span> <span class='ocrx_word' id='word_1_45' title='bbox 2013 1268 2078 1324; x_wconf 81' lang='lat' dir='ltr'><strong><em>ob</em></strong></span> <span class='ocrx_word' id='word_1_46' title='bbox 2100 1270 2213 1325; x_wconf 84' lang='lat' dir='ltr'><strong><em>vio·</em></strong></span> 
     </span>
     <span class='ocr_line' id='line_1_9' title="bbox 646 1356 2210 1433; baseline -0.003 -17"><span class='ocrx_word' id='word_1_47' title='bbox 646 1362 843 1417; x_wconf 86' lang='lat' dir='ltr'><strong><em>lentum</em></strong></span> <span class='ocrx_word' id='word_1_48' title='bbox 870 1360 1070 1415; x_wconf 83' lang='lat' dir='ltr'><strong><em>coitum</em></strong></span> <span class='ocrx_word' id='word_1_49' title='bbox 1093 1358 1365 1432; x_wconf 86' lang='lat' dir='ltr'><strong><em>utriusque</em></strong></span> <span class='ocrx_word' id='word_1_50' title='bbox 1382 1356 1695 1413; x_wconf 88' lang='lat' dir='ltr'><strong><em>continentis</em></strong></span> <span class='ocrx_word' id='word_1_51' title='bbox 1720 1368 2089 1433; x_wconf 75' lang='lat' dir='ltr'><strong><em>repugnantem</em></strong></span> <span class='ocrx_word' id='word_1_52' title='bbox 2115 1376 2210 1412; x_wconf 88' lang='lat' dir='ltr'><strong><em>an-</em></strong></span> 
     </span>
     <span class='ocr_line' id='line_1_10' title="bbox 638 1443 2214 1522; baseline -0.002 -20"><span class='ocrx_word' id='word_1_53' title='bbox 638 1458 796 1519; x_wconf 77' lang='lat' dir='ltr'><strong><em>guste</em></strong></span> <span class='ocrx_word' id='word_1_54' title='bbox 818 1444 1200 1522; x_wconf 73' lang='lat' dir='ltr'><strong><em>proetetfluenti</em></strong></span> <span class='ocrx_word' id='word_1_55' title='bbox 1223 1450 1472 1521; x_wconf 84' lang='lat' dir='ltr'><strong><em>Bosporo.</em></strong></span> <span class='ocrx_word' id='word_1_56' title='bbox 1507 1446 1723 1501; x_wconf 84' lang='lat' dir='ltr'><strong><em>Fluctus</em></strong></span> <span class='ocrx_word' id='word_1_57' title='bbox 1748 1444 1885 1499; x_wconf 88' lang='lat' dir='ltr'><strong><em>enim</em></strong></span> <span class='ocrx_word' id='word_1_58' title='bbox 1914 1443 2099 1499; x_wconf 81' lang='lat' dir='ltr'><strong><em>ebullit</em></strong></span> <span class='ocrx_word' id='word_1_59' title='bbox 2139 1444 2214 1515; x_wconf 85' lang='lat' dir='ltr'><strong><em>es-</em></strong></span> 
     </span>
     <span class='ocr_line' id='line_1_11' title="bbox 633 1531 2213 1609; baseline -0.004 -17"><span class='ocrx_word' id='word_1_60' title='bbox 633 1534 991 1609; x_wconf 80' lang='lat' dir='ltr'><strong><em>servescitque</em></strong></span> <span class='ocrx_word' id='word_1_61' title='bbox 1003 1533 1271 1589; x_wconf 86' lang='lat' dir='ltr'><strong><em>continuis</em></strong></span> <span class='ocrx_word' id='word_1_62' title='bbox 1288 1532 1582 1589; x_wconf 75' lang='lat' dir='ltr'><strong><em>vorticibus</em></strong></span> <span class='ocrx_word' id='word_1_63' title='bbox 1597 1550 1696 1587; x_wconf 88' lang='lat' dir='ltr'><strong><em>non</em></strong></span> <span class='ocrx_word' id='word_1_64' title='bbox 1714 1531 1889 1587; x_wconf 87' lang='lat' dir='ltr'><strong><em>minus</em></strong></span> <span class='ocrx_word' id='word_1_65' title='bbox 1905 1550 2063 1606; x_wconf 86' lang='lat' dir='ltr'><strong><em>quam</em></strong></span> <span class='ocrx_word' id='word_1_66' title='bbox 2082 1532 2213 1586; x_wconf 79' lang='lat' dir='ltr'><strong><em>lebes</em></strong></span> 
     </span>
     <span class='ocr_line' id='line_1_12' title="bbox 648 1619 2207 1695; baseline -0.003 -16"><span class='ocrx_word' id='word_1_67' title='bbox 648 1625 767 1695; x_wconf 76' lang='lat' dir='ltr'><strong><em>igne</em></strong></span> <span class='ocrx_word' id='word_1_68' title='bbox 782 1622 998 1679; x_wconf 81' lang='lat' dir='ltr'><strong><em>subdito</em></strong></span> <span class='ocrx_word' id='word_1_69' title='bbox 1018 1622 1347 1695; x_wconf 70' lang='lat' dir='ltr'><strong><em>effervescere</em></strong></span> <span class='ocrx_word' id='word_1_70' title='bbox 1362 1663 1377 1687; x_wconf 91' lang='lat'>,</span> <span class='ocrx_word' id='word_1_71' title='bbox 1392 1623 1719 1695; x_wconf 75' lang='lat' dir='ltr'><strong><em>flamma-que</em></strong></span> <span class='ocrx_word' id='word_1_72' title='bbox 1743 1637 1955 1675; x_wconf 63' lang='lat' dir='ltr'><strong><em>accessu</em></strong></span> <span class='ocrx_word' id='word_1_73' title='bbox 1976 1619 2207 1684; x_wconf 80' lang='lat' dir='ltr'><strong><em>ebullire,</em></strong></span> 
     </span>
     <span class='ocr_line' id='line_1_13' title="bbox 648 1705 2212 1784; baseline -0.003 -19"><span class='ocrx_word' id='word_1_74' title='bbox 648 1724 969 1784; x_wconf 67' lang='lat' dir='ltr'><strong><em>astuosoque</em></strong></span> <span class='ocrx_word' id='word_1_75' title='bbox 1003 1708 1184 1765; x_wconf 88' lang='lat' dir='ltr'><strong><em>sonitu</em></strong></span> <span class='ocrx_word' id='word_1_76' title='bbox 1220 1720 1444 1783; x_wconf 78' lang='lat' dir='ltr'><strong><em>strepere</em></strong></span> <span class='ocrx_word' id='word_1_77' title='bbox 1475 1705 1623 1765; x_wconf 87' lang='lat' dir='ltr'><strong><em>solet.</em></strong></span> <span class='ocrx_word' id='word_1_78' title='bbox 1679 1709 1869 1780; x_wconf 84' lang='lat' dir='ltr'><strong><em>Itaque</em></strong></span> <span class='ocrx_word' id='word_1_79' title='bbox 1901 1725 1995 1760; x_wconf 87' lang='lat' dir='ltr'><strong><em>ora</em></strong></span> <span class='ocrx_word' id='word_1_80' title='bbox 2038 1705 2149 1760; x_wconf 73' lang='lat' dir='ltr'><strong><em>herc</em></strong></span> <span class='ocrx_word' id='word_1_81' title='bbox 2175 1725 2212 1760; x_wconf 87' lang='lat' dir='ltr'><strong><em>a</em></strong></span> 
     </span>
     <span class='ocr_line' id='line_1_14' title="bbox 646 1786 2208 1865; baseline -0.002 -12"><span class='ocrx_word' id='word_1_82' title='bbox 646 1810 845 1853; x_wconf 83' lang='lat' dir='ltr'><strong><em>natura</em></strong></span> <span class='ocrx_word' id='word_1_83' title='bbox 874 1814 977 1853; x_wconf 84' lang='lat' dir='ltr'><strong><em>sua</em></strong></span> <span class='ocrx_word' id='word_1_84' title='bbox 1011 1794 1285 1853; x_wconf 85' lang='lat' dir='ltr'><strong><em>nominata</em></strong></span> <span class='ocrx_word' id='word_1_85' title='bbox 1309 1806 1388 1850; x_wconf 88' lang='lat' dir='ltr'><strong><em>est</em></strong></span> <span class='ocrx_word' id='word_1_86' title='bbox 1424 1786 1687 1864; x_wconf 77' lang='grc' dir='ltr'>Ῥοῶδης,</span> <span class='ocrx_word' id='word_1_87' title='bbox 1708 1794 1801 1849; x_wconf 76' lang='lat' dir='ltr'><strong><em>hoc</em></strong></span> <span class='ocrx_word' id='word_1_88' title='bbox 1828 1807 1908 1847; x_wconf 88' lang='lat' dir='ltr'><strong><em>est</em></strong></span> <span class='ocrx_word' id='word_1_89' title='bbox 1915 1796 2208 1865; x_wconf 85' lang='lat' dir='ltr'><strong><em>fluctuosa.</em></strong></span> 
     </span>
    </p>

    <p class='ocr_par' dir='ltr' id='par_1_7' title="bbox 646 1881 2207 2483">
     <span class='ocr_line' id='line_1_15' title="bbox 715 1881 2204 1958; baseline -0.003 -17"><span class='ocrx_word' id='word_1_90' title='bbox 715 1888 800 1941; x_wconf 76' lang='lat' dir='ltr'><strong><em>Ex</em></strong></span> <span class='ocrx_word' id='word_1_91' title='bbox 819 1884 904 1941; x_wconf 84' lang='lat' dir='ltr'><strong><em>his</em></strong></span> <span class='ocrx_word' id='word_1_92' title='bbox 924 1885 1165 1958; x_wconf 77' lang='lat' dir='ltr'><strong><em>Dionysii</em></strong></span> <span class='ocrx_word' id='word_1_93' title='bbox 1198 1884 1396 1951; x_wconf 81' lang='lat' dir='ltr'><strong><em>verbis,</em></strong></span> <span class='ocrx_word' id='word_1_94' title='bbox 1428 1894 1543 1939; x_wconf 90' lang='lat' dir='ltr'><strong><em>tum</em></strong></span> <span class='ocrx_word' id='word_1_95' title='bbox 1560 1883 1786 1939; x_wconf 85' lang='lat' dir='ltr'><strong><em>maxime</em></strong></span> <span class='ocrx_word' id='word_1_96' title='bbox 1810 1900 1879 1936; x_wconf 79' lang='lat' dir='ltr'><strong><em>ex</em></strong></span> <span class='ocrx_word' id='word_1_97' title='bbox 1895 1881 2024 1937; x_wconf 84' lang='lat' dir='ltr'><strong><em>locis</em></strong></span> <span class='ocrx_word' id='word_1_98' title='bbox 2059 1893 2204 1937; x_wconf 81' lang='lat' dir='ltr'><strong><em>ante·</em></strong></span> 
     </span>
     <span class='ocr_line' id='line_1_16' title="bbox 647 1970 2203 2044; baseline -0.004 -15"><span class='ocrx_word' id='word_1_99' title='bbox 647 1970 953 2029; x_wconf 82' lang='lat' dir='ltr'><strong><em>cedentibus</em></strong></span> <span class='ocrx_word' id='word_1_100' title='bbox 975 1980 1031 2026; x_wconf 90' lang='lat' dir='ltr'><strong><em>et</em></strong></span> <span class='ocrx_word' id='word_1_101' title='bbox 1056 1970 1496 2044; x_wconf 80' lang='lat' dir='ltr'><strong><em>consequentibus</em></strong></span> <span class='ocrx_word' id='word_1_102' title='bbox 1513 1987 1769 2043; x_wconf 75' lang='lat' dir='ltr'><strong><em>cognosco</em></strong></span> <span class='ocrx_word' id='word_1_103' title='bbox 1787 1986 1903 2023; x_wconf 85' lang='lat' dir='ltr'><strong><em>eam</em></strong></span> <span class='ocrx_word' id='word_1_104' title='bbox 1920 1986 2069 2024; x_wconf 86' lang='lat' dir='ltr'><strong><em>oram</em></strong></span> <span class='ocrx_word' id='word_1_105' title='bbox 2092 1987 2203 2023; x_wconf 76' lang='lat' dir='ltr'><strong><em>esse</em></strong></span> 
     </span>
     <span class='ocr_line' id='line_1_17' title="bbox 648 2050 2206 2135; baseline -0.003 -18"><span class='ocrx_word' id='word_1_106' title='bbox 648 2079 810 2135; x_wconf 84' lang='lat' dir='ltr'><strong><em>quam</em></strong></span> <span class='ocrx_word' id='word_1_107' title='bbox 837 2060 1009 2117; x_wconf 76' lang='lat' dir='ltr'><strong><em>Graeci</em></strong></span> <span class='ocrx_word' id='word_1_108' title='bbox 1052 2077 1197 2115; x_wconf 85' lang='lat' dir='ltr'><strong><em>nune</em></strong></span> <span class='ocrx_word' id='word_1_109' title='bbox 1234 2059 1391 2132; x_wconf 74' lang='lat' dir='ltr'><strong><em>vulgo</em></strong></span> <span class='ocrx_word' id='word_1_110' title='bbox 1421 2058 1679 2133; x_wconf 79' lang='lat' dir='ltr'><strong><em>appellant</em></strong></span> <span class='ocrx_word' id='word_1_111' title='bbox 1708 2050 1913 2121; x_wconf 81' lang='grc' dir='ltr'><strong>Φωνῆα</strong></span> <span class='ocrx_word' id='word_1_112' title='bbox 1940 2068 2206 2132; x_wconf 78' lang='lat' dir='ltr'><strong><em>corrupte,</em></strong></span> 
     </span>
     <span class='ocr_line' id='line_1_18' title="bbox 646 2139 2206 2223; baseline -0.003 -18"><span class='ocrx_word' id='word_1_113' title='bbox 646 2150 795 2223; x_wconf 81' lang='lat' dir='ltr'><strong><em>quasi</em></strong></span> <span class='ocrx_word' id='word_1_114' title='bbox 806 2139 974 2214; x_wconf 80' lang='grc' dir='ltr'><strong><em>Φῶνη</em></strong></span> <span class='ocrx_word' id='word_1_115' title='bbox 980 2164 1073 2220; x_wconf 83' lang='grc' dir='ltr'><strong><em>μα,</em></strong></span> <span class='ocrx_word' id='word_1_116' title='bbox 1090 2161 1123 2197; x_wconf 76' lang='grc' dir='ltr'><strong><em>ει</em></strong></span> <span class='ocrx_word' id='word_1_117' title='bbox 1138 2147 1455 2203; x_wconf 73' lang='lat' dir='ltr'><strong><em>vociferante</em></strong></span> <span class='ocrx_word' id='word_1_118' title='bbox 1462 2165 1595 2203; x_wconf 85' lang='lat' dir='ltr'><strong><em>sono</em></strong></span> <span class='ocrx_word' id='word_1_119' title='bbox 1602 2148 1880 2214; x_wconf 80' lang='lat' dir='ltr'><strong><em>flnctuum,</em></strong></span> <span class='ocrx_word' id='word_1_120' title='bbox 1896 2148 1988 2221; x_wconf 86' lang='lat' dir='ltr'><strong><em>qui</em></strong></span> <span class='ocrx_word' id='word_1_121' title='bbox 2003 2164 2068 2201; x_wconf 87' lang='lat' dir='ltr'><strong><em>ex</em></strong></span> <span class='ocrx_word' id='word_1_122' title='bbox 2078 2166 2206 2202; x_wconf 88' lang='lat' dir='ltr'><strong><em>con-</em></strong></span> 
     </span>
     <span class='ocr_line' id='line_1_19' title="bbox 650 2232 2207 2308; baseline -0.003 -15"><span class='ocrx_word' id='word_1_123' title='bbox 650 2237 815 2293; x_wconf 82' lang='lat' dir='ltr'><strong><em>trario</em></strong></span> <span class='ocrx_word' id='word_1_124' title='bbox 827 2235 1004 2291; x_wconf 86' lang='lat' dir='ltr'><strong><em>littore</em></strong></span> <span class='ocrx_word' id='word_1_125' title='bbox 1022 2236 1253 2291; x_wconf 78' lang='lat' dir='ltr'><strong><em>Asiatico</em></strong></span> <span class='ocrx_word' id='word_1_126' title='bbox 1270 2234 1465 2308; x_wconf 84' lang='lat' dir='ltr'><strong><em>rejecti,</em></strong></span> <span class='ocrx_word' id='word_1_127' title='bbox 1489 2253 1679 2308; x_wconf 74' lang='lat' dir='ltr'><strong><em>magno</em></strong></span> <span class='ocrx_word' id='word_1_128' title='bbox 1689 2234 1892 2307; x_wconf 88' lang='lat' dir='ltr'><strong><em>impetu</em></strong></span> <span class='ocrx_word' id='word_1_129' title='bbox 1901 2234 1955 2288; x_wconf 89' lang='lat' dir='ltr'><strong><em>in</em></strong></span> <span class='ocrx_word' id='word_1_130' title='bbox 1970 2232 2207 2289; x_wconf 89' lang='lat' dir='ltr'><strong><em>medium</em></strong></span> 
     </span>
     <span class='ocr_line' id='line_1_20' title="bbox 647 2322 2205 2396; baseline -0.003 -16"><span class='ocrx_word' id='word_1_131' title='bbox 647 2326 929 2381; x_wconf 85' lang='lat' dir='ltr'><strong><em>incurrunt</em></strong></span> <span class='ocrx_word' id='word_1_132' title='bbox 937 2322 1073 2379; x_wconf 81' lang='lat' dir='ltr'><strong><em>latus</em></strong></span> <span class='ocrx_word' id='word_1_133' title='bbox 1089 2342 1305 2396; x_wconf 77' lang='lat' dir='ltr'><strong><em>vergens</em></strong></span> <span class='ocrx_word' id='word_1_134' title='bbox 1315 2322 1382 2379; x_wconf 85' lang='lat' dir='ltr'><strong><em>ad</em></strong></span> <span class='ocrx_word' id='word_1_135' title='bbox 1392 2322 1515 2379; x_wconf 77' lang='lat' dir='ltr'><strong><em>solis</em></strong></span> <span class='ocrx_word' id='word_1_136' title='bbox 1526 2333 1699 2379; x_wconf 89' lang='lat' dir='ltr'><strong><em>ortum</em></strong></span> <span class='ocrx_word' id='word_1_137' title='bbox 1709 2322 2059 2395; x_wconf 83' lang='lat' dir='ltr'><strong><em>promontorii</em></strong></span> <span class='ocrx_word' id='word_1_138' title='bbox 2070 2322 2205 2376; x_wconf 84' lang='lat' dir='ltr'><strong><em>Her·</em></strong></span> 
     </span>
     <span class='ocr_line' id='line_1_21' title="bbox 646 2409 2205 2483; baseline -0.004 -14"><span class='ocrx_word' id='word_1_139' title='bbox 646 2414 767 2469; x_wconf 75' lang='lat' dir='ltr'><strong><em>maei</em></strong></span> <span class='ocrx_word' id='word_1_140' title='bbox 792 2413 1184 2468; x_wconf 80' lang='lat' dir='ltr'><strong><em>intumescentis</em></strong></span> <span class='ocrx_word' id='word_1_141' title='bbox 1198 2413 1254 2467; x_wconf 89' lang='lat' dir='ltr'><strong><em>in</em></strong></span> <span class='ocrx_word' id='word_1_142' title='bbox 1276 2411 1468 2467; x_wconf 83' lang='lat' dir='ltr'><strong><em>multos</em></strong></span> <span class='ocrx_word' id='word_1_143' title='bbox 1488 2409 1717 2466; x_wconf 81' lang='lat' dir='ltr'><strong><em>tumulos</em></strong></span> <span class='ocrx_word' id='word_1_144' title='bbox 1737 2427 1751 2465; x_wconf 72' lang='grc' dir='ltr'><strong>ε</strong></span> <span class='ocrx_word' id='word_1_145' title='bbox 1769 2428 2001 2483; x_wconf 87' lang='lat' dir='ltr'><strong><em>quorum</em></strong></span> <span class='ocrx_word' id='word_1_146' title='bbox 2028 2409 2205 2464; x_wconf 88' lang='lat' dir='ltr'><strong><em>medio</em></strong></span> 
     </span>
    </p>
   </div>
   <div class='ocr_carea' id='block_1_7' title="bbox 2289 780 3868 2166">
    <p class='ocr_par' dir='ltr' id='par_1_8' title="bbox 2289 780 3868 2166">
     <span class='ocr_line' id='line_1_22' title="bbox 2300 780 3868 853; baseline 0.004 -20"><span class='ocrx_word' id='word_1_147' title='bbox 2300 780 2593 852; x_wconf 78' lang='lat' dir='ltr'><strong><em>Bosporum</em></strong></span> <span class='ocrx_word' id='word_1_148' title='bbox 2617 782 2940 853; x_wconf 76' lang='lat' dir='ltr'><strong><em>cingentium</em></strong></span> <span class='ocrx_word' id='word_1_149' title='bbox 2965 798 2980 836; x_wconf 89' lang='lat'>:</span> <span class='ocrx_word' id='word_1_150' title='bbox 3025 800 3150 838; x_wconf 88' lang='lat' dir='ltr'><strong><em>cum</em></strong></span> <span class='ocrx_word' id='word_1_151' title='bbox 3186 794 3363 838; x_wconf 80' lang='lat' dir='ltr'><strong><em>autem</em></strong></span> <span class='ocrx_word' id='word_1_152' title='bbox 3397 784 3636 839; x_wconf 82' lang='lat' dir='ltr'><strong><em>incurrat</em></strong></span> <span class='ocrx_word' id='word_1_153' title='bbox 3661 786 3718 840; x_wconf 91' lang='lat' dir='ltr'><strong><em>in</em></strong></span> <span class='ocrx_word' id='word_1_154' title='bbox 3757 788 3868 841; x_wconf 89' lang='lat' dir='ltr'><strong><em>Eu-</em></strong></span> 
     </span>
     <span class='ocr_line' id='line_1_23' title="bbox 2300 870 3866 944; baseline 0.004 -21"><span class='ocrx_word' id='word_1_155' title='bbox 2300 885 2443 941; x_wconf 78' lang='lat' dir='ltr'><strong><em>ropae</em></strong></span> <span class='ocrx_word' id='word_1_156' title='bbox 2489 870 2790 924; x_wconf 68' lang='lat' dir='ltr'><strong><em>Hermaeum</em></strong></span> <span class='ocrx_word' id='word_1_157' title='bbox 2828 871 3252 944; x_wconf 74' lang='lat' dir='ltr'><strong><em>promontorium</em></strong></span> <span class='ocrx_word' id='word_1_158' title='bbox 3268 909 3285 936; x_wconf 90' lang='lat'><strong><em>‚</em></strong></span> <span class='ocrx_word' id='word_1_159' title='bbox 3331 870 3425 925; x_wconf 86' lang='lat' dir='ltr'><strong><em>ubi</em></strong></span> <span class='ocrx_word' id='word_1_160' title='bbox 3469 873 3666 927; x_wconf 84' lang='lat' dir='ltr'><strong><em>ostium</em></strong></span> <span class='ocrx_word' id='word_1_161' title='bbox 3709 876 3866 929; x_wconf 87' lang='lat' dir='ltr'><strong><em>Ponti</em></strong></span> 
     </span>
     <span class='ocr_line' id='line_1_24' title="bbox 2301 956 3864 1031; baseline 0.003 -21"><span class='ocrx_word' id='word_1_162' title='bbox 2301 956 2727 1026; x_wconf 81' lang='lat' dir='ltr'><strong><em>angustissimum</em></strong></span> <span class='ocrx_word' id='word_1_163' title='bbox 2771 974 2880 1010; x_wconf 88' lang='lat' dir='ltr'><strong><em>non</em></strong></span> <span class='ocrx_word' id='word_1_164' title='bbox 2920 966 3092 1029; x_wconf 80' lang='lat' dir='ltr'><strong><em>pateat</em></strong></span> <span class='ocrx_word' id='word_1_165' title='bbox 3129 957 3353 1030; x_wconf 85' lang='lat' dir='ltr'><strong><em>amplius</em></strong></span> <span class='ocrx_word' id='word_1_166' title='bbox 3377 960 3613 1031; x_wconf 89' lang='lat' dir='ltr'><strong><em>quinque</em></strong></span> <span class='ocrx_word' id='word_1_167' title='bbox 3652 958 3864 1026; x_wconf 86' lang='lat' dir='ltr'><strong><em>stadiis,</em></strong></span> 
     </span>
     <span class='ocr_line' id='line_1_25' title="bbox 2301 1042 3864 1119; baseline 0.003 -22"><span class='ocrx_word' id='word_1_168' title='bbox 2301 1042 2393 1098; x_wconf 86' lang='lat' dir='ltr'><strong><em>ubi</em></strong></span> <span class='ocrx_word' id='word_1_169' title='bbox 2417 1044 2606 1098; x_wconf 79' lang='lat' dir='ltr'><strong><em>Darius</em></strong></span> <span class='ocrx_word' id='word_1_170' title='bbox 2629 1054 2792 1117; x_wconf 87' lang='lat' dir='ltr'><strong><em>ponte</em></strong></span> <span class='ocrx_word' id='word_1_171' title='bbox 2821 1044 3043 1100; x_wconf 81' lang='lat' dir='ltr'><strong><em>navibus</em></strong></span> <span class='ocrx_word' id='word_1_172' title='bbox 3061 1042 3252 1116; x_wconf 83' lang='lat' dir='ltr'><strong><em>juncto</em></strong></span> <span class='ocrx_word' id='word_1_173' title='bbox 3280 1047 3580 1119; x_wconf 73' lang='lat' dir='ltr'><strong><em>Bosporum</em></strong></span> <span class='ocrx_word' id='word_1_174' title='bbox 3607 1048 3864 1103; x_wconf 83' lang='lat' dir='ltr'><strong><em>transive-</em></strong></span> 
     </span>
     <span class='ocr_line' id='line_1_26' title="bbox 2289 1128 3868 1207; baseline 0.003 -23"><span class='ocrx_word' id='word_1_175' title='bbox 2289 1131 2402 1198; x_wconf 86' lang='lat' dir='ltr'><strong><em>-rit,</em></strong></span> <span class='ocrx_word' id='word_1_176' title='bbox 2423 1141 2536 1185; x_wconf 87' lang='lat' dir='ltr'><strong><em>tum</em></strong></span> <span class='ocrx_word' id='word_1_177' title='bbox 2563 1128 2836 1185; x_wconf 83' lang='lat' dir='ltr'><strong><em>defluxum</em></strong></span> <span class='ocrx_word' id='word_1_178' title='bbox 2868 1132 2924 1185; x_wconf 89' lang='lat' dir='ltr'><strong><em>in</em></strong></span> <span class='ocrx_word' id='word_1_179' title='bbox 2945 1134 3206 1204; x_wconf 80' lang='lat' dir='ltr'><strong><em>angustias</em></strong></span> <span class='ocrx_word' id='word_1_180' title='bbox 3227 1143 3500 1201; x_wconf 84' lang='lat' dir='ltr'><strong><em>coactum,</em></strong></span> <span class='ocrx_word' id='word_1_181' title='bbox 3539 1131 3686 1188; x_wconf 77' lang='lat' dir='ltr'><strong><em>velut</em></strong></span> <span class='ocrx_word' id='word_1_182' title='bbox 3716 1133 3868 1207; x_wconf 79' lang='lat' dir='ltr'><strong><em>plaga</em></strong></span> 
     </span>
     <span class='ocr_line' id='line_1_27' title="bbox 2299 1218 3866 1291; baseline 0.003 -20"><span class='ocrx_word' id='word_1_183' title='bbox 2299 1228 2528 1291; x_wconf 83' lang='lat' dir='ltr'><strong><em>accepta,</em></strong></span> <span class='ocrx_word' id='word_1_184' title='bbox 2552 1235 2586 1272; x_wconf 84' lang='lat' dir='ltr'><strong><em>a</em></strong></span> <span class='ocrx_word' id='word_1_185' title='bbox 2609 1219 2972 1291; x_wconf 87' lang='lat' dir='ltr'><strong><em>promontorio</em></strong></span> <span class='ocrx_word' id='word_1_186' title='bbox 2990 1220 3233 1275; x_wconf 78' lang='lat' dir='ltr'><strong><em>Hermaeo</em></strong></span> <span class='ocrx_word' id='word_1_187' title='bbox 3258 1237 3314 1275; x_wconf 83' lang='lat' dir='ltr'><strong><em>se</em></strong></span> <span class='ocrx_word' id='word_1_188' title='bbox 3341 1230 3544 1275; x_wconf 78' lang='lat' dir='ltr'><strong><em>vertere</em></strong></span> <span class='ocrx_word' id='word_1_189' title='bbox 3561 1218 3631 1274; x_wconf 81' lang='lat' dir='ltr'><strong><em>ad</em></strong></span> <span class='ocrx_word' id='word_1_190' title='bbox 3655 1231 3866 1277; x_wconf 81' lang='lat' dir='ltr'><strong><em>contra·</em></strong></span> 
     </span>
     <span class='ocr_line' id='line_1_28' title="bbox 2299 1303 3863 1379; baseline 0.004 -22"><span class='ocrx_word' id='word_1_191' title='bbox 2299 1303 2380 1358; x_wconf 80' lang='lat' dir='ltr'><strong><em>ria</em></strong></span> <span class='ocrx_word' id='word_1_192' title='bbox 2409 1304 2538 1359; x_wconf 67' lang='lat' dir='ltr'><strong><em>Asia</em></strong></span> <span class='ocrx_word' id='word_1_193' title='bbox 2569 1304 2702 1360; x_wconf 82' lang='lat' dir='ltr'><strong><em>loca.</em></strong></span> <span class='ocrx_word' id='word_1_194' title='bbox 2733 1308 2802 1361; x_wconf 77' lang='lat' dir='ltr'><strong><em>At</em></strong></span> <span class='ocrx_word' id='word_1_195' title='bbox 2823 1304 3026 1378; x_wconf 77' lang='lat' dir='ltr'><strong><em>plagam</em></strong></span> <span class='ocrx_word' id='word_1_196' title='bbox 3047 1324 3158 1360; x_wconf 88' lang='lat' dir='ltr'><strong><em>non</em></strong></span> <span class='ocrx_word' id='word_1_197' title='bbox 3186 1306 3376 1379; x_wconf 81' lang='lat' dir='ltr'><strong><em>accipit</em></strong></span> <span class='ocrx_word' id='word_1_198' title='bbox 3410 1306 3477 1361; x_wconf 82' lang='lat' dir='ltr'><strong><em>ab</em></strong></span> <span class='ocrx_word' id='word_1_199' title='bbox 3507 1324 3570 1361; x_wconf 85' lang='lat' dir='ltr'><strong><em>ea</em></strong></span> <span class='ocrx_word' id='word_1_200' title='bbox 3606 1324 3863 1379; x_wconf 89' lang='lat' dir='ltr'><strong><em>promon-</em></strong></span> 
     </span>
     <span class='ocr_line' id='line_1_29' title="bbox 2302 1390 3863 1466; baseline 0.003 -21"><span class='ocrx_word' id='word_1_201' title='bbox 2302 1390 2424 1445; x_wconf 88' lang='lat' dir='ltr'><strong><em>torii</em></strong></span> <span class='ocrx_word' id='word_1_202' title='bbox 2453 1402 2632 1464; x_wconf 75' lang='lat' dir='ltr'><strong><em>parte,</em></strong></span> <span class='ocrx_word' id='word_1_203' title='bbox 2679 1390 2746 1446; x_wconf 85' lang='lat' dir='ltr'><strong><em>ad</em></strong></span> <span class='ocrx_word' id='word_1_204' title='bbox 2789 1410 2946 1465; x_wconf 83' lang='lat' dir='ltr'><strong><em>quam</em></strong></span> <span class='ocrx_word' id='word_1_205' title='bbox 2996 1393 3142 1447; x_wconf 80' lang='lat' dir='ltr'><strong><em>Darii</em></strong></span> <span class='ocrx_word' id='word_1_206' title='bbox 3182 1410 3316 1466; x_wconf 83' lang='lat' dir='ltr'><strong><em>pons</em></strong></span> <span class='ocrx_word' id='word_1_207' title='bbox 3341 1392 3559 1466; x_wconf 81' lang='lat' dir='ltr'><strong><em>junctus</em></strong></span> <span class='ocrx_word' id='word_1_208' title='bbox 3598 1393 3726 1461; x_wconf 83' lang='lat' dir='ltr'><strong><em>fuit,</em></strong></span> <span class='ocrx_word' id='word_1_209' title='bbox 3768 1394 3863 1451; x_wconf 88' lang='lat' dir='ltr'><strong><em>ubi</em></strong></span> 
     </span>
     <span class='ocr_line' id='line_1_30' title="bbox 2300 1478 3867 1557; baseline 0.004 -25"><span class='ocrx_word' id='word_1_210' title='bbox 2300 1478 2557 1535; x_wconf 78' lang='lat' dir='ltr'><strong><em>duntaxat</em></strong></span> <span class='ocrx_word' id='word_1_211' title='bbox 2581 1478 2798 1555; x_wconf 87' lang='lat' dir='ltr'><strong><em>rapidus</em></strong></span> <span class='ocrx_word' id='word_1_212' title='bbox 2833 1479 3066 1535; x_wconf 79' lang='lat' dir='ltr'><strong><em>defertur</em></strong></span> <span class='ocrx_word' id='word_1_213' title='bbox 3094 1478 3385 1537; x_wconf 74' lang='lat' dir='ltr'><strong><em>seottndum</em></strong></span> <span class='ocrx_word' id='word_1_214' title='bbox 3405 1481 3530 1537; x_wconf 80' lang='lat' dir='ltr'><strong><em>litus</em></strong></span> <span class='ocrx_word' id='word_1_215' title='bbox 3543 1523 3559 1548; x_wconf 88' lang='lat'>,</span> <span class='ocrx_word' id='word_1_216' title='bbox 3588 1482 3684 1538; x_wconf 86' lang='lat' dir='ltr'><strong><em>sed</em></strong></span> <span class='ocrx_word' id='word_1_217' title='bbox 3711 1482 3867 1557; x_wconf 74' lang='lat' dir='ltr'><strong><em>longe</em></strong></span> 
     </span>
     <span class='ocr_line' id='line_1_31' title="bbox 2298 1565 3868 1640; baseline 0.005 -21"><span class='ocrx_word' id='word_1_218' title='bbox 2298 1566 2520 1639; x_wconf 81' lang='lat' dir='ltr'><strong><em>amplius</em></strong></span> <span class='ocrx_word' id='word_1_219' title='bbox 2545 1567 2687 1622; x_wconf 87' lang='lat' dir='ltr'><strong><em>mille</em></strong></span> <span class='ocrx_word' id='word_1_220' title='bbox 2706 1567 2940 1640; x_wconf 77' lang='lat' dir='ltr'><strong><em>passibus</em></strong></span> <span class='ocrx_word' id='word_1_221' title='bbox 2961 1586 2992 1622; x_wconf 80' lang='lat' dir='ltr'><strong><em>a</em></strong></span> <span class='ocrx_word' id='word_1_222' title='bbox 3015 1565 3192 1622; x_wconf 88' lang='lat' dir='ltr'><strong><em>medio</em></strong></span> <span class='ocrx_word' id='word_1_223' title='bbox 3207 1570 3559 1639; x_wconf 82' lang='lat' dir='ltr'><strong><em>promontorii</em></strong></span> <span class='ocrx_word' id='word_1_224' title='bbox 3583 1569 3764 1626; x_wconf 86' lang='lat' dir='ltr'><strong><em>latere.</em></strong></span> <span class='ocrx_word' id='word_1_225' title='bbox 3791 1574 3868 1627; x_wconf 83' lang='lat' dir='ltr'><strong><em>At</em></strong></span> 
     </span>
     <span class='ocr_line' id='line_1_32' title="bbox 2300 1650 3867 1729; baseline 0.003 -23"><span class='ocrx_word' id='word_1_226' title='bbox 2300 1650 2548 1707; x_wconf 83' lang='lat' dir='ltr'><strong><em>serendus</em></strong></span> <span class='ocrx_word' id='word_1_227' title='bbox 2582 1653 2867 1727; x_wconf 79' lang='lat' dir='ltr'><strong><em>Polybius3</em></strong></span> <span class='ocrx_word' id='word_1_228' title='bbox 2905 1665 2968 1708; x_wconf 88' lang='lat' dir='ltr'><strong><em>ut</em></strong></span> <span class='ocrx_word' id='word_1_229' title='bbox 2991 1655 3288 1708; x_wconf 81' lang='lat' dir='ltr'><strong><em>communis</em></strong></span> <span class='ocrx_word' id='word_1_230' title='bbox 3327 1654 3612 1710; x_wconf 82' lang='lat' dir='ltr'><strong><em>historicus</em></strong></span> <span class='ocrx_word' id='word_1_231' title='bbox 3651 1675 3867 1729; x_wconf 78' lang='lat' dir='ltr'><strong><em>geogra-</em></strong></span> 
     </span>
     <span class='ocr_line' id='line_1_33' title="bbox 2296 1738 3866 1815; baseline 0.006 -22"><span class='ocrx_word' id='word_1_232' title='bbox 2296 1738 2452 1811; x_wconf 87' lang='lat' dir='ltr'><strong><em>phice</em></strong></span> <span class='ocrx_word' id='word_1_233' title='bbox 2475 1756 2559 1794; x_wconf 77' lang='lat' dir='ltr'><strong><em>res</em></strong></span> <span class='ocrx_word' id='word_1_234' title='bbox 2585 1740 2723 1813; x_wconf 78' lang='lat' dir='ltr'><strong><em>ipsas</em></strong></span> <span class='ocrx_word' id='word_1_235' title='bbox 2746 1740 3042 1795; x_wconf 72' lang='lat' dir='ltr'><strong><em>describens</em></strong></span> <span class='ocrx_word' id='word_1_236' title='bbox 3068 1742 3418 1796; x_wconf 86' lang='lat' dir='ltr'><strong><em>communiter</em></strong></span> <span class='ocrx_word' id='word_1_237' title='bbox 3435 1743 3674 1815; x_wconf 83' lang='lat' dir='ltr'><strong><em>intelligit</em></strong></span> <span class='ocrx_word' id='word_1_238' title='bbox 3691 1754 3866 1802; x_wconf 81' lang='lat' dir='ltr'><strong><em>totum</em></strong></span> 
     </span>
     <span class='ocr_line' id='line_1_34' title="bbox 2299 1822 3859 1904; baseline 0.004 -25"><span class='ocrx_word' id='word_1_239' title='bbox 2299 1822 2579 1880; x_wconf 84' lang='lat' dir='ltr'><strong><em>decursum</em></strong></span> <span class='ocrx_word' id='word_1_240' title='bbox 2610 1828 2832 1899; x_wconf 82' lang='lat' dir='ltr'><strong><em>Bospori</em></strong></span> <span class='ocrx_word' id='word_1_241' title='bbox 2858 1844 2891 1881; x_wconf 80' lang='lat' dir='ltr'><strong><em>a</em></strong></span> <span class='ocrx_word' id='word_1_242' title='bbox 2927 1826 3106 1882; x_wconf 89' lang='lat' dir='ltr'><strong><em>medio</em></strong></span> <span class='ocrx_word' id='word_1_243' title='bbox 3137 1826 3298 1881; x_wconf 80' lang='lat' dir='ltr'><strong><em>latere</em></strong></span> <span class='ocrx_word' id='word_1_244' title='bbox 3336 1827 3402 1881; x_wconf 81' lang='lat' dir='ltr'><strong><em>ad</em></strong></span> <span class='ocrx_word' id='word_1_245' title='bbox 3445 1828 3606 1883; x_wconf 89' lang='lat' dir='ltr'><strong><em>finem</em></strong></span> <span class='ocrx_word' id='word_1_246' title='bbox 3654 1848 3826 1904; x_wconf 85' lang='lat' dir='ltr'><strong><em>usque</em></strong></span> <span class='ocrx_word' id='word_1_247' title='bbox 3841 1872 3859 1899; x_wconf 88' lang='lat'><strong>,</strong></span> 
     </span>
     <span class='ocr_line' id='line_1_35' title="bbox 2297 1914 3864 1989; baseline 0.005 -21"><span class='ocrx_word' id='word_1_248' title='bbox 2297 1931 2454 1986; x_wconf 87' lang='lat' dir='ltr'><strong><em>quem</em></strong></span> <span class='ocrx_word' id='word_1_249' title='bbox 2481 1915 2766 1989; x_wconf 78' lang='lat' dir='ltr'><strong><em>Dionysius</em></strong></span> <span class='ocrx_word' id='word_1_250' title='bbox 2787 1914 3158 1989; x_wconf 76' lang='lat' dir='ltr'><strong><em>topograpbice</em></strong></span> <span class='ocrx_word' id='word_1_251' title='bbox 3186 1926 3240 1970; x_wconf 90' lang='lat' dir='ltr'><strong><em>et</em></strong></span> <span class='ocrx_word' id='word_1_252' title='bbox 3267 1916 3482 1989; x_wconf 84' lang='lat' dir='ltr'><strong><em>proprie</em></strong></span> <span class='ocrx_word' id='word_1_253' title='bbox 3503 1915 3780 1989; x_wconf 83' lang='lat' dir='ltr'><strong><em>distinguit</em></strong></span> <span class='ocrx_word' id='word_1_254' title='bbox 3805 1922 3864 1978; x_wconf 88' lang='lat' dir='ltr'><strong><em>in</em></strong></span> 
     </span>
     <span class='ocr_line' id='line_1_36' title="bbox 2295 1996 3865 2081; baseline 0.003 -25"><span class='ocrx_word' id='word_1_255' title='bbox 2295 2002 2432 2057; x_wconf 83' lang='lat' dir='ltr'><strong><em>duos</em></strong></span> <span class='ocrx_word' id='word_1_256' title='bbox 2473 2004 2805 2061; x_wconf 82' lang='lat' dir='ltr'><strong><em>vehementes</em></strong></span> <span class='ocrx_word' id='word_1_257' title='bbox 2850 2004 3090 2059; x_wconf 80' lang='lat' dir='ltr'><strong><em>defluxus</em></strong></span> <span class='ocrx_word' id='word_1_258' title='bbox 3141 2022 3156 2060; x_wconf 90' lang='lat'>:</span> <span class='ocrx_word' id='word_1_259' title='bbox 3211 2022 3380 2060; x_wconf 86' lang='lat' dir='ltr'><strong><em>unum</em></strong></span> <span class='ocrx_word' id='word_1_260' title='bbox 3420 2004 3646 2079; x_wconf 81' lang='lat' dir='ltr'><strong><em>appellat</em></strong></span> <span class='ocrx_word' id='word_1_261' title='bbox 3695 1996 3865 2081; x_wconf 81' lang='grc' dir='ltr'>ἄκραν</span> 
     </span>
     <span class='ocr_line' id='line_1_37' title="bbox 2298 2083 3333 2166; baseline 0.007 -25"><span class='ocrx_word' id='word_1_262' title='bbox 2298 2083 2469 2165; x_wconf 76' lang='grc' dir='ltr'>ῥοώδη</span> <span class='ocrx_word' id='word_1_263' title='bbox 2486 2129 2504 2158; x_wconf 87' lang='grc'><strong><em>,</em></strong></span> <span class='ocrx_word' id='word_1_264' title='bbox 2529 2090 2752 2147; x_wconf 83' lang='lat' dir='ltr'><strong><em>alterum</em></strong></span> <span class='ocrx_word' id='word_1_265' title='bbox 2779 2092 3055 2166; x_wconf 73' lang='lat' dir='ltr'><strong><em>Pyt-thiam</em></strong></span> <span class='ocrx_word' id='word_1_266' title='bbox 3079 2094 3333 2165; x_wconf 79' lang='lat' dir='ltr'><strong><em>Cyonem.</em></strong></span> 
     </span>
    </p>
   </div>
   <div class='ocr_carea' id='block_1_8' title="bbox 2956 2255 3206 2316">
    <p class='ocr_par' dir='ltr' id='par_1_9' title="bbox 2956 2255 3206 2316">
     <span class='ocr_line' id='line_1_38' title="bbox 2956 2255 3206 2316; baseline -0.012 0"><span class='ocrx_word' id='word_1_267' title='bbox 2956 2255 3057 2316; x_wconf 88' lang='lat' dir='ltr'><strong><em>Fr.</em></strong></span> <span class='ocrx_word' id='word_1_268' title='bbox 3107 2263 3206 2315; x_wconf 81' lang='lat'><strong><em>37.</em></strong></span> 
     </span>
    </p>
   </div>
   <div class='ocr_carea' id='block_1_9' title="bbox 2365 2416 3863 2493">
    <p class='ocr_par' dir='ltr' id='par_1_10' title="bbox 2365 2416 3863 2493">
     <span class='ocr_line' id='line_1_39' title="bbox 2365 2416 3863 2493; baseline 0.002 -21"><span class='ocrx_word' id='word_1_269' title='bbox 2365 2416 2589 2483; x_wconf 80' lang='lat' dir='ltr'><strong><em>Deinde,</em></strong></span> <span class='ocrx_word' id='word_1_270' title='bbox 2630 2417 2805 2490; x_wconf 87' lang='lat' dir='ltr'><strong><em>inquit</em></strong></span> <span class='ocrx_word' id='word_1_271' title='bbox 2843 2417 3157 2491; x_wconf 79' lang='lat' dir='ltr'><strong><em>Dionysius,</em></strong></span> <span class='ocrx_word' id='word_1_272' title='bbox 3188 2417 3610 2490; x_wconf 73' lang='lat' dir='ltr'><strong><em>promontorium</em></strong></span> <span class='ocrx_word' id='word_1_273' title='bbox 3641 2432 3863 2493; x_wconf 84' lang='lat' dir='ltr'><strong><em>proeter·</em></strong></span> 
     </span>
    </p>
   </div>
   <div class='ocr_carea' id='block_1_10' title="bbox 643 2497 3864 2671">
    <p class='ocr_par' dir='ltr' id='par_1_11' title="bbox 643 2497 3864 2671">
     <span class='ocr_line' id='line_1_40' title="bbox 644 2497 3863 2577; baseline 0.001 -20"><span class='ocrx_word' id='word_1_274' title='bbox 644 2500 883 2557; x_wconf 78' lang='lat' dir='ltr'><strong><em>exlatere</em></strong></span> <span class='ocrx_word' id='word_1_275' title='bbox 891 2499 1121 2557; x_wconf 85' lang='lat' dir='ltr'><strong><em>tumulus</em></strong></span> <span class='ocrx_word' id='word_1_276' title='bbox 1133 2497 1441 2573; x_wconf 86' lang='lat' dir='ltr'><strong><em>impendens</em></strong></span> <span class='ocrx_word' id='word_1_277' title='bbox 1452 2500 1507 2553; x_wconf 89' lang='lat' dir='ltr'><strong><em>in</em></strong></span> <span class='ocrx_word' id='word_1_278' title='bbox 1520 2517 1665 2555; x_wconf 79' lang='lat' dir='ltr'><strong><em>oram</em></strong></span> <span class='ocrx_word' id='word_1_279' title='bbox 1675 2498 1991 2554; x_wconf 76' lang='lat' dir='ltr'><strong><em>maritimam</em></strong></span> <span class='ocrx_word' id='word_1_280' title='bbox 2001 2516 2207 2553; x_wconf 87' lang='lat' dir='ltr'><strong><em>nuncu·</em></strong></span> <span class='ocrx_word' id='word_1_281' title='bbox 2285 2521 2464 2573; x_wconf 77' lang='lat' dir='ltr'><strong><em>gresso</em></strong></span> <span class='ocrx_word' id='word_1_282' title='bbox 2483 2504 2713 2558; x_wconf 89' lang='lat' dir='ltr'><strong><em>occurrit</em></strong></span> <span class='ocrx_word' id='word_1_283' title='bbox 2731 2514 2889 2577; x_wconf 86' lang='lat' dir='ltr'><strong><em>petra</em></strong></span> <span class='ocrx_word' id='word_1_284' title='bbox 2907 2522 2943 2557; x_wconf 87' lang='lat' dir='ltr'><strong><em>a</em></strong></span> <span class='ocrx_word' id='word_1_285' title='bbox 2964 2515 3177 2568; x_wconf 88' lang='lat' dir='ltr'><strong><em>natura,</em></strong></span> <span class='ocrx_word' id='word_1_286' title='bbox 3201 2504 3385 2559; x_wconf 81' lang='lat' dir='ltr'><strong><em>nonab</em></strong></span> <span class='ocrx_word' id='word_1_287' title='bbox 3411 2504 3684 2560; x_wconf 77' lang='lat' dir='ltr'><strong><em>hominum</em></strong></span> <span class='ocrx_word' id='word_1_288' title='bbox 3703 2526 3863 2563; x_wconf 85' lang='lat' dir='ltr'><strong><em>manu</em></strong></span> 
     </span>
     <span class='ocr_line' id='line_1_41' title="bbox 643 2578 3864 2671; baseline 0.002 -28"><span class='ocrx_word' id='word_1_289' title='bbox 643 2599 819 2662; x_wconf 74' lang='lat' dir='ltr'><strong><em>petam</em></strong></span> <span class='ocrx_word' id='word_1_290' title='bbox 838 2578 1117 2658; x_wconf 80' lang='grc' dir='ltr'><strong>Φῶνημα,</strong></span> <span class='ocrx_word' id='word_1_291' title='bbox 1144 2587 1497 2660; x_wconf 66' lang='grc' dir='ltr'><strong><em>ρηοίρίῑὶὴω</em></strong></span> <span class='ocrx_word' id='word_1_292' title='bbox 1523 2597 1578 2642; x_wconf 88' lang='lat' dir='ltr'><strong><em>et</em></strong></span> <span class='ocrx_word' id='word_1_293' title='bbox 1604 2586 1813 2642; x_wconf 82' lang='lat' dir='ltr'><strong><em>directis</em></strong></span> <span class='ocrx_word' id='word_1_294' title='bbox 1838 2587 2063 2661; x_wconf 82' lang='lat' dir='ltr'><strong><em>rupibus</em></strong></span> <span class='ocrx_word' id='word_1_295' title='bbox 2084 2605 2207 2661; x_wconf 87' lang='lat' dir='ltr'><strong><em>pro·</em></strong></span> <span class='ocrx_word' id='word_1_296' title='bbox 2274 2592 2468 2663; x_wconf 84' lang='lat' dir='ltr'><strong><em>sacta,</em></strong></span> <span class='ocrx_word' id='word_1_297' title='bbox 2495 2592 2662 2647; x_wconf 79' lang='lat' dir='ltr'><strong><em>colore</em></strong></span> <span class='ocrx_word' id='word_1_298' title='bbox 2686 2592 2808 2647; x_wconf 78' lang='lat' dir='ltr'><strong><em>albo</em></strong></span> <span class='ocrx_word' id='word_1_299' title='bbox 2822 2634 2839 2657; x_wconf 86' lang='lat'><em>,</em></span> <span class='ocrx_word' id='word_1_300' title='bbox 2862 2592 3068 2671; x_wconf 73' lang='lat' dir='ltr'><strong><em>alarum</em></strong></span> <span class='ocrx_word' id='word_1_301' title='bbox 3093 2592 3502 2649; x_wconf 81' lang='lat' dir='ltr'><strong><em>similitudinem</em></strong></span> <span class='ocrx_word' id='word_1_302' title='bbox 3529 2594 3725 2667; x_wconf 84' lang='lat' dir='ltr'><strong><em>aquiloe</em></strong></span> <span class='ocrx_word' id='word_1_303' title='bbox 3745 2615 3864 2671; x_wconf 79' lang='lat' dir='ltr'><strong><em>prae</em></strong></span> 
     </span>
    </p>
   </div>
   <div class='ocr_carea' id='block_1_11' title="bbox 630 2672 2207 4855">
    <p class='ocr_par' dir='ltr' id='par_1_12' title="bbox 630 2672 2207 4855">
     <span class='ocr_line' id='line_1_42' title="bbox 640 2672 2201 2750; baseline -0.001 -19"><span class='ocrx_word' id='word_1_304' title='bbox 640 2675 840 2750; x_wconf 87' lang='lat' dir='ltr'><strong><em>pendet</em></strong></span> <span class='ocrx_word' id='word_1_305' title='bbox 863 2693 1029 2749; x_wconf 87' lang='lat' dir='ltr'><strong><em>usque</em></strong></span> <span class='ocrx_word' id='word_1_306' title='bbox 1053 2672 1122 2730; x_wconf 84' lang='lat' dir='ltr'><strong><em>ad</em></strong></span> <span class='ocrx_word' id='word_1_307' title='bbox 1146 2674 1291 2730; x_wconf 88' lang='lat' dir='ltr'><strong><em>littus</em></strong></span> <span class='ocrx_word' id='word_1_308' title='bbox 1310 2714 1327 2741; x_wconf 85' lang='lat'>,</span> <span class='ocrx_word' id='word_1_309' title='bbox 1355 2685 1567 2748; x_wconf 83' lang='lat' dir='ltr'><strong><em>excepta</em></strong></span> <span class='ocrx_word' id='word_1_310' title='bbox 1602 2674 1683 2729; x_wconf 78' lang='lat' dir='ltr'><strong><em>via</em></strong></span> <span class='ocrx_word' id='word_1_311' title='bbox 1720 2676 1777 2729; x_wconf 89' lang='lat' dir='ltr'><strong><em>in</em></strong></span> <span class='ocrx_word' id='word_1_312' title='bbox 1796 2692 1931 2747; x_wconf 71' lang='lat' dir='ltr'><strong><em>nipe</em></strong></span> <span class='ocrx_word' id='word_1_313' title='bbox 1964 2674 2201 2730; x_wconf 82' lang='lat' dir='ltr'><strong><em>humano</em></strong></span> 
     </span>
     <span class='ocr_line' id='line_1_43' title="bbox 640 2762 2201 2839; baseline -0.001 -19"><span class='ocrx_word' id='word_1_314' title='bbox 640 2784 800 2839; x_wconf 87' lang='lat' dir='ltr'><strong><em>opere</em></strong></span> <span class='ocrx_word' id='word_1_315' title='bbox 831 2775 1073 2821; x_wconf 78' lang='lat' dir='ltr'><strong><em>excavata</em></strong></span> <span class='ocrx_word' id='word_1_316' title='bbox 1098 2763 1489 2838; x_wconf 77' lang='lat' dir='ltr'><strong><em>explanataque.</em></strong></span> <span class='ocrx_word' id='word_1_317' title='bbox 1529 2766 1701 2819; x_wconf 85' lang='lat' dir='ltr'><strong><em>Locus</em></strong></span> <span class='ocrx_word' id='word_1_318' title='bbox 1730 2762 1902 2818; x_wconf 86' lang='lat' dir='ltr'><strong><em>dictus</em></strong></span> <span class='ocrx_word' id='word_1_319' title='bbox 1931 2762 2201 2819; x_wconf 83' lang='lat' dir='ltr'><strong><em>Pbonema</em></strong></span> 
     </span>
     <span class='ocr_line' id='line_1_44' title="bbox 634 2852 2203 2927; baseline 0 -19"><span class='ocrx_word' id='word_1_320' title='bbox 634 2870 816 2927; x_wconf 76' lang='lat' dir='ltr'><strong><em>passm</em></strong></span> <span class='ocrx_word' id='word_1_321' title='bbox 824 2853 981 2927; x_wconf 84' lang='lat' dir='ltr'><strong><em>paulo</em></strong></span> <span class='ocrx_word' id='word_1_322' title='bbox 987 2853 1212 2927; x_wconf 78' lang='lat' dir='ltr'><strong><em>amplius</em></strong></span> <span class='ocrx_word' id='word_1_323' title='bbox 1222 2852 1378 2920; x_wconf 86' lang='lat' dir='ltr'><strong><em>mille,</em></strong></span> <span class='ocrx_word' id='word_1_324' title='bbox 1393 2864 1531 2908; x_wconf 84' lang='lat' dir='ltr'><strong><em>totos</em></strong></span> <span class='ocrx_word' id='word_1_325' title='bbox 1540 2852 1649 2908; x_wconf 80' lang='lat' dir='ltr'><strong><em>fere</em></strong></span> <span class='ocrx_word' id='word_1_326' title='bbox 1659 2852 2006 2907; x_wconf 64' lang='lat' dir='ltr'><strong><em>aedificatos</em></strong></span> <span class='ocrx_word' id='word_1_327' title='bbox 2013 2852 2203 2908; x_wconf 81' lang='lat' dir='ltr'><strong><em>subur-</em></strong></span> 
     </span>
     <span class='ocr_line' id='line_1_45' title="bbox 632 2939 2200 3014; baseline -0.001 -17"><span class='ocrx_word' id='word_1_328' title='bbox 632 2941 783 2997; x_wconf 74' lang='lat' dir='ltr'><strong><em>banis</em></strong></span> <span class='ocrx_word' id='word_1_329' title='bbox 802 2939 1037 2995; x_wconf 68' lang='lat' dir='ltr'><strong><em>edificiis</em></strong></span> <span class='ocrx_word' id='word_1_330' title='bbox 1050 2939 1397 3013; x_wconf 76' lang='lat' dir='ltr'><strong><em>Laemocopiae</em></strong></span> <span class='ocrx_word' id='word_1_331' title='bbox 1412 2980 1427 3005; x_wconf 84' lang='lat'>‚</span> <span class='ocrx_word' id='word_1_332' title='bbox 1450 2939 1654 2995; x_wconf 76' lang='lat' dir='ltr'><strong><em>distata</em></strong></span> <span class='ocrx_word' id='word_1_333' title='bbox 1676 2956 1933 2995; x_wconf 86' lang='lat' dir='ltr'><strong><em>mucrone</em></strong></span> <span class='ocrx_word' id='word_1_334' title='bbox 1944 2958 2200 3014; x_wconf 88' lang='lat' dir='ltr'><strong><em>promon-</em></strong></span> 
     </span>
     <span class='ocr_line' id='line_1_46' title="bbox 632 3026 2203 3103; baseline 0 -18"><span class='ocrx_word' id='word_1_335' title='bbox 632 3030 753 3085; x_wconf 88' lang='lat' dir='ltr'><strong><em>torii</em></strong></span> <span class='ocrx_word' id='word_1_336' title='bbox 774 3027 1002 3084; x_wconf 79' lang='lat' dir='ltr'><strong><em>Hermoei</em></strong></span> <span class='ocrx_word' id='word_1_337' title='bbox 1018 3051 1040 3092; x_wconf 83' lang='grc'><strong><em>,-</em></strong></span> <span class='ocrx_word' id='word_1_338' title='bbox 1068 3026 1291 3084; x_wconf 89' lang='lat' dir='ltr'><strong><em>totidem</em></strong></span> <span class='ocrx_word' id='word_1_339' title='bbox 1315 3027 1466 3083; x_wconf 80' lang='lat' dir='ltr'><strong><em>abest</em></strong></span> <span class='ocrx_word' id='word_1_340' title='bbox 1487 3046 1521 3082; x_wconf 85' lang='lat' dir='ltr'><strong><em>a</em></strong></span> <span class='ocrx_word' id='word_1_341' title='bbox 1542 3029 1661 3083; x_wconf 88' lang='lat' dir='ltr'><strong><em>sinu</em></strong></span> <span class='ocrx_word' id='word_1_342' title='bbox 1682 3027 1932 3085; x_wconf 67' lang='lat' dir='ltr'><strong><em>Phidalia</em></strong></span> <span class='ocrx_word' id='word_1_343' title='bbox 1962 3039 2017 3084; x_wconf 89' lang='lat' dir='ltr'><strong><em>et</em></strong></span> <span class='ocrx_word' id='word_1_344' title='bbox 2039 3042 2203 3103; x_wconf 89' lang='lat' dir='ltr'><strong><em>portu</em></strong></span> 
     </span>
     <span class='ocr_line' id='line_1_47' title="bbox 630 3114 2197 3190; baseline -0.001 -15"><span class='ocrx_word' id='word_1_345' title='bbox 630 3119 912 3175; x_wconf 85' lang='lat' dir='ltr'><strong><em>Mulierum</em></strong></span> <span class='ocrx_word' id='word_1_346' title='bbox 942 3135 956 3172; x_wconf 88' lang='lat'>:</span> <span class='ocrx_word' id='word_1_347' title='bbox 982 3135 1143 3190; x_wconf 88' lang='lat' dir='ltr'><strong><em>quem</em></strong></span> <span class='ocrx_word' id='word_1_348' title='bbox 1170 3116 1263 3172; x_wconf 88' lang='lat' dir='ltr'><strong><em>ubi</em></strong></span> <span class='ocrx_word' id='word_1_349' title='bbox 1284 3117 1462 3171; x_wconf 82' lang='lat' dir='ltr'><strong><em>statim</em></strong></span> <span class='ocrx_word' id='word_1_350' title='bbox 1482 3114 1867 3172; x_wconf 75' lang='lat' dir='ltr'><strong><em>ostenderimus</em></strong></span> <span class='ocrx_word' id='word_1_351' title='bbox 1889 3118 2040 3173; x_wconf 86' lang='lat' dir='ltr'><strong><em>illum</em></strong></span> <span class='ocrx_word' id='word_1_352' title='bbox 2066 3137 2197 3183; x_wconf 60' lang='lat' dir='ltr'><strong><em>esse,</em></strong></span> 
     </span>
     <span class='ocr_line' id='line_1_48' title="bbox 632 3202 2202 3279; baseline -0.001 -17"><span class='ocrx_word' id='word_1_353' title='bbox 632 3208 726 3279; x_wconf 89' lang='lat' dir='ltr'><strong><em>qui</em></strong></span> <span class='ocrx_word' id='word_1_354' title='bbox 750 3224 897 3261; x_wconf 87' lang='lat' dir='ltr'><strong><em>nunc</em></strong></span> <span class='ocrx_word' id='word_1_355' title='bbox 917 3223 952 3259; x_wconf 84' lang='lat' dir='ltr'><strong><em>a</em></strong></span> <span class='ocrx_word' id='word_1_356' title='bbox 971 3204 1169 3260; x_wconf 68' lang='lat' dir='ltr'><strong><em>Graecis</em></strong></span> <span class='ocrx_word' id='word_1_357' title='bbox 1207 3202 1494 3278; x_wconf 74' lang='lat' dir='ltr'><strong><em>appellatur</em></strong></span> <span class='ocrx_word' id='word_1_358' title='bbox 1520 3204 1873 3277; x_wconf 78' lang='lat' dir='ltr'><strong><em>Sarantocopa</em></strong></span> <span class='ocrx_word' id='word_1_359' title='bbox 1894 3244 1911 3269; x_wconf 87' lang='lat'>,</span> <span class='ocrx_word' id='word_1_360' title='bbox 1946 3205 2060 3260; x_wconf 85' lang='lat' dir='ltr'><strong><em>sine</em></strong></span> <span class='ocrx_word' id='word_1_361' title='bbox 2096 3206 2202 3262; x_wconf 86' lang='lat' dir='ltr'><strong><em>ulla</em></strong></span> 
     </span>
     <span class='ocr_line' id='line_1_49' title="bbox 631 3280 2201 3365; baseline -0.003 -15"><span class='ocrx_word' id='word_1_362' title='bbox 631 3294 961 3350; x_wconf 72' lang='lat' dir='ltr'><strong><em>dubitatione</em></strong></span> <span class='ocrx_word' id='word_1_363' title='bbox 982 3309 1323 3365; x_wconf 82' lang='lat' dir='ltr'><strong><em>assequemur</em></strong></span> <span class='ocrx_word' id='word_1_364' title='bbox 1342 3292 1773 3364; x_wconf 86' lang='lat' dir='ltr'><strong><em>promontorium</em></strong></span> <span class='ocrx_word' id='word_1_365' title='bbox 1802 3280 2028 3351; x_wconf 80' lang='grc' dir='ltr'>Ῥοῶδες</span> <span class='ocrx_word' id='word_1_366' title='bbox 2053 3292 2201 3347; x_wconf 89' lang='lat' dir='ltr'><strong><em>aliud</em></strong></span> 
     </span>
     <span class='ocr_line' id='line_1_50' title="bbox 633 3376 2203 3452; baseline -0.002 -17"><span class='ocrx_word' id='word_1_367' title='bbox 633 3398 745 3435; x_wconf 86' lang='lat' dir='ltr'><strong><em>esse</em></strong></span> <span class='ocrx_word' id='word_1_368' title='bbox 766 3398 877 3435; x_wconf 90' lang='lat' dir='ltr'><strong><em>non</em></strong></span> <span class='ocrx_word' id='word_1_369' title='bbox 905 3396 1061 3452; x_wconf 86' lang='lat' dir='ltr'><strong><em>posse</em></strong></span> <span class='ocrx_word' id='word_1_370' title='bbox 1085 3394 1247 3450; x_wconf 87' lang='lat' dir='ltr'><strong><em>quam</em></strong></span> <span class='ocrx_word' id='word_1_371' title='bbox 1270 3376 1539 3432; x_wconf 79' lang='lat' dir='ltr'><strong><em>Pbonema</em></strong></span> <span class='ocrx_word' id='word_1_372' title='bbox 1552 3416 1569 3441; x_wconf 92' lang='lat'>,</span> <span class='ocrx_word' id='word_1_373' title='bbox 1610 3394 1732 3431; x_wconf 88' lang='lat' dir='ltr'><strong><em>cum</em></strong></span> <span class='ocrx_word' id='word_1_374' title='bbox 1757 3376 1899 3431; x_wconf 83' lang='lat' dir='ltr'><strong><em>inter</em></strong></span> <span class='ocrx_word' id='word_1_375' title='bbox 1924 3378 2203 3449; x_wconf 79' lang='lat' dir='ltr'><strong><em>Pyrrhiam</em></strong></span> 
     </span>
     <span class='ocr_line' id='line_1_51' title="bbox 635 3462 2201 3540; baseline -0.001 -19"><span class='ocrx_word' id='word_1_376' title='bbox 635 3468 872 3540; x_wconf 77' lang='lat' dir='ltr'><strong><em>Cyonem</em></strong></span> <span class='ocrx_word' id='word_1_377' title='bbox 910 3475 965 3520; x_wconf 89' lang='lat' dir='ltr'><strong><em>et</em></strong></span> <span class='ocrx_word' id='word_1_378' title='bbox 1016 3466 1193 3519; x_wconf 80' lang='lat' dir='ltr'><strong><em>sinum</em></strong></span> <span class='ocrx_word' id='word_1_379' title='bbox 1231 3462 1477 3519; x_wconf 67' lang='lat' dir='ltr'><strong><em>Phidalia</em></strong></span> <span class='ocrx_word' id='word_1_380' title='bbox 1516 3462 1585 3518; x_wconf 81' lang='lat' dir='ltr'><strong><em>ad</em></strong></span> <span class='ocrx_word' id='word_1_381' title='bbox 1634 3464 1833 3519; x_wconf 82' lang='lat' dir='ltr'><strong><em>nullam</em></strong></span> <span class='ocrx_word' id='word_1_382' title='bbox 1878 3465 2201 3519; x_wconf 79' lang='lat' dir='ltr'><strong><em>maritimam</em></strong></span> 
     </span>
     <span class='ocr_line' id='line_1_52' title="bbox 635 3550 2199 3626; baseline -0.001 -16"><span class='ocrx_word' id='word_1_383' title='bbox 635 3572 785 3610; x_wconf 83' lang='lat' dir='ltr'><strong><em>oram</em></strong></span> <span class='ocrx_word' id='word_1_384' title='bbox 815 3563 1088 3626; x_wconf 80' lang='lat' dir='ltr'><strong><em>tantopere</em></strong></span> <span class='ocrx_word' id='word_1_385' title='bbox 1126 3552 1315 3607; x_wconf 80' lang='lat' dir='ltr'><strong><em>fluctus</em></strong></span> <span class='ocrx_word' id='word_1_386' title='bbox 1352 3561 1598 3607; x_wconf 76' lang='lat' dir='ltr'><strong><em>resonent</em></strong></span> <span class='ocrx_word' id='word_1_387' title='bbox 1633 3569 1792 3624; x_wconf 87' lang='lat' dir='ltr'><strong><em>quam</em></strong></span> <span class='ocrx_word' id='word_1_388' title='bbox 1842 3550 1913 3607; x_wconf 85' lang='lat' dir='ltr'><strong><em>ad</em></strong></span> <span class='ocrx_word' id='word_1_389' title='bbox 1964 3552 2199 3608; x_wconf 89' lang='lat' dir='ltr'><strong><em>medium</em></strong></span> 
     </span>
     <span class='ocr_line' id='line_1_53' title="bbox 636 3639 2204 3717; baseline -0.001 -18"><span class='ocrx_word' id='word_1_390' title='bbox 636 3642 866 3699; x_wconf 80' lang='lat' dir='ltr'><strong><em>Hermaei</em></strong></span> <span class='ocrx_word' id='word_1_391' title='bbox 902 3641 1252 3717; x_wconf 87' lang='lat' dir='ltr'><strong><em>promontorii</em></strong></span> <span class='ocrx_word' id='word_1_392' title='bbox 1277 3640 1438 3709; x_wconf 78' lang='lat' dir='ltr'><strong><em>latus3</em></strong></span> <span class='ocrx_word' id='word_1_393' title='bbox 1467 3640 1613 3714; x_wconf 83' lang='lat' dir='ltr'><strong><em>quod</em></strong></span> <span class='ocrx_word' id='word_1_394' title='bbox 1640 3641 1737 3696; x_wconf 86' lang='lat' dir='ltr'><strong><em>etsi</em></strong></span> <span class='ocrx_word' id='word_1_395' title='bbox 1770 3659 1803 3695; x_wconf 82' lang='lat' dir='ltr'><strong><em>a</em></strong></span> <span class='ocrx_word' id='word_1_396' title='bbox 1828 3639 2007 3697; x_wconf 88' lang='lat' dir='ltr'><strong><em>medio</em></strong></span> <span class='ocrx_word' id='word_1_397' title='bbox 2034 3660 2204 3716; x_wconf 84' lang='lat' dir='ltr'><strong><em>usque</em></strong></span> 
     </span>
     <span class='ocr_line' id='line_1_54' title="bbox 636 3727 2203 3802; baseline -0.001 -15"><span class='ocrx_word' id='word_1_398' title='bbox 636 3730 707 3787; x_wconf 84' lang='lat' dir='ltr'><strong><em>ad</em></strong></span> <span class='ocrx_word' id='word_1_399' title='bbox 726 3730 889 3787; x_wconf 84' lang='lat' dir='ltr'><strong><em>finem</em></strong></span> <span class='ocrx_word' id='word_1_400' title='bbox 902 3732 985 3785; x_wconf 76' lang='lat' dir='ltr'><strong><em>sui</em></strong></span> <span class='ocrx_word' id='word_1_401' title='bbox 1015 3731 1283 3785; x_wconf 81' lang='lat' dir='ltr'><strong><em>mucronis</em></strong></span> <span class='ocrx_word' id='word_1_402' title='bbox 1313 3727 1541 3785; x_wconf 75' lang='lat' dir='ltr'><strong><em>demrsu</em></strong></span> <span class='ocrx_word' id='word_1_403' title='bbox 1562 3730 1781 3802; x_wconf 77' lang='lat' dir='ltr'><strong><em>Bospori</em></strong></span> <span class='ocrx_word' id='word_1_404' title='bbox 1798 3730 2017 3786; x_wconf 77' lang='lat' dir='ltr'><strong><em>incitato</em></strong></span> <span class='ocrx_word' id='word_1_405' title='bbox 2050 3731 2203 3786; x_wconf 85' lang='lat' dir='ltr'><strong><em>allui-</em></strong></span> 
     </span>
     <span class='ocr_line' id='line_1_55' title="bbox 638 3817 2201 3890; baseline 0 -16"><span class='ocrx_word' id='word_1_406' title='bbox 638 3830 727 3874; x_wconf 88' lang='lat' dir='ltr'><strong><em>tur</em></strong></span> <span class='ocrx_word' id='word_1_407' title='bbox 755 3818 934 3874; x_wconf 83' lang='lat' dir='ltr'><strong><em>:nulla</em></strong></span> <span class='ocrx_word' id='word_1_408' title='bbox 958 3828 1135 3873; x_wconf 77' lang='lat' dir='ltr'><strong><em>tamen</em></strong></span> <span class='ocrx_word' id='word_1_409' title='bbox 1162 3817 1510 3890; x_wconf 87' lang='lat' dir='ltr'><strong><em>promontorii</em></strong></span> <span class='ocrx_word' id='word_1_410' title='bbox 1538 3834 1657 3890; x_wconf 85' lang='lat' dir='ltr'><strong><em>pars</em></strong></span> <span class='ocrx_word' id='word_1_411' title='bbox 1684 3826 1792 3871; x_wconf 85' lang='lat' dir='ltr'><strong><em>tam</em></strong></span> <span class='ocrx_word' id='word_1_412' title='bbox 1819 3818 2013 3889; x_wconf 83' lang='lat' dir='ltr'><strong><em>apertis</em></strong></span> <span class='ocrx_word' id='word_1_413' title='bbox 2035 3819 2201 3874; x_wconf 83' lang='lat' dir='ltr'><strong><em>oculis</em></strong></span> 
     </span>
     <span class='ocr_line' id='line_1_56' title="bbox 640 3902 2199 3979; baseline 0.001 -19"><span class='ocrx_word' id='word_1_414' title='bbox 640 3923 802 3979; x_wconf 81' lang='lat' dir='ltr'><strong><em>quam</em></strong></span> <span class='ocrx_word' id='word_1_415' title='bbox 835 3902 1008 3960; x_wconf 86' lang='lat' dir='ltr'><strong><em>media</em></strong></span> <span class='ocrx_word' id='word_1_416' title='bbox 1032 3904 1320 3978; x_wconf 86' lang='lat' dir='ltr'><strong><em>percipitur</em></strong></span> <span class='ocrx_word' id='word_1_417' title='bbox 1350 3905 1740 3958; x_wconf 86' lang='lat' dir='ltr'><strong><em>circumsonare</em></strong></span> <span class='ocrx_word' id='word_1_418' title='bbox 1776 3920 2055 3959; x_wconf 86' lang='lat' dir='ltr'><strong><em>murmure</em></strong></span> <span class='ocrx_word' id='word_1_419' title='bbox 2095 3904 2199 3961; x_wconf 87' lang='lat' dir='ltr'><strong><em>cir-</em></strong></span> 
     </span>
     <span class='ocr_line' id='line_1_57' title="bbox 640 3988 2204 4063; baseline 0.001 -16"><span class='ocrx_word' id='word_1_420' title='bbox 640 3990 969 4047; x_wconf 79' lang='lat' dir='ltr'><strong><em>cumfluenti.</em></strong></span> <span class='ocrx_word' id='word_1_421' title='bbox 1064 3990 1151 4048; x_wconf 74' lang='lat' dir='ltr'><strong><em>Ab</em></strong></span> <span class='ocrx_word' id='word_1_422' title='bbox 1180 3988 1281 4045; x_wconf 86' lang='lat' dir='ltr'><strong><em>hac</em></strong></span> <span class='ocrx_word' id='word_1_423' title='bbox 1310 3990 1453 4044; x_wconf 88' lang='lat' dir='ltr'><strong><em>enim</em></strong></span> <span class='ocrx_word' id='word_1_424' title='bbox 1485 4002 1633 4063; x_wconf 85' lang='lat' dir='ltr'><strong><em>parte</em></strong></span> <span class='ocrx_word' id='word_1_425' title='bbox 1662 3990 1855 4045; x_wconf 81' lang='lat' dir='ltr'><strong><em>fluctus</em></strong></span> <span class='ocrx_word' id='word_1_426' title='bbox 1880 3990 2093 4047; x_wconf 75' lang='lat' dir='ltr'><strong><em>refracti</em></strong></span> <span class='ocrx_word' id='word_1_427' title='bbox 2118 4011 2204 4048; x_wconf 88' lang='lat' dir='ltr'><strong><em>re·</em></strong></span> 
     </span>
     <span class='ocr_line' id='line_1_58' title="bbox 640 4074 2205 4150; baseline -0.001 -16"><span class='ocrx_word' id='word_1_428' title='bbox 640 4087 861 4145; x_wconf 81' lang='lat' dir='ltr'><strong><em>sonant,</em></strong></span> <span class='ocrx_word' id='word_1_429' title='bbox 900 4077 1201 4150; x_wconf 75' lang='lat' dir='ltr'><strong><em>partimque</em></strong></span> <span class='ocrx_word' id='word_1_430' title='bbox 1237 4075 1598 4145; x_wconf 79' lang='lat' dir='ltr'><strong><em>revolvuntur,</em></strong></span> <span class='ocrx_word' id='word_1_431' title='bbox 1640 4078 1835 4150; x_wconf 80' lang='lat' dir='ltr'><strong><em>partim</em></strong></span> <span class='ocrx_word' id='word_1_432' title='bbox 1868 4074 2025 4149; x_wconf 78' lang='lat' dir='ltr'><strong><em>juxta</em></strong></span> <span class='ocrx_word' id='word_1_433' title='bbox 2058 4078 2205 4133; x_wconf 88' lang='lat' dir='ltr'><strong><em>littus</em></strong></span> 
     </span>
     <span class='ocr_line' id='line_1_59' title="bbox 639 4164 2205 4239; baseline 0.002 -18"><span class='ocrx_word' id='word_1_434' title='bbox 639 4166 889 4223; x_wconf 78' lang='lat' dir='ltr'><strong><em>deorsum</em></strong></span> <span class='ocrx_word' id='word_1_435' title='bbox 922 4164 1095 4239; x_wconf 81' lang='lat' dir='ltr'><strong><em>rapidi</em></strong></span> <span class='ocrx_word' id='word_1_436' title='bbox 1127 4165 1454 4239; x_wconf 56' lang='lat' dir='ltr'><strong><em>praecipitant</em></strong></span> <span class='ocrx_word' id='word_1_437' title='bbox 1467 4206 1484 4234; x_wconf 86' lang='lat'><strong><em>,</em></strong></span> <span class='ocrx_word' id='word_1_438' title='bbox 1518 4177 1581 4221; x_wconf 88' lang='lat' dir='ltr'><strong><em>ut</em></strong></span> <span class='ocrx_word' id='word_1_439' title='bbox 1612 4176 1785 4222; x_wconf 77' lang='lat' dir='ltr'><strong><em>nautae</em></strong></span> <span class='ocrx_word' id='word_1_440' title='bbox 1823 4184 2035 4223; x_wconf 84' lang='lat' dir='ltr'><strong><em>sursum</em></strong></span> <span class='ocrx_word' id='word_1_441' title='bbox 2060 4170 2205 4224; x_wconf 82' lang='lat' dir='ltr'><strong><em>navi·</em></strong></span> 
     </span>
     <span class='ocr_line' id='line_1_60' title="bbox 640 4250 2203 4326; baseline 0.001 -18"><span class='ocrx_word' id='word_1_442' title='bbox 640 4264 817 4326; x_wconf 68' lang='lat' dir='ltr'><strong><em>gentes</em></strong></span> <span class='ocrx_word' id='word_1_443' title='bbox 850 4270 1062 4308; x_wconf 81' lang='lat' dir='ltr'><strong><em>necesse</em></strong></span> <span class='ocrx_word' id='word_1_444' title='bbox 1080 4250 1311 4307; x_wconf 83' lang='lat' dir='ltr'><strong><em>habeant</em></strong></span> <span class='ocrx_word' id='word_1_445' title='bbox 1334 4269 1523 4307; x_wconf 78' lang='lat' dir='ltr'><strong><em>navem</em></strong></span> <span class='ocrx_word' id='word_1_446' title='bbox 1552 4270 1825 4308; x_wconf 88' lang='lat' dir='ltr'><strong><em>remorum</em></strong></span> <span class='ocrx_word' id='word_1_447' title='bbox 1860 4256 2203 4310; x_wconf 86' lang='lat' dir='ltr'><strong><em>contentione</em></strong></span> 
     </span>
     <span class='ocr_line' id='line_1_61' title="bbox 640 4336 2204 4413; baseline 0.002 -19"><span class='ocrx_word' id='word_1_448' title='bbox 640 4339 902 4413; x_wconf 81' lang='lat' dir='ltr'><strong><em>impellere</em></strong></span> <span class='ocrx_word' id='word_1_449' title='bbox 916 4377 934 4406; x_wconf 87' lang='lat'><strong>,</strong></span> <span class='ocrx_word' id='word_1_450' title='bbox 984 4348 1040 4394; x_wconf 89' lang='lat' dir='ltr'><strong><em>et</em></strong></span> <span class='ocrx_word' id='word_1_451' title='bbox 1088 4356 1157 4394; x_wconf 87' lang='lat' dir='ltr'><strong><em>ne</em></strong></span> <span class='ocrx_word' id='word_1_452' title='bbox 1202 4336 1451 4395; x_wconf 83' lang='lat' dir='ltr'><strong><em>deorsum</em></strong></span> <span class='ocrx_word' id='word_1_453' title='bbox 1505 4338 1870 4408; x_wconf 83' lang='lat' dir='ltr'><strong><em>retrocedant,</em></strong></span> <span class='ocrx_word' id='word_1_454' title='bbox 1923 4350 2204 4397; x_wconf 88' lang='lat' dir='ltr'><strong><em>contorum</em></strong></span> 
     </span>
     <span class='ocr_line' id='line_1_62' title="bbox 642 4422 2207 4499; baseline 0.002 -18"><span class='ocrx_word' id='word_1_455' title='bbox 642 4424 967 4481; x_wconf 83' lang='lat' dir='ltr'><strong><em>firmitudine</em></strong></span> <span class='ocrx_word' id='word_1_456' title='bbox 1019 4422 1089 4479; x_wconf 84' lang='lat' dir='ltr'><strong><em>ad</em></strong></span> <span class='ocrx_word' id='word_1_457' title='bbox 1125 4424 1316 4481; x_wconf 83' lang='lat' dir='ltr'><strong><em>littoris</em></strong></span> <span class='ocrx_word' id='word_1_458' title='bbox 1361 4424 1685 4499; x_wconf 86' lang='lat' dir='ltr'><strong><em>crepidinem</em></strong></span> <span class='ocrx_word' id='word_1_459' title='bbox 1735 4424 1924 4485; x_wconf 87' lang='lat' dir='ltr'><strong><em>adniti.</em></strong></span> <span class='ocrx_word' id='word_1_460' title='bbox 2044 4428 2207 4484; x_wconf 86' lang='lat' dir='ltr'><strong><em>Hunc</em></strong></span> 
     </span>
     <span class='ocr_line' id='line_1_63' title="bbox 645 4514 2204 4591; baseline 0.004 -22"><span class='ocrx_word' id='word_1_461' title='bbox 645 4515 882 4582; x_wconf 84' lang='lat' dir='ltr'><strong><em>fluxum,</em></strong></span> <span class='ocrx_word' id='word_1_462' title='bbox 908 4533 1065 4587; x_wconf 87' lang='lat' dir='ltr'><strong><em>quem</em></strong></span> <span class='ocrx_word' id='word_1_463' title='bbox 1088 4515 1373 4589; x_wconf 78' lang='lat' dir='ltr'><strong><em>Dionysius</em></strong></span> <span class='ocrx_word' id='word_1_464' title='bbox 1410 4514 1571 4571; x_wconf 84' lang='lat' dir='ltr'><strong><em>tradit</em></strong></span> <span class='ocrx_word' id='word_1_465' title='bbox 1602 4517 1659 4571; x_wconf 91' lang='lat' dir='ltr'><strong><em>in</em></strong></span> <span class='ocrx_word' id='word_1_466' title='bbox 1685 4515 1921 4572; x_wconf 90' lang='lat' dir='ltr'><strong><em>medium</em></strong></span> <span class='ocrx_word' id='word_1_467' title='bbox 1948 4536 2204 4591; x_wconf 88' lang='lat' dir='ltr'><strong><em>promon-</em></strong></span> 
     </span>
     <span class='ocr_line' id='line_1_64' title="bbox 646 4599 2204 4678; baseline 0.003 -23"><span class='ocrx_word' id='word_1_468' title='bbox 646 4601 770 4656; x_wconf 87' lang='lat' dir='ltr'><strong><em>torii</em></strong></span> <span class='ocrx_word' id='word_1_469' title='bbox 800 4600 935 4655; x_wconf 82' lang='lat' dir='ltr'><strong><em>latus</em></strong></span> <span class='ocrx_word' id='word_1_470' title='bbox 970 4599 1331 4669; x_wconf 60' lang='lat' dir='ltr'><strong><em>effervescere,</em></strong></span> <span class='ocrx_word' id='word_1_471' title='bbox 1377 4601 1624 4676; x_wconf 73' lang='lat' dir='ltr'><strong><em>Polybius</em></strong></span> <span class='ocrx_word' id='word_1_472' title='bbox 1657 4604 1744 4675; x_wconf 73' lang='lat'><strong><em>(4,</em></strong></span> <span class='ocrx_word' id='word_1_473' title='bbox 1774 4602 1877 4678; x_wconf 74' lang='grc'><strong><em>43)</em></strong></span> <span class='ocrx_word' id='word_1_474' title='bbox 1907 4603 2038 4660; x_wconf 90' lang='lat' dir='ltr'><strong><em>dicit</em></strong></span> <span class='ocrx_word' id='word_1_475' title='bbox 2056 4605 2116 4660; x_wconf 90' lang='lat' dir='ltr'><strong><em>in</em></strong></span> <span class='ocrx_word' id='word_1_476' title='bbox 2144 4604 2204 4661; x_wconf 78' lang='lat' dir='ltr'><strong><em>fi-</em></strong></span> 
     </span>
     <span class='ocr_line' id='line_1_65' title="bbox 646 4686 2203 4763; baseline 0.003 -21"><span class='ocrx_word' id='word_1_477' title='bbox 646 4705 771 4743; x_wconf 86' lang='lat' dir='ltr'><strong><em>nem</em></strong></span> <span class='ocrx_word' id='word_1_478' title='bbox 806 4686 979 4743; x_wconf 80' lang='lat' dir='ltr'><strong><em>lateris</em></strong></span> <span class='ocrx_word' id='word_1_479' title='bbox 1004 4686 1073 4743; x_wconf 81' lang='lat' dir='ltr'><strong><em>ad</em></strong></span> <span class='ocrx_word' id='word_1_480' title='bbox 1100 4687 1327 4744; x_wconf 82' lang='lat' dir='ltr'><strong><em>frontem</em></strong></span> <span class='ocrx_word' id='word_1_481' title='bbox 1365 4690 1591 4745; x_wconf 77' lang='lat' dir='ltr'><strong><em>Hermaei</em></strong></span> <span class='ocrx_word' id='word_1_482' title='bbox 1625 4692 1976 4763; x_wconf 87' lang='lat' dir='ltr'><strong><em>promontorii</em></strong></span> <span class='ocrx_word' id='word_1_483' title='bbox 2023 4692 2203 4748; x_wconf 87' lang='lat' dir='ltr'><strong><em>incur-</em></strong></span> 
     </span>
     <span class='ocr_line' id='line_1_66' title="bbox 644 4776 2202 4855; baseline 0.004 -25"><span class='ocrx_word' id='word_1_484' title='bbox 644 4794 793 4847; x_wconf 84' lang='lat' dir='ltr'><strong><em>rere,</em></strong></span> <span class='ocrx_word' id='word_1_485' title='bbox 830 4794 955 4831; x_wconf 87' lang='lat' dir='ltr'><strong><em>cum</em></strong></span> <span class='ocrx_word' id='word_1_486' title='bbox 985 4777 1059 4830; x_wconf 84' lang='lat' dir='ltr'><strong><em>ait</em></strong></span> <span class='ocrx_word' id='word_1_487' title='bbox 1085 4776 1378 4832; x_wconf 88' lang='lat' dir='ltr'><strong><em>secundum</em></strong></span> <span class='ocrx_word' id='word_1_488' title='bbox 1404 4778 1503 4833; x_wconf 81' lang='lat' dir='ltr'><strong><em>alia</em></strong></span> <span class='ocrx_word' id='word_1_489' title='bbox 1526 4777 1640 4834; x_wconf 80' lang='lat' dir='ltr'><strong><em>loca</em></strong></span> <span class='ocrx_word' id='word_1_490' title='bbox 1672 4778 1956 4835; x_wconf 86' lang='lat' dir='ltr'><strong><em>decursum</em></strong></span> <span class='ocrx_word' id='word_1_491' title='bbox 1978 4782 2202 4855; x_wconf 87' lang='lat' dir='ltr'><strong><em>Bospori</em></strong></span> 
     </span>
    </p>
   </div>
   <div class='ocr_carea' id='block_1_12' title="bbox 640 4970 2204 5361">
    <p class='ocr_par' dir='ltr' id='par_1_13' title="bbox 640 4970 2204 5361">
     <span class='ocr_line' id='line_1_67' title="bbox 714 4970 2203 5048; baseline 0.003 -22"><span class='ocrx_word' id='word_1_492' title='bbox 714 4974 811 5026; x_wconf 81' lang='lat' dir='ltr'><strong><em>Fr.</em></strong></span> <span class='ocrx_word' id='word_1_493' title='bbox 843 4970 935 5027; x_wconf 84' lang='lat'><strong><em>36.</em></strong></span> <span class='ocrx_word' id='word_1_494' title='bbox 964 4970 1245 5043; x_wconf 72' lang='lat' dir='ltr'><strong><em>Pyrrhiam</em></strong></span> <span class='ocrx_word' id='word_1_495' title='bbox 1277 4974 1503 5046; x_wconf 75' lang='lat' dir='ltr'><strong><em>Cyonem]</em></strong></span> <span class='ocrx_word' id='word_1_496' title='bbox 1534 4974 1572 5030; x_wconf 85' lang='lat' dir='ltr'><strong><em>i.</em></strong></span> <span class='ocrx_word' id='word_1_497' title='bbox 1592 4992 1643 5029; x_wconf 87' lang='lat' dir='ltr'><strong><em>e.</em></strong></span> <span class='ocrx_word' id='word_1_498' title='bbox 1670 4974 1871 5048; x_wconf 75' lang='grc' dir='ltr'><strong>πυρρίαν</strong></span> <span class='ocrx_word' id='word_1_499' title='bbox 1895 4974 2035 5030; x_wconf 78' lang='grc' dir='ltr'><strong>κῦνα.</strong></span> <span class='ocrx_word' id='word_1_500' title='bbox 2062 4977 2203 5031; x_wconf 86' lang='lat' dir='ltr'><strong><em>Fieri</em></strong></span> 
     </span>
     <span class='ocr_line' id='line_1_68' title="bbox 640 5051 2203 5123; baseline 0.003 -20"><span class='ocrx_word' id='word_1_501' title='bbox 640 5059 817 5122; x_wconf 77' lang='lat' dir='ltr'><strong><em>potest</em></strong></span> <span class='ocrx_word' id='word_1_502' title='bbox 846 5058 910 5103; x_wconf 86' lang='lat' dir='ltr'><strong><em>ut</em></strong></span> <span class='ocrx_word' id='word_1_503' title='bbox 935 5066 1131 5103; x_wconf 88' lang='lat' dir='ltr'><strong><em>nomeu</em></strong></span> <span class='ocrx_word' id='word_1_504' title='bbox 1160 5051 1436 5123; x_wconf 86' lang='lat' dir='ltr'><strong><em>proprium</em></strong></span> <span class='ocrx_word' id='word_1_505' title='bbox 1477 5069 1509 5105; x_wconf 85' lang='lat' dir='ltr'><strong><em>a</em></strong></span> <span class='ocrx_word' id='word_1_506' title='bbox 1532 5052 1738 5106; x_wconf 81' lang='lat' dir='ltr'><strong><em>serioris</em></strong></span> <span class='ocrx_word' id='word_1_507' title='bbox 1764 5052 1862 5108; x_wconf 78' lang='lat' dir='ltr'><strong><em>aevi</em></strong></span> <span class='ocrx_word' id='word_1_508' title='bbox 1894 5052 2203 5109; x_wconf 87' lang='lat' dir='ltr'><strong><em>hominibus</em></strong></span> 
     </span>
     <span class='ocr_line' id='line_1_69' title="bbox 641 5128 2202 5202; baseline 0.001 -17"><span class='ocrx_word' id='word_1_509' title='bbox 641 5140 1032 5202; x_wconf 73' lang='lat' dir='ltr'><strong><em>nautarumque</em></strong></span> <span class='ocrx_word' id='word_1_510' title='bbox 1057 5128 1217 5202; x_wconf 75' lang='lat' dir='ltr'><strong><em>vulgo</em></strong></span> <span class='ocrx_word' id='word_1_511' title='bbox 1234 5132 1291 5184; x_wconf 88' lang='lat' dir='ltr'><strong><em>in</em></strong></span> <span class='ocrx_word' id='word_1_512' title='bbox 1312 5132 1538 5202; x_wconf 79' lang='lat' dir='ltr'><strong><em>genitivo</em></strong></span> <span class='ocrx_word' id='word_1_513' title='bbox 1564 5150 1685 5186; x_wconf 77' lang='lat' dir='ltr'><strong><em>casu</em></strong></span> <span class='ocrx_word' id='word_1_514' title='bbox 1702 5130 1967 5188; x_wconf 89' lang='lat' dir='ltr'><strong><em>diceretur</em></strong></span> <span class='ocrx_word' id='word_1_515' title='bbox 1988 5132 2202 5196; x_wconf 77' lang='grc' dir='ltr'>Κῦωνος.</span> 
     </span>
     <span class='ocr_line' id='line_1_70' title="bbox 647 5207 2204 5285; baseline 0.003 -23"><span class='ocrx_word' id='word_1_516' title='bbox 647 5208 771 5281; x_wconf 85' lang='grc' dir='ltr'><strong><em>ΙΙ-</em></strong></span> <span class='ocrx_word' id='word_1_517' title='bbox 788 5226 947 5265; x_wconf 87' lang='lat' dir='ltr'><strong><em>ora...</em></strong></span> <span class='ocrx_word' id='word_1_518' title='bbox 982 5207 1205 5282; x_wconf 77' lang='grc' dir='ltr'>ῥοώδης]</span> <span class='ocrx_word' id='word_1_519' title='bbox 1232 5212 1295 5263; x_wconf 89' lang='lat' dir='ltr'><strong><em>In</em></strong></span> <span class='ocrx_word' id='word_1_520' title='bbox 1322 5210 1520 5265; x_wconf 81' lang='lat' dir='ltr'><strong><em>Graecis</em></strong></span> <span class='ocrx_word' id='word_1_521' title='bbox 1540 5222 1651 5265; x_wconf 84' lang='lat' dir='ltr'><strong><em>erat</em></strong></span> <span class='ocrx_word' id='word_1_522' title='bbox 1671 5209 1795 5284; x_wconf 75' lang='grc' dir='ltr'>ἄκρα</span> <span class='ocrx_word' id='word_1_523' title='bbox 1818 5210 2026 5285; x_wconf 54' lang='lat' dir='ltr'><strong><em>pothone,</em></strong></span> <span class='ocrx_word' id='word_1_524' title='bbox 2056 5224 2116 5267; x_wconf 89' lang='lat' dir='ltr'><strong><em>ut</em></strong></span> <span class='ocrx_word' id='word_1_525' title='bbox 2138 5230 2204 5267; x_wconf 86' lang='lat' dir='ltr'><strong><em>ex</em></strong></span> 
     </span>
     <span class='ocr_line' id='line_1_71' title="bbox 644 5288 1301 5361; baseline 0.005 -20"><span class='ocrx_word' id='word_1_526' title='bbox 644 5288 994 5361; x_wconf 80' lang='lat' dir='ltr'><strong><em>sequentibus</em></strong></span> <span class='ocrx_word' id='word_1_527' title='bbox 1016 5288 1301 5361; x_wconf 79' lang='lat' dir='ltr'><strong><em>colligitur.</em></strong></span> 
     </span>
    </p>
   </div>
   <div class='ocr_carea' id='block_1_13' title="bbox 2275 2678 3882 4858">
    <p class='ocr_par' dir='ltr' id='par_1_14' title="bbox 2275 2678 3882 4858">
     <span class='ocr_line' id='line_1_72' title="bbox 2286 2678 3864 2757; baseline 0.003 -23"><span class='ocrx_word' id='word_1_528' title='bbox 2286 2697 2343 2734; x_wconf 88' lang='lat' dir='ltr'><strong><em>se</em></strong></span> <span class='ocrx_word' id='word_1_529' title='bbox 2362 2697 2543 2749; x_wconf 77' lang='lat' dir='ltr'><strong><em>gerens</em></strong></span> <span class='ocrx_word' id='word_1_530' title='bbox 2557 2721 2574 2745; x_wconf 86' lang='lat'>,</span> <span class='ocrx_word' id='word_1_531' title='bbox 2603 2691 2656 2735; x_wconf 88' lang='lat' dir='ltr'><strong><em>et</em></strong></span> <span class='ocrx_word' id='word_1_532' title='bbox 2687 2691 2938 2753; x_wconf 86' lang='lat' dir='ltr'><strong><em>tanquam</em></strong></span> <span class='ocrx_word' id='word_1_533' title='bbox 2953 2679 3202 2754; x_wconf 86' lang='lat' dir='ltr'><strong><em>plantam</em></strong></span> <span class='ocrx_word' id='word_1_534' title='bbox 3223 2678 3378 2754; x_wconf 77' lang='lat' dir='ltr'><strong><em>pedis</em></strong></span> <span class='ocrx_word' id='word_1_535' title='bbox 3409 2682 3688 2737; x_wconf 73' lang='lat' dir='ltr'><strong><em>extendens</em></strong></span> <span class='ocrx_word' id='word_1_536' title='bbox 3705 2694 3864 2757; x_wconf 82' lang='lat' dir='ltr'><strong><em>atque</em></strong></span> 
     </span>
     <span class='ocr_line' id='line_1_73' title="bbox 2290 2765 3864 2843; baseline 0.003 -22"><span class='ocrx_word' id='word_1_537' title='bbox 2290 2765 2352 2824; x_wconf 84' lang='lat' dir='ltr'><strong><em>in</em></strong></span> <span class='ocrx_word' id='word_1_538' title='bbox 2374 2766 2600 2823; x_wconf 83' lang='lat' dir='ltr'><strong><em>alteram</em></strong></span> <span class='ocrx_word' id='word_1_539' title='bbox 2609 2777 2823 2842; x_wconf 78' lang='lat' dir='ltr'><strong><em>partem</em></strong></span> <span class='ocrx_word' id='word_1_540' title='bbox 2861 2766 3199 2833; x_wconf 66' lang='lat' dir='ltr'><strong><em>contrahens,</em></strong></span> <span class='ocrx_word' id='word_1_541' title='bbox 3234 2767 3382 2822; x_wconf 84' lang='lat' dir='ltr'><strong><em>velut</em></strong></span> <span class='ocrx_word' id='word_1_542' title='bbox 3415 2767 3680 2824; x_wconf 85' lang='lat' dir='ltr'><strong><em>ludicrum</em></strong></span> <span class='ocrx_word' id='word_1_543' title='bbox 3707 2769 3864 2843; x_wconf 85' lang='lat' dir='ltr'><strong><em>quid·</em></strong></span> 
     </span>
     <span class='ocr_line' id='line_1_74' title="bbox 2284 2851 3858 2921; baseline 0.001 -12"><span class='ocrx_word' id='word_1_544' title='bbox 2284 2852 2413 2909; x_wconf 83' lang='lat' dir='ltr'><strong><em>dam</em></strong></span> <span class='ocrx_word' id='word_1_545' title='bbox 2448 2865 2655 2909; x_wconf 76' lang='lat' dir='ltr'><strong><em>natura·</em></strong></span> <span class='ocrx_word' id='word_1_546' title='bbox 2679 2852 2858 2908; x_wconf 86' lang='lat' dir='ltr'><strong><em>omnia</em></strong></span> <span class='ocrx_word' id='word_1_547' title='bbox 2892 2851 3190 2917; x_wconf 87' lang='lat' dir='ltr'><strong><em>imitantis,·</em></strong></span> <span class='ocrx_word' id='word_1_548' title='bbox 3224 2854 3530 2909; x_wconf 84' lang='lat' dir='ltr'><strong><em>nominatur</em></strong></span> <span class='ocrx_word' id='word_1_549' title='bbox 3566 2854 3826 2910; x_wconf 76' lang='lat' dir='ltr'><strong><em>Phidalia</em></strong></span> <span class='ocrx_word' id='word_1_550' title='bbox 3843 2898 3858 2921; x_wconf 92' lang='lat'>,</span> 
     </span>
     <span class='ocr_line' id='line_1_75' title="bbox 2284 2937 3862 3014; baseline 0.002 -19"><span class='ocrx_word' id='word_1_551' title='bbox 2284 2958 2446 3014; x_wconf 85' lang='lat' dir='ltr'><strong><em>quam</em></strong></span> <span class='ocrx_word' id='word_1_552' title='bbox 2465 2938 2702 3005; x_wconf 86' lang='lat' dir='ltr'><strong><em>nescias,</em></strong></span> <span class='ocrx_word' id='word_1_553' title='bbox 2726 2938 2958 2995; x_wconf 77' lang='lat' dir='ltr'><strong><em>dicerene</em></strong></span> <span class='ocrx_word' id='word_1_554' title='bbox 2982 2937 3171 2997; x_wconf 81' lang='lat' dir='ltr'><strong><em>debeas</em></strong></span> <span class='ocrx_word' id='word_1_555' title='bbox 3206 2938 3435 2995; x_wconf 86' lang='lat' dir='ltr'><strong><em>insulam</em></strong></span> <span class='ocrx_word' id='word_1_556' title='bbox 3449 2980 3467 3005; x_wconf 89' lang='lat'><em>,</em></span> <span class='ocrx_word' id='word_1_557' title='bbox 3504 2959 3575 2995; x_wconf 88' lang='lat' dir='ltr'><strong><em>an</em></strong></span> <span class='ocrx_word' id='word_1_558' title='bbox 3592 2941 3862 2998; x_wconf 88' lang='lat' dir='ltr'><strong><em>continen-</em></strong></span> 
     </span>
     <span class='ocr_line' id='line_1_76' title="bbox 2289 3024 3864 3101; baseline 0 -18"><span class='ocrx_word' id='word_1_559' title='bbox 2289 3040 2394 3083; x_wconf 87' lang='lat' dir='ltr'><strong><em>tem</em></strong></span> <span class='ocrx_word' id='word_1_560' title='bbox 2416 3048 2438 3081; x_wconf 93' lang='grc'><strong><em>.·</em></strong></span> <span class='ocrx_word' id='word_1_561' title='bbox 2459 3025 2610 3082; x_wconf 88' lang='lat' dir='ltr'><strong><em>illam</em></strong></span> <span class='ocrx_word' id='word_1_562' title='bbox 2626 3024 2838 3101; x_wconf 78' lang='lat' dir='ltr'><strong><em>quidem</em></strong></span> <span class='ocrx_word' id='word_1_563' title='bbox 2861 3026 2926 3082; x_wconf 81' lang='lat' dir='ltr'><strong><em>ob</em></strong></span> <span class='ocrx_word' id='word_1_564' title='bbox 2953 3037 3206 3081; x_wconf 83' lang='lat' dir='ltr'><strong><em>naturam</em></strong></span> <span class='ocrx_word' id='word_1_565' title='bbox 3221 3067 3236 3092; x_wconf 90' lang='lat'><strong><em>,</em></strong></span> <span class='ocrx_word' id='word_1_566' title='bbox 3271 3026 3408 3081; x_wconf 73' lang='lat' dir='ltr'><strong><em>hanc</em></strong></span> <span class='ocrx_word' id='word_1_567' title='bbox 3424 3044 3548 3082; x_wconf 83' lang='lat' dir='ltr'><strong><em>vero</em></strong></span> <span class='ocrx_word' id='word_1_568' title='bbox 3576 3026 3643 3082; x_wconf 81' lang='lat' dir='ltr'><strong><em>ob</em></strong></span> <span class='ocrx_word' id='word_1_569' title='bbox 3667 3027 3864 3084; x_wconf 85' lang='lat' dir='ltr'><strong><em>vicini-</em></strong></span> 
     </span>
     <span class='ocr_line' id='line_1_77' title="bbox 2290 3107 3862 3189; baseline -0.002 -19"><span class='ocrx_word' id='word_1_570' title='bbox 2290 3126 2478 3171; x_wconf 83' lang='lat' dir='ltr'><strong><em>tatem.</em></strong></span> <span class='ocrx_word' id='word_1_571' title='bbox 2534 3113 2765 3184; x_wconf 85' lang='lat' dir='ltr'><strong><em>Quidam</em></strong></span> <span class='ocrx_word' id='word_1_572' title='bbox 2824 3113 2980 3169; x_wconf 84' lang='lat' dir='ltr'><strong><em>aiunt</em></strong></span> <span class='ocrx_word' id='word_1_573' title='bbox 3029 3114 3356 3189; x_wconf 84' lang='lat' dir='ltr'><strong><em>appellatam</em></strong></span> <span class='ocrx_word' id='word_1_574' title='bbox 3411 3132 3519 3169; x_wconf 88' lang='lat' dir='ltr'><strong><em>esse</em></strong></span> <span class='ocrx_word' id='word_1_575' title='bbox 3555 3107 3862 3169; x_wconf 71' lang='grc' dir='ltr'>Φαιδαλίον</span> 
     </span>
     <span class='ocr_line' id='line_1_78' title="bbox 2286 3200 3863 3277; baseline 0.001 -20"><span class='ocrx_word' id='word_1_576' title='bbox 2286 3221 2355 3257; x_wconf 72' lang='lat' dir='ltr'><strong><em>ex</em></strong></span> <span class='ocrx_word' id='word_1_577' title='bbox 2375 3222 2434 3258; x_wconf 87' lang='lat' dir='ltr'><strong><em>eo</em></strong></span> <span class='ocrx_word' id='word_1_578' title='bbox 2471 3200 2616 3276; x_wconf 81' lang='lat' dir='ltr'><strong><em>quod</em></strong></span> <span class='ocrx_word' id='word_1_579' title='bbox 2637 3200 2875 3277; x_wconf 87' lang='lat' dir='ltr'><strong><em>primum</em></strong></span> <span class='ocrx_word' id='word_1_580' title='bbox 2899 3201 2956 3257; x_wconf 88' lang='lat' dir='ltr'><strong><em>in</em></strong></span> <span class='ocrx_word' id='word_1_581' title='bbox 2992 3220 3054 3256; x_wconf 87' lang='lat' dir='ltr'><strong><em>ea</em></strong></span> <span class='ocrx_word' id='word_1_582' title='bbox 3071 3200 3306 3276; x_wconf 81' lang='lat' dir='ltr'><strong><em>piscatio</em></strong></span> <span class='ocrx_word' id='word_1_583' title='bbox 3330 3212 3611 3276; x_wconf 81' lang='lat' dir='ltr'><strong><em>appareat.</em></strong></span> <span class='ocrx_word' id='word_1_584' title='bbox 3631 3200 3755 3257; x_wconf 86' lang='lat' dir='ltr'><strong><em>Alii</em></strong></span> <span class='ocrx_word' id='word_1_585' title='bbox 3776 3201 3863 3259; x_wconf 83' lang='lat' dir='ltr'><strong><em>di-</em></strong></span> 
     </span>
     <span class='ocr_line' id='line_1_79' title="bbox 2288 3287 3865 3363; baseline 0.002 -20"><span class='ocrx_word' id='word_1_586' title='bbox 2288 3300 2418 3344; x_wconf 87' lang='lat' dir='ltr'><strong><em>cunt</em></strong></span> <span class='ocrx_word' id='word_1_587' title='bbox 2421 3288 2606 3362; x_wconf 83' lang='lat' dir='ltr'><strong><em>filiam</em></strong></span> <span class='ocrx_word' id='word_1_588' title='bbox 2628 3287 3112 3359; x_wconf 72' lang='lat' dir='ltr'><strong><em>Barbrssoefitisse3</em></strong></span> <span class='ocrx_word' id='word_1_589' title='bbox 3139 3306 3258 3343; x_wconf 89' lang='lat' dir='ltr'><strong><em>cum</em></strong></span> <span class='ocrx_word' id='word_1_590' title='bbox 3279 3299 3454 3342; x_wconf 87' lang='lat' dir='ltr'><strong><em>autem</em></strong></span> <span class='ocrx_word' id='word_1_591' title='bbox 3478 3288 3754 3363; x_wconf 71' lang='lat' dir='ltr'><strong><em>comple-tu</em></strong></span> <span class='ocrx_word' id='word_1_592' title='bbox 3777 3308 3865 3346; x_wconf 85' lang='lat' dir='ltr'><strong><em>ve·</em></strong></span> 
     </span>
     <span class='ocr_line' id='line_1_80' title="bbox 2288 3370 3882 3443; baseline 0.001 -13"><span class='ocrx_word' id='word_1_593' title='bbox 2288 3394 2436 3431; x_wconf 88' lang='lat' dir='ltr'><strong><em>nereo</em></strong></span> <span class='ocrx_word' id='word_1_594' title='bbox 2467 3394 2526 3430; x_wconf 81' lang='lat' dir='ltr'><strong><em>se</em></strong></span> <span class='ocrx_word' id='word_1_595' title='bbox 2567 3374 2867 3431; x_wconf 85' lang='lat' dir='ltr'><strong><em>miscuisset</em></strong></span> <span class='ocrx_word' id='word_1_596' title='bbox 2905 3393 3021 3429; x_wconf 87' lang='lat' dir='ltr'><strong><em>cum</em></strong></span> <span class='ocrx_word' id='word_1_597' title='bbox 3059 3378 3319 3443; x_wconf 81' lang='lat' dir='ltr'><strong><em>Brzante,</em></strong></span> <span class='ocrx_word' id='word_1_598' title='bbox 3369 3387 3680 3431; x_wconf 88' lang='lat' dir='ltr'><strong><em>commotam</em></strong></span> <span class='ocrx_word' id='word_1_599' title='bbox 3727 3370 3882 3432; x_wconf 69' lang='lat' dir='ltr'><strong><em>vere-&#39;</em></strong></span> 
     </span>
     <span class='ocr_line' id='line_1_81' title="bbox 2290 3460 3858 3535; baseline 0 -18"><span class='ocrx_word' id='word_1_600' title='bbox 2290 3460 2489 3517; x_wconf 83' lang='lat' dir='ltr'><strong><em>cundia</em></strong></span> <span class='ocrx_word' id='word_1_601' title='bbox 2509 3460 2691 3535; x_wconf 79' lang='lat' dir='ltr'><strong><em>stupri</em></strong></span> <span class='ocrx_word' id='word_1_602' title='bbox 2717 3473 2770 3515; x_wconf 89' lang='lat' dir='ltr'><strong><em>et</em></strong></span> <span class='ocrx_word' id='word_1_603' title='bbox 2802 3472 2948 3517; x_wconf 87' lang='lat' dir='ltr'><strong><em>metu</em></strong></span> <span class='ocrx_word' id='word_1_604' title='bbox 2975 3460 3188 3535; x_wconf 86' lang='lat' dir='ltr'><strong><em>patris,</em></strong></span> <span class='ocrx_word' id='word_1_605' title='bbox 3213 3478 3271 3515; x_wconf 89' lang='lat' dir='ltr'><strong><em>se</em></strong></span> <span class='ocrx_word' id='word_1_606' title='bbox 3297 3460 3354 3515; x_wconf 89' lang='lat' dir='ltr'><strong><em>in</em></strong></span> <span class='ocrx_word' id='word_1_607' title='bbox 3381 3478 3523 3515; x_wconf 87' lang='lat' dir='ltr'><strong><em>mare</em></strong></span> <span class='ocrx_word' id='word_1_608' title='bbox 3543 3462 3858 3535; x_wconf 80' lang='lat' dir='ltr'><strong><em>projecisse,</em></strong></span> 
     </span>
     <span class='ocr_line' id='line_1_82' title="bbox 2288 3546 3862 3624; baseline 0 -21"><span class='ocrx_word' id='word_1_609' title='bbox 2288 3559 2449 3622; x_wconf 84' lang='lat' dir='ltr'><strong><em>atque</em></strong></span> <span class='ocrx_word' id='word_1_610' title='bbox 2481 3548 2711 3624; x_wconf 86' lang='lat' dir='ltr'><strong><em>periisse</em></strong></span> <span class='ocrx_word' id='word_1_611' title='bbox 2723 3568 2745 3612; x_wconf 75' lang='lat'><strong><em>,⁸</em></strong></span> <span class='ocrx_word' id='word_1_612' title='bbox 2788 3550 3092 3622; x_wconf 80' lang='lat' dir='ltr'><strong><em>Neptunum</em></strong></span> <span class='ocrx_word' id='word_1_613' title='bbox 3131 3558 3308 3602; x_wconf 88' lang='lat' dir='ltr'><strong><em>autem</em></strong></span> <span class='ocrx_word' id='word_1_614' title='bbox 3334 3546 3719 3623; x_wconf 72' lang='lat' dir='ltr'><strong><em>progenitorem</em></strong></span> <span class='ocrx_word' id='word_1_615' title='bbox 3745 3567 3862 3604; x_wconf 88' lang='lat' dir='ltr'><strong><em>cum</em></strong></span> 
     </span>
     <span class='ocr_line' id='line_1_83' title="bbox 2288 3634 3859 3707; baseline 0 -15"><span class='ocrx_word' id='word_1_616' title='bbox 2288 3635 2654 3694; x_wconf 66' lang='lat' dir='ltr'><strong><em>misericordia</em></strong></span> <span class='ocrx_word' id='word_1_617' title='bbox 2673 3634 2991 3703; x_wconf 82' lang='lat' dir='ltr'><strong><em>adductum,</em></strong></span> <span class='ocrx_word' id='word_1_618' title='bbox 3014 3645 3127 3691; x_wconf 88' lang='lat' dir='ltr'><strong><em>tum</em></strong></span> <span class='ocrx_word' id='word_1_619' title='bbox 3145 3634 3498 3691; x_wconf 72' lang='lat' dir='ltr'><strong><em>benevolentia</em></strong></span> <span class='ocrx_word' id='word_1_620' title='bbox 3521 3635 3611 3691; x_wconf 90' lang='lat' dir='ltr'><strong><em>sui</em></strong></span> <span class='ocrx_word' id='word_1_621' title='bbox 3632 3637 3859 3707; x_wconf 71' lang='lat' dir='ltr'><strong><em>generis,</em></strong></span> 
     </span>
     <span class='ocr_line' id='line_1_84' title="bbox 2290 3722 3862 3802; baseline 0 -21"><span class='ocrx_word' id='word_1_622' title='bbox 2290 3724 2607 3782; x_wconf 86' lang='lat' dir='ltr'><strong><em>continentis</em></strong></span> <span class='ocrx_word' id='word_1_623' title='bbox 2620 3743 2864 3795; x_wconf 71' lang='lat' dir='ltr'><strong><em>magnam</em></strong></span> <span class='ocrx_word' id='word_1_624' title='bbox 2877 3736 3084 3800; x_wconf 81' lang='lat' dir='ltr'><strong><em>partem</em></strong></span> <span class='ocrx_word' id='word_1_625' title='bbox 3099 3722 3396 3799; x_wconf 79' lang='lat' dir='ltr'><strong><em>abrupisse,</em></strong></span> <span class='ocrx_word' id='word_1_626' title='bbox 3418 3742 3628 3799; x_wconf 85' lang='lat' dir='ltr'><strong><em>eamque</em></strong></span> <span class='ocrx_word' id='word_1_627' title='bbox 3657 3725 3714 3780; x_wconf 90' lang='lat' dir='ltr'><strong><em>in</em></strong></span> <span class='ocrx_word' id='word_1_628' title='bbox 3732 3745 3862 3802; x_wconf 89' lang='lat' dir='ltr'><strong><em>pro-</em></strong></span> 
     </span>
     <span class='ocr_line' id='line_1_85' title="bbox 2275 3810 3863 3887; baseline 0.001 -20"><span class='ocrx_word' id='word_1_629' title='bbox 2275 3811 2459 3885; x_wconf 81' lang='lat' dir='ltr'><strong><em>fundo</em></strong></span> <span class='ocrx_word' id='word_1_630' title='bbox 2477 3812 2722 3887; x_wconf 70' lang='lat' dir='ltr'><strong><em>defixisse</em></strong></span> <span class='ocrx_word' id='word_1_631' title='bbox 2737 3830 2802 3867; x_wconf 86' lang='lat' dir='ltr'><strong><em>ac</em></strong></span> <span class='ocrx_word' id='word_1_632' title='bbox 2818 3811 3056 3881; x_wconf 77' lang='lat' dir='ltr'><strong><em>firmasse</em></strong></span> <span class='ocrx_word' id='word_1_633' title='bbox 3065 3852 3082 3878; x_wconf 88' lang='lat'>‚</span> <span class='ocrx_word' id='word_1_634' title='bbox 3096 3810 3428 3886; x_wconf 79' lang='lat' dir='ltr'><strong><em>posterisque</em></strong></span> <span class='ocrx_word' id='word_1_635' title='bbox 3459 3811 3689 3866; x_wconf 85' lang='lat' dir='ltr'><strong><em>insulam</em></strong></span> <span class='ocrx_word' id='word_1_636' title='bbox 3707 3812 3863 3868; x_wconf 81' lang='lat' dir='ltr'><strong><em>habi·</em></strong></span> 
     </span>
     <span class='ocr_line' id='line_1_86' title="bbox 2295 3898 3866 3976; baseline 0.001 -21"><span class='ocrx_word' id='word_1_637' title='bbox 2295 3912 2406 3955; x_wconf 89' lang='lat' dir='ltr'><strong><em>tam</em></strong></span> <span class='ocrx_word' id='word_1_638' title='bbox 2417 3900 2597 3971; x_wconf 85' lang='lat' dir='ltr'><strong><em>fuisse</em></strong></span> <span class='ocrx_word' id='word_1_639' title='bbox 2616 3900 2944 3976; x_wconf 71' lang='lat' dir='ltr'><strong><em>sepulchrum</em></strong></span> <span class='ocrx_word' id='word_1_640' title='bbox 2966 3898 3254 3956; x_wconf 67' lang='lat' dir='ltr'><strong><em>Phidalia.</em></strong></span> <span class='ocrx_word' id='word_1_641' title='bbox 3283 3900 3442 3956; x_wconf 84' lang='lat' dir='ltr'><strong><em>Sinus</em></strong></span> <span class='ocrx_word' id='word_1_642' title='bbox 3467 3899 3538 3954; x_wconf 80' lang='lat' dir='ltr'><strong><em>ab</em></strong></span> <span class='ocrx_word' id='word_1_643' title='bbox 3563 3899 3760 3955; x_wconf 83' lang='lat' dir='ltr'><strong><em>oriente</em></strong></span> <span class='ocrx_word' id='word_1_644' title='bbox 3785 3900 3866 3957; x_wconf 87' lang='lat' dir='ltr'><strong><em>in·</em></strong></span> 
     </span>
     <span class='ocr_line' id='line_1_87' title="bbox 2289 3986 3868 4065; baseline 0 -21"><span class='ocrx_word' id='word_1_645' title='bbox 2289 3988 2456 4045; x_wconf 84' lang='lat' dir='ltr'><strong><em>terius</em></strong></span> <span class='ocrx_word' id='word_1_646' title='bbox 2480 3987 2674 4044; x_wconf 74' lang='lat' dir='ltr'><strong><em>recedit</em></strong></span> <span class='ocrx_word' id='word_1_647' title='bbox 2695 3986 2993 4065; x_wconf 78' lang='lat' dir='ltr'><strong><em>profundus</em></strong></span> <span class='ocrx_word' id='word_1_648' title='bbox 3021 4000 3076 4043; x_wconf 82' lang='lat' dir='ltr'><strong><em>et</em></strong></span> <span class='ocrx_word' id='word_1_649' title='bbox 3097 3987 3240 4043; x_wconf 84' lang='lat' dir='ltr'><strong><em>satis</em></strong></span> <span class='ocrx_word' id='word_1_650' title='bbox 3277 4005 3481 4063; x_wconf 72' lang='lat' dir='ltr'><strong><em>capax,</em></strong></span> <span class='ocrx_word' id='word_1_651' title='bbox 3513 3986 3664 4042; x_wconf 80' lang='lat' dir='ltr'><strong><em>brevi</em></strong></span> <span class='ocrx_word' id='word_1_652' title='bbox 3701 3990 3868 4045; x_wconf 90' lang='lat' dir='ltr'><strong><em>conti·</em></strong></span> 
     </span>
     <span class='ocr_line' id='line_1_88' title="bbox 2288 4073 3865 4134; baseline -0.001 -1"><span class='ocrx_word' id='word_1_653' title='bbox 2288 4077 2472 4133; x_wconf 83' lang='lat' dir='ltr'><strong><em>nentis.</em></strong></span> <span class='ocrx_word' id='word_1_654' title='bbox 2488 4076 2721 4133; x_wconf 85' lang='lat' dir='ltr'><strong><em>circuitu</em></strong></span> <span class='ocrx_word' id='word_1_655' title='bbox 2740 4076 3030 4134; x_wconf 84' lang='lat' dir='ltr'><strong><em>conclusus.</em></strong></span> <span class='ocrx_word' id='word_1_656' title='bbox 3052 4079 3124 4132; x_wconf 88' lang='lat' dir='ltr'><strong><em>In</em></strong></span> <span class='ocrx_word' id='word_1_657' title='bbox 3145 4074 3372 4131; x_wconf 83' lang='lat' dir='ltr'><strong><em>medium</em></strong></span> <span class='ocrx_word' id='word_1_658' title='bbox 3397 4073 3575 4131; x_wconf 84' lang='lat' dir='ltr'><strong><em>sinum</em></strong></span> <span class='ocrx_word' id='word_1_659' title='bbox 3597 4074 3865 4133; x_wconf 79' lang='lat' dir='ltr'><strong><em>descendit</em></strong></span> 
     </span>
     <span class='ocr_line' id='line_1_89' title="bbox 2288 4154 3866 4238; baseline 0.003 -23"><span class='ocrx_word' id='word_1_660' title='bbox 2288 4154 2639 4238; x_wconf 77' lang='grc' dir='ltr'>χειμάρρους,</span> <span class='ocrx_word' id='word_1_661' title='bbox 2670 4163 2719 4220; x_wconf 86' lang='lat' dir='ltr'><strong><em>is</em></strong></span> <span class='ocrx_word' id='word_1_662' title='bbox 2735 4177 2817 4221; x_wconf 85' lang='lat' dir='ltr'><strong><em>est</em></strong></span> <span class='ocrx_word' id='word_1_663' title='bbox 2832 4165 2986 4222; x_wconf 82' lang='lat' dir='ltr'><strong><em>rivus</em></strong></span> <span class='ocrx_word' id='word_1_664' title='bbox 3011 4165 3262 4221; x_wconf 72' lang='lat' dir='ltr'><strong><em>hibernus</em></strong></span> <span class='ocrx_word' id='word_1_665' title='bbox 3273 4186 3296 4230; x_wconf 90' lang='lat'><strong><em>‚·</em></strong></span> <span class='ocrx_word' id='word_1_666' title='bbox 3309 4183 3434 4220; x_wconf 84' lang='lat' dir='ltr'><strong><em>nam</em></strong></span> <span class='ocrx_word' id='word_1_667' title='bbox 3451 4182 3660 4220; x_wconf 86' lang='lat' dir='ltr'><strong><em>summa</em></strong></span> <span class='ocrx_word' id='word_1_668' title='bbox 3681 4176 3866 4220; x_wconf 83' lang='lat' dir='ltr'><strong><em>oestate</em></strong></span> 
     </span>
     <span class='ocr_line' id='line_1_90' title="bbox 2286 4251 3861 4331; baseline 0 -24"><span class='ocrx_word' id='word_1_669' title='bbox 2286 4251 2482 4325; x_wconf 72' lang='lat' dir='ltr'><strong><em>deficit.</em></strong></span> <span class='ocrx_word' id='word_1_670' title='bbox 2511 4257 2580 4308; x_wconf 89' lang='lat' dir='ltr'><strong><em>In</em></strong></span> <span class='ocrx_word' id='word_1_671' title='bbox 2611 4253 2708 4309; x_wconf 79' lang='lat' dir='ltr'><strong><em>hoe</em></strong></span> <span class='ocrx_word' id='word_1_672' title='bbox 2729 4251 2856 4310; x_wconf 86' lang='lat' dir='ltr'><strong><em>sinu</em></strong></span> <span class='ocrx_word' id='word_1_673' title='bbox 2879 4266 2960 4309; x_wconf 85' lang='lat' dir='ltr'><strong><em>est</em></strong></span> <span class='ocrx_word' id='word_1_674' title='bbox 2981 4266 3176 4331; x_wconf 88' lang='lat' dir='ltr'><strong><em>portus</em></strong></span> <span class='ocrx_word' id='word_1_675' title='bbox 3207 4254 3495 4310; x_wconf 75' lang='lat' dir='ltr'><strong><em>Mulierum</em></strong></span> <span class='ocrx_word' id='word_1_676' title='bbox 3521 4252 3826 4308; x_wconf 87' lang='lat' dir='ltr'><strong><em>nominatus</em></strong></span> <span class='ocrx_word' id='word_1_677' title='bbox 3843 4292 3861 4319; x_wconf 91' lang='lat'><em>‚</em></span> 
     </span>
     <span class='ocr_line' id='line_1_91' title="bbox 2286 4340 3867 4417; baseline -0.001 -21"><span class='ocrx_word' id='word_1_678' title='bbox 2286 4340 2405 4397; x_wconf 87' lang='lat' dir='ltr'><strong><em>sive</em></strong></span> <span class='ocrx_word' id='word_1_679' title='bbox 2427 4359 2496 4396; x_wconf 70' lang='lat' dir='ltr'><strong><em>ea:</em></strong></span> <span class='ocrx_word' id='word_1_680' title='bbox 2519 4360 2606 4407; x_wconf 84' lang='lat' dir='ltr'><strong><em>eo,</em></strong></span> <span class='ocrx_word' id='word_1_681' title='bbox 2631 4340 2776 4417; x_wconf 82' lang='lat' dir='ltr'><strong><em>quod</em></strong></span> <span class='ocrx_word' id='word_1_682' title='bbox 2812 4342 2954 4398; x_wconf 71' lang='lat' dir='ltr'><strong><em>nileil</em></strong></span> <span class='ocrx_word' id='word_1_683' title='bbox 2983 4341 3281 4413; x_wconf 67' lang='lat' dir='ltr'><strong><em>offenditur</em></strong></span> <span class='ocrx_word' id='word_1_684' title='bbox 3301 4359 3460 4417; x_wconf 84' lang='lat' dir='ltr'><strong><em>neque</em></strong></span> <span class='ocrx_word' id='word_1_685' title='bbox 3479 4360 3518 4395; x_wconf 88' lang='lat' dir='ltr'><strong><em>a</em></strong></span> <span class='ocrx_word' id='word_1_686' title='bbox 3542 4340 3682 4395; x_wconf 86' lang='lat' dir='ltr'><strong><em>mari</em></strong></span> <span class='ocrx_word' id='word_1_687' title='bbox 3705 4359 3867 4414; x_wconf 86' lang='lat' dir='ltr'><strong><em>neque</em></strong></span> 
     </span>
     <span class='ocr_line' id='line_1_92' title="bbox 2289 4428 3866 4505; baseline -0.001 -18"><span class='ocrx_word' id='word_1_688' title='bbox 2289 4450 2326 4487; x_wconf 83' lang='lat' dir='ltr'><strong><em>a</em></strong></span> <span class='ocrx_word' id='word_1_689' title='bbox 2343 4430 2632 4487; x_wconf 84' lang='lat' dir='ltr'><strong><em>continenti</em></strong></span> <span class='ocrx_word' id='word_1_690' title='bbox 2653 4432 2788 4505; x_wconf 88' lang='lat' dir='ltr'><strong><em>(non</em></strong></span> <span class='ocrx_word' id='word_1_691' title='bbox 2811 4431 2949 4487; x_wconf 88' lang='lat' dir='ltr'><strong><em>enim</em></strong></span> <span class='ocrx_word' id='word_1_692' title='bbox 2977 4430 3152 4487; x_wconf 87' lang='lat' dir='ltr'><strong><em>minus</em></strong></span> <span class='ocrx_word' id='word_1_693' title='bbox 3183 4450 3220 4485; x_wconf 86' lang='lat' dir='ltr'><strong><em>a</em></strong></span> <span class='ocrx_word' id='word_1_694' title='bbox 3231 4428 3493 4501; x_wconf 81' lang='lat' dir='ltr'><strong><em>fluetibus</em></strong></span> <span class='ocrx_word' id='word_1_695' title='bbox 3514 4428 3682 4484; x_wconf 82' lang='lat' dir='ltr'><strong><em>muris</em></strong></span> <span class='ocrx_word' id='word_1_696' title='bbox 3713 4439 3866 4485; x_wconf 83' lang='lat' dir='ltr'><strong><em>tutus</em></strong></span> 
     </span>
     <span class='ocr_line' id='line_1_93' title="bbox 2289 4514 3860 4594; baseline -0.003 -20"><span class='ocrx_word' id='word_1_697' title='bbox 2289 4530 2371 4574; x_wconf 87' lang='lat' dir='ltr'><strong><em>est</em></strong></span> <span class='ocrx_word' id='word_1_698' title='bbox 2412 4536 2570 4594; x_wconf 84' lang='lat' dir='ltr'><strong><em>quam</em></strong></span> <span class='ocrx_word' id='word_1_699' title='bbox 2604 4538 2642 4574; x_wconf 91' lang='lat' dir='ltr'><strong><em>a</em></strong></span> <span class='ocrx_word' id='word_1_700' title='bbox 2674 4518 3063 4575; x_wconf 77' lang='lat' dir='ltr'><strong><em>vehementibus</em></strong></span> <span class='ocrx_word' id='word_1_701' title='bbox 3103 4517 3278 4573; x_wconf 84' lang='lat' dir='ltr'><strong><em>ventis</em></strong></span> <span class='ocrx_word' id='word_1_702' title='bbox 3293 4558 3308 4583; x_wconf 89' lang='lat'><em>,</em></span> <span class='ocrx_word' id='word_1_703' title='bbox 3363 4528 3504 4571; x_wconf 84' lang='lat' dir='ltr'><strong><em>terra</em></strong></span> <span class='ocrx_word' id='word_1_704' title='bbox 3528 4514 3860 4591; x_wconf 85' lang='lat' dir='ltr'><strong><em>protectus),</em></strong></span> 
     </span>
     <span class='ocr_line' id='line_1_94' title="bbox 2290 4601 3865 4681; baseline -0.004 -19"><span class='ocrx_word' id='word_1_705' title='bbox 2290 4604 2407 4662; x_wconf 82' lang='lat' dir='ltr'><strong><em>sive</em></strong></span> <span class='ocrx_word' id='word_1_706' title='bbox 2427 4624 2494 4662; x_wconf 75' lang='lat' dir='ltr'><strong><em>ex</em></strong></span> <span class='ocrx_word' id='word_1_707' title='bbox 2531 4624 2589 4661; x_wconf 84' lang='lat' dir='ltr'><strong><em>eo</em></strong></span> <span class='ocrx_word' id='word_1_708' title='bbox 2631 4606 2713 4661; x_wconf 84' lang='lat' dir='ltr'><strong><em>ita</em></strong></span> <span class='ocrx_word' id='word_1_709' title='bbox 2738 4606 3039 4681; x_wconf 85' lang='lat' dir='ltr'><strong><em>appellatus</em></strong></span> <span class='ocrx_word' id='word_1_710' title='bbox 3069 4618 3176 4670; x_wconf 85' lang='lat' dir='ltr'><strong><em>est,</em></strong></span> <span class='ocrx_word' id='word_1_711' title='bbox 3215 4602 3358 4678; x_wconf 79' lang='lat' dir='ltr'><strong><em>quod</em></strong></span> <span class='ocrx_word' id='word_1_712' title='bbox 3379 4602 3687 4658; x_wconf 80' lang='lat' dir='ltr'><strong><em>absentibus</em></strong></span> <span class='ocrx_word' id='word_1_713' title='bbox 3729 4601 3865 4657; x_wconf 84' lang='lat' dir='ltr'><strong><em>viris</em></strong></span> 
     </span>
     <span class='ocr_line' id='line_1_95' title="bbox 2291 4690 3863 4767; baseline -0.004 -17"><span class='ocrx_word' id='word_1_714' title='bbox 2291 4711 2540 4765; x_wconf 74' lang='lat' dir='ltr'><strong><em>magnam</em></strong></span> <span class='ocrx_word' id='word_1_715' title='bbox 2575 4692 2968 4750; x_wconf 82' lang='lat' dir='ltr'><strong><em>multitudinem</em></strong></span> <span class='ocrx_word' id='word_1_716' title='bbox 2985 4692 3218 4767; x_wconf 85' lang='lat' dir='ltr'><strong><em>piscium</em></strong></span> <span class='ocrx_word' id='word_1_717' title='bbox 3256 4693 3392 4747; x_wconf 77' lang='lat' dir='ltr'><strong><em>ltunc</em></strong></span> <span class='ocrx_word' id='word_1_718' title='bbox 3413 4702 3633 4766; x_wconf 88' lang='lat' dir='ltr'><strong><em>portum</em></strong></span> <span class='ocrx_word' id='word_1_719' title='bbox 3665 4690 3863 4760; x_wconf 76' lang='lat' dir='ltr'><strong><em>ingres-</em></strong></span> 
     </span>
     <span class='ocr_line' id='line_1_96' title="bbox 2290 4780 3006 4858; baseline 0 -22"><span class='ocrx_word' id='word_1_720' title='bbox 2290 4799 2409 4837; x_wconf 87' lang='lat' dir='ltr'><strong><em>sam</em></strong></span> <span class='ocrx_word' id='word_1_721' title='bbox 2429 4780 2669 4837; x_wconf 86' lang='lat' dir='ltr'><strong><em>mulieres</em></strong></span> <span class='ocrx_word' id='word_1_722' title='bbox 2687 4793 2948 4858; x_wconf 86' lang='lat' dir='ltr'><strong><em>ceperunt.</em></strong></span> <span class='ocrx_word' id='word_1_723' title='bbox 2983 4806 3006 4830; x_wconf 69' lang='grc' dir='ltr'>ι</span> 
     </span>
    </p>
   </div>
   <div class='ocr_carea' id='block_1_14' title="bbox 2290 4970 3865 5362">
    <p class='ocr_par' dir='ltr' id='par_1_15' title="bbox 2290 4970 3865 5362">
     <span class='ocr_line' id='line_1_97' title="bbox 2292 4970 3863 5046; baseline -0.003 -17"><span class='ocrx_word' id='word_1_724' title='bbox 2292 4974 2502 5045; x_wconf 83' lang='lat' dir='ltr'><strong><em>Quodsi</em></strong></span> <span class='ocrx_word' id='word_1_725' title='bbox 2530 4986 2715 5031; x_wconf 86' lang='lat' dir='ltr'><strong><em>auctor</em></strong></span> <span class='ocrx_word' id='word_1_726' title='bbox 2747 4973 2924 5031; x_wconf 85' lang='lat' dir='ltr'><strong><em>dicere</em></strong></span> <span class='ocrx_word' id='word_1_727' title='bbox 2966 4974 3132 5029; x_wconf 79' lang='lat' dir='ltr'><strong><em>voluit</em></strong></span> <span class='ocrx_word' id='word_1_728' title='bbox 3168 4984 3369 5046; x_wconf 83' lang='lat' dir='ltr'><strong><em>petram</em></strong></span> <span class='ocrx_word' id='word_1_729' title='bbox 3401 4974 3554 5028; x_wconf 84' lang='lat' dir='ltr'><strong><em>istam</em></strong></span> <span class='ocrx_word' id='word_1_730' title='bbox 3579 4970 3776 5027; x_wconf 79' lang='lat' dir='ltr'><strong><em>referre</em></strong></span> <span class='ocrx_word' id='word_1_731' title='bbox 3797 4970 3863 5025; x_wconf 80' lang='lat' dir='ltr'><strong><em>fl·</em></strong></span> 
     </span>
     <span class='ocr_line' id='line_1_98' title="bbox 2290 5051 3864 5126; baseline -0.003 -17"><span class='ocrx_word' id='word_1_732' title='bbox 2290 5072 2476 5126; x_wconf 83' lang='lat' dir='ltr'><strong><em>guram</em></strong></span> <span class='ocrx_word' id='word_1_733' title='bbox 2488 5055 2776 5110; x_wconf 85' lang='lat' dir='ltr'><strong><em>humanam</em></strong></span> <span class='ocrx_word' id='word_1_734' title='bbox 2794 5054 2887 5109; x_wconf 84' lang='lat' dir='ltr'><strong><em>alis</em></strong></span> <span class='ocrx_word' id='word_1_735' title='bbox 2898 5053 3084 5126; x_wconf 68' lang='lat' dir='ltr'><strong><em>aquilae</em></strong></span> <span class='ocrx_word' id='word_1_736' title='bbox 3103 5055 3428 5119; x_wconf 85' lang='lat' dir='ltr'><strong><em>instructam,</em></strong></span> <span class='ocrx_word' id='word_1_737' title='bbox 3444 5063 3549 5108; x_wconf 89' lang='lat' dir='ltr'><strong><em>etc.</em></strong></span> <span class='ocrx_word' id='word_1_738' title='bbox 3570 5051 3864 5123; x_wconf 83' lang='lat' dir='ltr'><strong><em>comparari</em></strong></span> 
     </span>
     <span class='ocr_line' id='line_1_99' title="bbox 2290 5128 3865 5208; baseline -0.003 -19"><span class='ocrx_word' id='word_1_739' title='bbox 2290 5144 2468 5208; x_wconf 62' lang='lat' dir='ltr'><strong><em>potest</em></strong></span> <span class='ocrx_word' id='word_1_740' title='bbox 2501 5134 2702 5199; x_wconf 77' lang='lat' dir='ltr'><strong><em>sabula,</em></strong></span> <span class='ocrx_word' id='word_1_741' title='bbox 2743 5151 2850 5206; x_wconf 85' lang='lat' dir='ltr'><strong><em>qua</em></strong></span> <span class='ocrx_word' id='word_1_742' title='bbox 2882 5137 3197 5205; x_wconf 73' lang='lat' dir='ltr'><strong><em>Argonautae</em></strong></span> <span class='ocrx_word' id='word_1_743' title='bbox 3222 5134 3322 5187; x_wconf 82' lang='lat' dir='ltr'><strong><em>viri</em></strong></span> <span class='ocrx_word' id='word_1_744' title='bbox 3359 5133 3642 5203; x_wconf 79' lang='lat' dir='ltr'><strong><em>imaginem</em></strong></span> <span class='ocrx_word' id='word_1_745' title='bbox 3678 5128 3865 5201; x_wconf 76' lang='lat' dir='ltr'><strong><em>aquilae</em></strong></span> 
     </span>
     <span class='ocr_line' id='line_1_100' title="bbox 2292 5208 3861 5285; baseline -0.003 -17"><span class='ocrx_word' id='word_1_746' title='bbox 2292 5213 2398 5268; x_wconf 83' lang='lat' dir='ltr'><strong><em>alas</em></strong></span> <span class='ocrx_word' id='word_1_747' title='bbox 2419 5212 2659 5267; x_wconf 78' lang='lat' dir='ltr'><strong><em>habentis</em></strong></span> <span class='ocrx_word' id='word_1_748' title='bbox 2685 5211 2754 5266; x_wconf 81' lang='lat' dir='ltr'><strong><em>ad</em></strong></span> <span class='ocrx_word' id='word_1_749' title='bbox 2773 5213 3104 5268; x_wconf 80' lang='lat' dir='ltr'><strong><em>Sosthenium</em></strong></span> <span class='ocrx_word' id='word_1_750' title='bbox 3136 5212 3370 5285; x_wconf 86' lang='lat' dir='ltr'><strong><em>posuisse</em></strong></span> <span class='ocrx_word' id='word_1_751' title='bbox 3390 5209 3752 5283; x_wconf 85' lang='lat' dir='ltr'><strong><em>perhibentur.</em></strong></span> <span class='ocrx_word' id='word_1_752' title='bbox 3777 5208 3861 5264; x_wconf 73' lang='lat' dir='ltr'><strong><em>Cf.</em></strong></span> 
     </span>
     <span class='ocr_line' id='line_1_101' title="bbox 2297 5287 3863 5362; baseline -0.004 -16"><span class='ocrx_word' id='word_1_753' title='bbox 2297 5302 2414 5346; x_wconf 87' lang='lat' dir='ltr'><strong><em>not.</em></strong></span> <span class='ocrx_word' id='word_1_754' title='bbox 2442 5289 2512 5346; x_wconf 85' lang='lat' dir='ltr'><strong><em>ad</em></strong></span> <span class='ocrx_word' id='word_1_755' title='bbox 2543 5290 2611 5346; x_wconf 75' lang='lat' dir='ltr'><strong><em>fr.</em></strong></span> <span class='ocrx_word' id='word_1_756' title='bbox 2651 5294 2741 5357; x_wconf 72' lang='grc'><strong><em>40.</em></strong></span> <span class='ocrx_word' id='word_1_757' title='bbox 2765 5292 2847 5346; x_wconf 88' lang='lat' dir='ltr'><strong><em>De</em></strong></span> <span class='ocrx_word' id='word_1_758' title='bbox 2867 5290 2982 5345; x_wconf 88' lang='lat' dir='ltr'><strong><em>loco</em></strong></span> <span class='ocrx_word' id='word_1_759' title='bbox 3004 5291 3097 5344; x_wconf 92' lang='lat' dir='ltr'><strong><em>ubi</em></strong></span> <span class='ocrx_word' id='word_1_760' title='bbox 3119 5288 3234 5344; x_wconf 83' lang='lat' dir='ltr'><strong><em>haec</em></strong></span> <span class='ocrx_word' id='word_1_761' title='bbox 3248 5299 3398 5362; x_wconf 82' lang='lat' dir='ltr'><strong><em>petra</em></strong></span> <span class='ocrx_word' id='word_1_762' title='bbox 3417 5287 3577 5342; x_wconf 81' lang='lat' dir='ltr'><strong><em>fuerit</em></strong></span> <span class='ocrx_word' id='word_1_763' title='bbox 3598 5287 3680 5341; x_wconf 84' lang='lat' dir='ltr'><strong><em>vel</em></strong></span> <span class='ocrx_word' id='word_1_764' title='bbox 3702 5287 3863 5341; x_wconf 87' lang='lat' dir='ltr'><strong><em>etiam</em></strong></span> 
     </span>
    </p>
   </div>
   <div class='ocr_carea' id='block_1_15' title="bbox 640 5364 3863 5525">
    <p class='ocr_par' dir='ltr' id='par_1_16' title="bbox 640 5364 3863 5525">
     <span class='ocr_line' id='line_1_102' title="bbox 714 5364 3863 5445; baseline -0.001 -24"><span class='ocrx_word' id='word_1_765' title='bbox 714 5370 808 5421; x_wconf 82' lang='lat' dir='ltr'><strong><em>Fr.</em></strong></span> <span class='ocrx_word' id='word_1_766' title='bbox 841 5367 931 5439; x_wconf 84' lang='lat'><strong><em>37.</em></strong></span> <span class='ocrx_word' id='word_1_767' title='bbox 952 5372 1032 5423; x_wconf 80' lang='lat' dir='ltr'><strong><em>Et</em></strong></span> <span class='ocrx_word' id='word_1_768' title='bbox 1069 5380 1325 5442; x_wconf 86' lang='lat' dir='ltr'><strong><em>tanquam</em></strong></span> <span class='ocrx_word' id='word_1_769' title='bbox 1336 5369 1587 5443; x_wconf 86' lang='lat' dir='ltr'><strong><em>plantam</em></strong></span> <span class='ocrx_word' id='word_1_770' title='bbox 1596 5368 1754 5445; x_wconf 85' lang='lat' dir='ltr'><strong><em>pedis</em></strong></span> <span class='ocrx_word' id='word_1_771' title='bbox 1770 5371 2045 5428; x_wconf 67' lang='lat' dir='ltr'><strong><em>extendens</em></strong></span> <span class='ocrx_word' id='word_1_772' title='bbox 2065 5384 2160 5430; x_wconf 87' lang='lat' dir='ltr'><strong><em>etc.</em></strong></span> <span class='ocrx_word' id='word_1_773' title='bbox 2184 5373 2205 5445; x_wconf 90' lang='grc'><strong>]</strong></span> <span class='ocrx_word' id='word_1_774' title='bbox 2297 5390 2444 5427; x_wconf 86' lang='lat' dir='ltr'><strong><em>nunc</em></strong></span> <span class='ocrx_word' id='word_1_775' title='bbox 2463 5373 2534 5426; x_wconf 80' lang='lat' dir='ltr'><strong><em>sit</em></strong></span> <span class='ocrx_word' id='word_1_776' title='bbox 2548 5412 2564 5436; x_wconf 86' lang='lat'><em>,</em></span> <span class='ocrx_word' id='word_1_777' title='bbox 2608 5390 2781 5444; x_wconf 83' lang='lat' dir='ltr'><strong><em>neque</em></strong></span> <span class='ocrx_word' id='word_1_778' title='bbox 2806 5370 3006 5445; x_wconf 83' lang='lat' dir='ltr'><strong><em>Gyllius</em></strong></span> <span class='ocrx_word' id='word_1_779' title='bbox 3039 5371 3251 5426; x_wconf 88' lang='lat' dir='ltr'><strong><em>monuit</em></strong></span> <span class='ocrx_word' id='word_1_780' title='bbox 3267 5386 3440 5442; x_wconf 89' lang='lat' dir='ltr'><strong><em>neque</em></strong></span> <span class='ocrx_word' id='word_1_781' title='bbox 3468 5364 3681 5423; x_wconf 89' lang='lat' dir='ltr'><strong><em>aliunde</em></strong></span> <span class='ocrx_word' id='word_1_782' title='bbox 3705 5365 3863 5439; x_wconf 90' lang='lat' dir='ltr'><strong><em>quid·</em></strong></span> 
     </span>
     <span class='ocr_line' id='line_1_103' title="bbox 640 5444 3793 5525; baseline 0 -25"><span class='ocrx_word' id='word_1_783' title='bbox 640 5446 834 5501; x_wconf 83' lang='lat' dir='ltr'><strong><em>Parum</em></strong></span> <span class='ocrx_word' id='word_1_784' title='bbox 862 5444 976 5501; x_wconf 73' lang='lat' dir='ltr'><strong><em>haee</em></strong></span> <span class='ocrx_word' id='word_1_785' title='bbox 1009 5448 1291 5521; x_wconf 85' lang='lat' dir='ltr'><strong><em>perspicua</em></strong></span> <span class='ocrx_word' id='word_1_786' title='bbox 1328 5458 1480 5515; x_wconf 83' lang='lat' dir='ltr'><strong><em>sunt,</em></strong></span> <span class='ocrx_word' id='word_1_787' title='bbox 1510 5458 1564 5503; x_wconf 87' lang='lat' dir='ltr'><strong><em>et</em></strong></span> <span class='ocrx_word' id='word_1_788' title='bbox 1590 5448 1805 5507; x_wconf 78' lang='lat' dir='ltr'><strong><em>sortasse</em></strong></span> <span class='ocrx_word' id='word_1_789' title='bbox 1838 5470 1946 5507; x_wconf 89' lang='lat' dir='ltr'><strong><em>non</em></strong></span> <span class='ocrx_word' id='word_1_790' title='bbox 1984 5452 2208 5523; x_wconf 73' lang='lat' dir='ltr'><strong><em>integra.</em></strong></span> <span class='ocrx_word' id='word_1_791' title='bbox 2301 5468 2464 5525; x_wconf 82' lang='lat' dir='ltr'><strong><em>quam</em></strong></span> <span class='ocrx_word' id='word_1_792' title='bbox 2486 5451 2618 5506; x_wconf 88' lang='lat' dir='ltr'><strong><em>mihi</em></strong></span> <span class='ocrx_word' id='word_1_793' title='bbox 2643 5451 2891 5509; x_wconf 86' lang='lat' dir='ltr'><strong><em>innotuit.</em></strong></span> <span class='ocrx_word' id='word_1_794' title='bbox 2923 5480 2994 5495; x_wconf 89' lang='lat'><em>—</em></span> <span class='ocrx_word' id='word_1_795' title='bbox 3015 5449 3336 5523; x_wconf 75' lang='grc' dir='ltr'>Φαιδαλίαν]</span> <span class='ocrx_word' id='word_1_796' title='bbox 3370 5451 3455 5504; x_wconf 78' lang='lat' dir='ltr'><strong><em>An</em></strong></span> <span class='ocrx_word' id='word_1_797' title='bbox 3478 5444 3793 5501; x_wconf 70' lang='grc' dir='ltr'>Φαιναλὶανῗ</span> 
     </span>
    </p>
   </div>
  </div>
 </body>
</html>
