4584 6284
1819 394 1918 454 DE
1958 396 2761 460 PSEUDOPLUTARCHO.
3834 400 3893 461 lv

677 547 923 616 guntur.
940 538 1228 599 Ceterum
1245 531 1754 597 commentahaec
1771 528 2000 592 bonam
2016 526 2236 591 saltem
2334 528 2616 610 sciplinae
2668 531 3029 609 σχηματισμῷ
3066 535 3129 592 et
3178 537 3439 610 angusto
3484 530 3895 595 formularum

677 633 916 704 partem
955 619 1308 685 secundum
1335 618 1507 699 leges
1536 616 1834 700 quasdam
1882 614 2235 698 disciplinae
2332 617 2713 682 sancitarum
2742 615 3030 680 orbiculo
3064 616 3323 698 singulae
3368 615 3720 682 locutiones
3771 637 3897 683 non

677 713 934 794 magicae
965 728 1114 773 cum
1155 705 1500 790 praemissis
1533 702 1871 769 historiolis
1901 702 1989 766 ita
2021 703 2243 783 ¹iuncta

678 809 822 864 sunt
862 806 934 864 ut
979 800 1180 862 altera
1228 815 1304 858 ex
1331 794 1540 858 alteris
1579 791 1889 876 pendeant
1935 791 2062 854 sive
2097 810 2241 872 pro·

677 887 840 950 fecta
879 886 1026 949 sint.
1062 882 1602 962 Quemadmodum
1633 881 1798 945 enim
1825 879 1892 942 in
1919 878 2242 944 Parallelis

677 985 897 1040 auctor
928 993 964 1038 e
993 971 1380 1036 diversorum
1422 971 1794 1054 populorum
1834 975 2234 1051 temporum-

676 1083 800 1147 que
828 1062 1020 1126 rebus
1052 1061 1240 1143 gestis
1268 1060 1578 1139 ὁμοιότητας
1602 1067 1664 1123 et
1679 1056 2072 1138 συνιμπτῶσιις
2099 1061 2241 1118 ἱστο-

681 1153 828 1232 ρικὰς
856 1150 1184 1231 collegisse
1214 1167 1278 1211 se
1305 1151 1652 1230 profitetur,
1683 1149 1772 1211 sic
1801 1147 1868 1210 in
1895 1147 2020 1212 hoc
2054 1165 2240 1231 opus-

681 1241 828 1304 culo
855 1238 1221 1320 excogitavit
1249 1236 1572 1320 parallelas
1595 1234 1898 1321 quasdam
1931 1235 2234 1314 rationes,

681 1349 824 1412 quae
851 1330 916 1392 in
947 1328 1202 1410 singulis
1227 1325 1586 1408 regionibus
1615 1325 1776 1389 inter
1801 1344 1904 1390 res
1925 1325 2014 1388 ibi
2033 1333 2238 1409 gestas

679 1419 777 1481 vel
807 1421 929 1481 fata
945 1417 1266 1481 hominum
1285 1423 1472 1498 atque
1499 1415 1662 1478 vires
1693 1415 2047 1496 plantarum
2081 1413 2237 1497 lapi-

683 1507 906 1571 dumve
953 1505 1182 1569 ibidem
1233 1503 1623 1569 nascentium
1673 1502 2083 1567 intercedant.
2130 1503 2234 1566 Sic

683 1597 748 1659 in
778 1596 928 1660 locis
957 1594 1063 1657 ubi
1089 1596 1359 1675 Marsyas
1386 1591 1618 1655 tibicen
1645 1590 1850 1656 cultro
1880 1591 2234 1655 excoriatus

679 1692 801 1762 est,
835 1677 987 1753 αὗλος
1012 1683 1206 1746 herba
1233 1681 1475 1745 musica
1521 1687 1584 1743 et
1627 1680 1874 1762 μάχαιρα
1912 1680 2069 1762 lapis
2097 1699 2244 1762 pro-

677 1775 928 1838 veniunt
960 1772 1036 1856 (c.
1072 1769 1193 1856 10).
1227 1771 1376 1833 Post
1415 1769 1834 1833 narrationem
1866 1767 1946 1832 de
1974 1769 2240 1833 muliere

676 1863 951 1926 adultera
996 1867 1382 1924 memoratur
1428 1857 1624 1940 lapis,
1666 1857 1846 1938 cujus
1887 1876 2009 1940 ope
2063 1877 2239 1941 purae

676 1949 902 2013 servari
939 1947 1183 2032 possint
1228 1946 1464 2028 nuptias
1502 1945 1584 2028 (5,
1613 1946 1698 2030 Ξ).
1729 1947 1848 2012 Ubi
1879 1947 2052 2027 virgo
2083 1947 2238 2010 olim

677 2055 788 2119 per
811 2038 936 2100 vim
964 2035 1174 2100 vitiata
1203 2041 1325 2112 est,
1353 2033 1511 2117 lapis
1547 2035 1858 2116 reperitur
1887 2033 2244 2116 impediens

2333 707 2597 770 nativam
2610 706 3079 789 simplicitatem
3092 705 3200 768 sed
3222 705 3559 790 quaesitum
3578 714 3893 772 tumorem

2332 801 2395 859 et
2439 797 2667 861 fastum
2714 802 2779 858 et
2822 794 3241 876 magistralem
3277 795 3594 878 quandam
3626 797 3899 861 solenni-

2329 893 2523 952 tatem
2559 885 2884 964 affectant,
2917 903 3107 970 quam
3151 903 3227 950 ex
3268 886 3531 967 magicae
3575 889 3891 972 vanitatis,

2329 995 2521 1061 quam
2544 975 2785 1040 Plinius
2808 974 2982 1051 dicit,
3009 974 3463 1039 consuetudine
3489 977 3895 1057 repetendam

2330 1083 2467 1130 esse
2487 1083 2739 1131 censeo,

2409 1156 2550 1219 Jam
2576 1173 2724 1218 vero
2756 1172 2882 1238 quo
2910 1152 3109 1234 magis
3135 1158 3575 1232 argumentum
3604 1153 3801 1219 libelli
3832 1157 3896 1221 in

2329 1263 2525 1326 nugas
2548 1249 2613 1308 et
2640 1244 2857 1308 insana
2882 1249 3237 1307 commenta
3259 1248 3571 1306 retrusum
3596 1251 3715 1326 est,
3737 1246 3896 1311 adeo

2330 1333 2439 1398 illa
2466 1332 2585 1397 sibi
2608 1332 2870 1409 similia,
2894 1337 2963 1394 ut
2980 1349 3058 1396 ex
3089 1330 3311 1396 eodem
3334 1330 3547 1395 omnia
3583 1333 3895 1399 cerebello

2329 1429 2651 1506 tamquam
2672 1441 2749 1486 ex
2775 1421 3011 1485 fabrica
3034 1419 3343 1504 prodiisse
3362 1421 3697 1503 putaveriS,
3724 1430 3895 1489 tanto

2330 1512 2693 1595 diligentius
2744 1515 2959 1576 auctor
3002 1528 3260 1593 operam
3311 1508 3517 1587 dedit,
3570 1519 3641 1575 ut
3691 1512 3895 1577 fontes

2330 1619 2477 1666 suos
2510 1600 2819 1664 indicaret
2843 1615 3045 1682 eoque
3076 1602 3259 1680 pacto
3286 1598 3471 1662 malae
3514 1599 3663 1663 fidei
3690 1602 3897 1683 suspi-

2330 1689 2579 1753 cionem
2624 1706 2663 1752 a
2702 1705 2771 1750 se
2822 1693 3145 1751 averteret.
3192 1685 3504 1749 Nimirum
3564 1695 3893 1752 auctorum

2330 1775 2587 1840 nomina
2604 1774 2862 1839 adducit
2878 1773 3283 1858 quadraginta
3300 1771 3603 1858 quinque,
3622 1794 3894 1860 quorum

2330 1863 2587 1949 plurimi
2616 1864 2681 1927 in
2705 1864 3025 1928 Parallelis
3062 1880 3309 1947 quoque
3350 1863 3605 1926 testium
3633 1882 3895 1930 munere

2330 1957 2703 2036 funguntur3
2738 1971 2929 2034 opera
2958 1953 3036 2016 iis
3076 1949 3369 2015 attributa
3410 1952 3711 2033 majorem
3754 1971 3897 2034 par-

2332 2049 2461 2106 tem
2496 2049 2641 2106 sunl.
2667 2041 2787 2124 περὶ
2824 2043 3077 2122 ποταμῶν
3099 2039 3199 2122 (14
3228 2037 3547 2122 numero),
3579 2039 3703 2122 περὶ
3735 2040 3893 2102 λίθων

675 2145 752 2188 ne
776 2124 931 2209 quid
951 2123 1222 2205 virgines
1247 2123 1556 2205 patiantur
1581 2123 1729 2204 παρὰ
1755 2127 1860 2182 τῶν
1895 2122 2123 2204 ὑὸρίζειν
2155 2129 2242 2186 θι-
2334 2131 2448 2213 (8),
2492 2129 2725 2215 quibus
2766 2128 2925 2192 adde
2968 2128 3163 2192 libros
3204 2127 3323 2210 περὶ
3362 2131 3497 2211 ὀρῶν
3547 2127 3627 2212 (2)
3675 2136 3739 2192 et
3774 2127 3895 2210 πιρὶ

673 2217 866 2276 λόντων
901 2215 980 2297 (7,
1014 2217 1112 2294 6);
1145 2211 1251 2275 ubi
1282 2214 1382 2274 fur
1405 2209 1732 2274 thesauros
1759 2209 2047 2289 abstulit,
2081 2211 2243 2294 lapis
2334 2220 2559 2299 δένδρων
2600 2221 2720 2302 (1);
2764 2236 2800 2282 e
2844 2217 3069 2281 ceteris
3114 2215 3413 2298 pleraque
3454 2215 3895 2298 inscriptiones

679 2304 845 2366 fures
877 2321 1098 2364 arcens
1123 2299 1400 2362 nascitur
1425 2301 1509 2380 (7,
1539 2296 1770 2398 1);·ubi
1799 2316 1932 2378 prae
1973 2317 2242 2362 maerore
2281 2346 2288 2401 Ι
2330 2306 2565 2370 habent
2611 2325 2649 2370 a
2692 2305 3053 2387 regionibus
3104 2305 3356 2386 petitas,
3410 2303 3489 2367 de
3540 2305 3771 2388 quibus
3830 2303 3895 2366 in

677 2389 934 2472 quidam
964 2390 1028 2452 in
1061 2387 1316 2452 fluvium
1351 2405 1420 2450 se
1463 2385 1722 2466 dejecit,
1757 2386 1918 2468 lapis
1959 2387 2246 2469 provenit
2283 2410 2288 2422 ·
2332 2394 2593 2477 singulis
2638 2392 2835 2458 libelli
2884 2392 3191 2476 capitibus
3239 2410 3446 2456 sermo
3492 2399 3590 2456 est
3636 2392 3893 2477 (Ἰνδικά,

674 2479 1024 2546 uenenum-2.
1037 2475 1338 2540 Similiter
1370 2493 1470 2538 res
1497 2473 1690 2537 habet
1701 2473 1764 2536 in
1777 2474 1854 2536 iis
1863 2493 2005 2556 quae
2018 2473 2235 2554 legun·

674 2575 778 2631 tur
805 2570 954 2642 16,1
993 2571 1056 2628 et
1083 2569 1142 2627 2.
1176 2567 1274 2638 18,
1307 2567 1345 2627 5
1374 2570 1440 2626 et
1465 2565 1526 2626 9.
1559 2565 1658 2638 21,
1690 2564 1731 2625 4
1754 2569 1819 2625 et
1840 2565 2059 2639 5.24,1
2084 2569 2149 2625 et
2167 2566 2228 2626 2.
2284 2623 2290 2636 ,
2334 2569 2665 2650 Romani,

673 2661 810 2732 2321
832 2653 1128 2734 et2,adeo
1143 2659 1232 2730 ut,
1247 2649 1783 2734 quemadmodum
1797 2649 2116 2714 zachalias
2130 2651 2244 2714 Ba·
2283 2645 2290 2740 ξ

672 2735 958 2827 bylonius
985 2743 1051 2805 in
1081 2741 1256 2804 libris
1283 2758 1443 2823 quos
1472 2738 1551 2801 ad
1581 2737 2005 2802 Mithridatem
2029 2756 2244 2820 regem
2283 2749 2290 2820 ξ

672 2833 941 2915 scripsit,
969 2849 1252 2912 gemmas
1270 2829 1396 2892 vim
1422 2829 1486 2891 in
1508 2831 1628 2891 fata
1649 2829 1928 2893 humana
1951 2846 2246 2892 exercere

673 2921 831 2985 dixit
861 2919 1044 3004 (Plin.
1077 2923 1177 2995 37,
1211 2921 1312 2994 60,
1346 2917 1507 3000 169),
1552 2915 1641 2980 sic
1669 2917 1896 2979 Noster
1938 2916 2076 2999 ipsa
2121 2916 2247 2980 fata

671 3012 944 3074 humana
970 3009 1100 3072 vim
1128 3005 1484 3071 exercuisse
1511 3004 1578 3067 in
1605 3003 1882 3086 origines
1903 3011 2038 3068 tum
2069 3005 2246 3088 plan-

669 3108 876 3162 tarum
893 3107 1030 3161 tum
1053 3094 1337 3178 lapidum
1361 3092 1768 3174 statuerit(1).
1789 3093 2026 3170 Quodsi
2052 3111 2242 3174 porro

673 3205 729 3249 c.
763 3190 859 3262 11,
891 3190 930 3250 5
967 3184 1032 3246 in
1059 3183 1322 3246 Brixaba
1350 3188 1598 3255 monte,
1631 3181 1740 3243 ubi
1770 3181 2038 3245 Phrixus
2067 3199 2241 3244 coin·

677 3278 948 3336 moratus
995 3277 1122 3347 est,
1165 3271 1365 3334 herba
1417 3269 1696 3333 nascitur
1736 3288 1882 3353 qum
1926 3269 2242 3352 privignos

675 3380 711 3424 a
735 3377 1140 3424 novercarum
1169 3357 1480 3423 machinis
1509 3362 1676 3421 tutos
1717 3361 2002 3439 praestat,
2038 3357 2244 3420 nemi-

677 3465 822 3510 nem
845 3447 1003 3530 fugit
1027 3445 1222 3510 alludi
1249 3447 1326 3510 ad
1357 3452 1620 3510 structas
1642 3444 1726 3507 ab
1751 3446 1945 3510 Inone
1971 3463 2243 3511 noverca

677 3537 902 3602 Phrixo
933 3535 1222 3612 insidias,
1255 3553 1638 3620 quamquam
1668 3533 1750 3598 de
1785 3533 1890 3598 his
1934 3533 2238 3599 lectorem

674 3633 888 3689 auctor
936 3644 1062 3689 non
1117 3623 1433 3688 admonet.
1483 3623 1782 3706 Eiusdem
1845 3623 2096 3706 generis
2147 3629 2244 3686 est

679 3713 848 3796 quod
871 3733 928 3776 c.
959 3716 1056 3792 18,
1082 3718 1120 3778 3
1150 3713 1230 3776 ad
1256 3713 1556 3777 Inachum
1583 3713 1840 3776 fluvium
1863 3711 2024 3793 lapis
2051 3711 2246 3775 falsos

679 3808 866 3866 testes
897 3801 1168 3883 prodens
1197 3801 1459 3864 inveniri
1496 3798 1814 3884 proditur;
1847 3799 1911 3862 id
1941 3799 2142 3876 enim,
2175 3805 2247 3862 ut

681 3897 850 3953 recte
859 3889 1210 3953 Hercherus
1223 3889 1567 3970 conjecisse
1583 3889 1850 3969 videtur,
1868 3889 1947 3951 ad
1965 3888 2243 3952 fabulam

682 3979 762 4042 de
813 3977 1042 4042 Inacho
1096 3977 1322 4041 falsum
1369 3977 1798 4041 testimonium
1849 3976 2096 4040 dicente
2147 3995 2245 4040 ac-

679 4065 1152 4131 commodatum
1166 4072 1279 4128 est.
1306 4067 1519 4148 Ipsum
1537 4072 1856 4129 auctorem
1881 4065 2028 4128 istas
2053 4063 2248 4128 fabel-

680 4157 770 4218 las
791 4158 1005 4236 utpote
1025 4153 1092 4216 in
1107 4152 1328 4240 vulgus
1346 4161 1522 4217 notas
1544 4153 1625 4217 de
1643 4153 1948 4218 industria
1963 4153 2247 4216 amisisse

681 4251 900 4327 putare
919 4242 1102 4320 licet,
1118 4242 1252 4307 veri
1281 4250 1490 4305 tamen
1511 4241 1780 4307 similius
1807 4249 1904 4307 est
1929 4241 2242 4320 libellum,

681 4333 930 4415 qualem
989 4349 1106 4396 nos
1149 4330 1283 4412 jam
1339 4329 1648 4396 habemus
1663 4377 1682 4411 ,
1730 4350 1808 4395 ex
1853 4329 2250 4396 uberioribus

681 4421 881 4503 copiis
913 4437 1052 4484 esse
1079 4424 1466 4501 excerptum.

759 4511 1142 4590 Argumenta
1178 4509 1318 4572 haec
1353 4508 1422 4572 in
1463 4507 1724 4588 singulis
1753 4506 2069 4588 capitibus
2097 4524 2252 4570 con-

683 4601 868 4665 stanti
913 4597 1187 4682 quodam
1231 4596 1454 4662 ordine
1501 4603 1851 4661 tractantur
1898 4593 2250 4660 secundum

685 4695 886 4753 certas
908 4685 1158 4752 dicendi
1181 4686 1512 4760 formulas,
1541 4704 1578 4749 a
1606 4685 1838 4768 quibus
1865 4703 2006 4749 raro
2031 4691 2253 4749 auctor

685 4786 1034 4870 paullulum
1062 4783 1352 4848 deflectit.
1384 4785 1453 4846 In
1496 4783 1614 4847 isto
1645 4800 1862 4846 rursus
1903 4783 2092 4862 hujus
2154 4781 2248 4843 di·

751 4967 818 5032 (1)
849 4963 1104 5030 Ejusmodi
1153 4962 1436 5028 αἰτιολογίας
1473 4964 1670 5027 tangere
1705 4959 1906 5012 videtur
1939 4958 2132 5011 Psellus
2173 4960 2248 5010 De

684 5037 834 5102 lapid.
869 5037 978 5088 init.
1008 5050 1022 5080 τ
1046 5034 1470 5098 Δὶτιολογὴσασθαι
1489 5033 1572 5096 μὲν
1605 5047 1682 5082 σοι
1705 5031 1790 5088 τὰς
1818 5033 1866 5081 ἰν
1888 5034 1984 5088 τοῖς
2009 5031 2154 5087 λίθοις
2171 5029 2248 5080 δυ·

682 5111 842 5174 viuri:
861 5110 952 5160 οὐκ
973 5110 1030 5160 ἂν
1049 5110 1354 5174 τολμήσαιμι,
1373 5107 1480 5157 οὐδὲ
1496 5105 1764 5170 μιμήσομαι
1789 5103 1915 5154 κατὰ
1927 5106 2067 5153 τοῦτο
2086 5101 2141 5152 τὸ
2170 5101 2248 5164 μέ-

682 5187 866 5245 ροςτῶν
897 5182 1196 5244 δογματικῶν
1225 5182 1308 5242 τὴν
1331 5179 1629 5246 προπέτειαν,
1656 5179 1905 5241 δυνάμενος
1937 5173 2016 5239 ἀφ’
2040 5175 2246 5224 ἑκάστου

683 5255 834 5304 πολλὰ
859 5253 1186 5320 aspectio-5212.

2332 2483 2605 2563 Περσικά,
2646 2481 2965 2562 Φρυγιακᾶ,
2992 2480 3253 2556 Σκυθικά,
3271 2481 3555 2564 Θρᾳκικᾶ,
3586 2481 3894 2556 Αἰτωλικά,

2754 2569 3257 2643 Πελοποννησιακά,
3344 2567 3623 2650 Ἀργολικά
3639 2614 3656 2644 ,
3730 2571 3897 2648 Αἰγυ-

2332 2659 2592 2743 πτιακά);
2640 2666 2945 2741 praeterea
2990 2656 3321 2722 laudantur
3368 2659 3615 2733 Κτίσεις,
3664 2660 3895 2734 μυθικῶν

2331 2751 2574 2829 ἱστοριῶν
2610 2747 2883 2828 συναγωγή
2904 2795 2921 2824 ,
2950 2746 3262 2827 Oscum-(u,
3286 2745 3610 2828 Ἡράκλεια,
3630 2746 3894 2827 Περσηίς,

2334 2839 2636 2921 zupus-uri,
2664 2835 3033 2918 Κυνηγετικά).
3066 2840 3117 2899 Α
3146 2837 3361 2901 fraude
3385 2836 3523 2902 haec-
3548 2855 3674 2902 non
3698 2834 3900 2901 aliena

2335 2945 2471 2990 esse
2508 2926 2905 2991 confidenter
2946 2943 3297 2990 asseverare
3338 2925 3513 3002 licet3
3546 2925 3681 2988 fleri
3728 2921 3897 2989 enim

2332 3015 2592 3079 omnino
2638 3031 2767 3076 non
2810 3013 3048 3094 potuit.
3074 3018 3145 3076 ut
3171 3020 3341 3076 tanto
3372 3020 3702 3077 auctorum
3748 3031 3901 3094 ope-

2330 3122 2601 3187 rumque
2628 3117 2897 3166 numero
2919 3101 3087 3165 idem
3114 3100 3489 3183 ineptiarum
3509 3119 3707 3182 genus
3728 3108 3897 3166 tanto

2332 3191 2709 3256 narrationis
2758 3207 3065 3254 consensu
3113 3189 3210 3252 vel
3258 3196 3429 3252 certe
3482 3189 3896 3254 similitudine

2330 3279 2681 3343 traderetur
2714 3277 2818 3360 (1).
2852 3280 2931 3341 At
2962 3276 3217 3339 difficile
3244 3276 3416 3340 dictu
3445 3284 3543 3340 est
3570 3294 3897 3360 quousque

2394 3463 2461 3529 (ι)
2482 3465 2725 3515 auctores
2739 3475 2771 3514 a
2798 3458 3062 3514 Plutarcho
3074 3457 3251 3512 citatos
3268 3457 3467 3510 fictitios
3484 3471 3594 3510 esse
3610 3458 3733 3511 dixit
3755 3459 3899 3510 Valc-

2330 3535 2560 3588 kenarius
2582 3535 2635 3586 in
2662 3533 2864 3588 Praet'at.
2885 3529 3158 3586 edPhalar.
3190 3533 3313 3596 Epp.
3339 3543 3389 3596 p.
3420 3531 3531 3581 xlv
3550 3528 3629 3582 ad.
3660 3531 3895 3596 Lennep.;

2329 3606 2742 3672 wyttenbachius
2763 3603 2817 3657 in
2846 3603 3104 3656 Animadv.
3134 3603 3199 3655 ad
3222 3601 3488 3655 Parallelas
3509 3600 3741 3658 historias
3760 3604 3778 3668 (
3794 3603 3893 3654 vol.

2330 3686 2379 3741 2,
2406 3681 2533 3744 part.
2562 3683 2609 3742 ι,
2636 3692 2687 3743 p.
2711 3675 2811 3740 78),
2832 3689 2931 3728 non
2955 3686 3126 3726 omnes
3150 3673 3369 3737 quidem,
3396 3674 3613 3725 attamen
3637 3672 3899 3737 plerosque

2330 3753 2558 3801 auctores
2600 3751 2652 3800 et
2694 3746 2989 3810 historiatas,
3022 3758 3235 3811 quorum
3274 3743 3471 3796 nonnisi
3508 3742 3563 3794 in
3596 3743 3694 3794 isto
3734 3743 3898 3795 libello

2331 3813 2515 3873 meutid
2559 3822 2737 3882 exstet,
2772 3817 3009 3869 confictos
3050 3829 3161 3868 esse
3204 3817 3388 3867 censet.
3420 3813 3653 3866 Similiter
3694 3813 3747 3864 in
3772 3814 3899 3866 libro

2333 3895 2409 3944 De
2436 3891 2603 3943 fluviis
2628 3890 2725 3942 alia
2750 3903 2814 3941 ex
2841 3888 2983 3940 bonis
2995 3885 3321 3952 scriptoribus
3345 3897 3563 3947 manare,
3582 3884 3901 3936 dhauctori-

2332 3965 2436 4015 tate
2476 3975 2643 4013 carere
2684 3963 2844 4027 putat.
2900 3957 3244 4023 Bernhardyps
3286 3957 3339 4007 in
3366 3955 3585 4006 Analect.
3628 3955 3681 4006 in
3720 3957 3893 4021 Geogr.

2333 4035 2451 4086 min.
2477 4046 2531 4100 p.
2548 4037 2607 4085 27
2626 4031 2699 4084 ita
2726 4029 2878 4082 habet
2926 4051 2941 4082 a
2961 4049 2989 4075 ι
3019 4033 3085 4082 At
3110 4028 3304 4080 libellus
3330 4029 3483 4080 iste...
3512 4029 3653 4079 totus
3678 4029 3898 4091 quantus

2334 4117 2391 4156 ex
2430 4101 2701 4156 mendaciis
2746 4101 2987 4166 foedisque
3014 4098 3298 4152 libidinibus
3342 4099 3420 4149 est
3458 4097 3719 4157 conflatus,
3754 4096 3899 4162 cujus

2334 4173 2557 4226 conditor
2588 4169 2864 4224 nonmodo
2891 4169 3083 4222 fabulas
3112 4165 3900 4231 etsecrennaturoeexingenio

2335 4243 2751 4305 comminiscatur,
2766 4239 2856 4294 sed
2872 4239 3233 4306 subscriptores
3242 4237 3395 4290 etlam
3407 4239 3459 4290 et
3475 4239 3704 4289 auctores
3718 4236 3901 4288 nernini

2334 4317 2611 4382 compertos
2634 4327 2727 4380 per
2748 4312 2993 4365 licentiam
3008 4309 3345 4377 exsculpserit.
3365 4313 3438 4361 Ac
3467 4306 3676 4360 subinde
3703 4305 3899 4360 dubites

2336 4401 2401 4440 an
2424 4386 2577 4438 homo
2602 4396 2763 4437 vanus
2788 4382 2975 4450 lepidas
2992 4381 3192 4434 fabellas
3219 4393 3281 4433 ex
3298 4378 3450 4432 animi
3478 4378 3719 4431 sententia
3736 4379 3901 4443 protu-

2335 4458 2449 4510 lerit
2476 4471 2491 4502 ι
2512 4455 2637 4509 adeo
2652 4455 2813 4508 serius
2832 4452 3148 4520 etrellgiosus
3162 4451 3346 4518 ubique
3362 4453 3439 4502 est
3464 4452 3518 4502 et
3546 4449 3726 4500 bonam
3742 4448 3899 4499 simu-

2334 4528 2406 4580 lat
2432 4527 2611 4586 tidelm
2636 4523 2828 4577 accedit
2853 4521 2989 4588 quod
3007 4522 3159 4588 hujus
3192 4519 3393 4572 fabricat
3416 4520 3697 4570 constanter
3727 4517 3901 4570 eadem

2336 4599 2463 4650 ratio
2483 4601 2563 4650 est
2580 4599 2633 4649 et
2657 4595 2873 4648 narratio
2896 4593 2961 4648 de
2984 4593 3149 4646 causis
3164 4591 3417 4643 nominum
3444 4591 3497 4642 et
3528 4587 3751 4641 mirificis
3772 4589 3898 4654 lapi·

2336 4667 2461 4719 dum
2476 4666 2669 4719 viribus
2702 4681 2717 4712 2
2746 4668 2807 4718 ut
2822 4665 2912 4730 qui
2935 4677 3089 4716 unum
3116 4663 3266 4728 caput
3296 4659 3444 4724 norit,
3484 4659 3639 4710 totius
3672 4658 3901 4724 opusculi

2337 4738 2607 4791 decursum
2632 4738 2769 4789 certo
2805 4737 3087 4802 prasumat.
3132 4737 3287 4786 Porro
3328 4729 3545 4783 bominis
3578 4729 3900 4782 cerebrellum

2336 4807 2499 4875 arguit
2524 4806 2784 4872 aequabilis
2813 4807 2865 4858 et
2894 4802 3266 4872 angustissimus
3296 4801 3623 4854 formularum
3640 4799 3903 4851 vocabulo-

2334 4892 2514 4931 rumve
2560 4879 2725 4940 orbis:
2754 4877 2940 4930 scilicet
2965 4875 3173 4941 scriptor
3206 4873 3367 4926 inians
3396 4883 3589 4938 semper
3629 4885 3689 4922 ex
3726 4869 3899 4922 eadem

2335 4949 2533 5003 dicendi
2557 4947 2911 5002 consuetudine
2935 4945 3117 5012 pendet
3134 4959 3149 4990 ι
3178 4944 3347 5010 ltaque
3374 4941 3531 5006 huius
3560 4941 3901 4994 observatione

2334 5023 2754 5092 wyttenbachius
2780 5023 2921 5076 facile
2935 5022 3073 5075 locos
3092 5019 3354 5075 emendare
3376 5017 3543 5086 potuit
3573 5018 3625 5068 et
3654 5014 3902 5080 supplevit

2334 5113 2552 5152 mancos.
2571 5097 2759 5159 Quodsi
2778 5095 3005 5148 fraudem
3016 5095 3221 5147 testium
3240 5090 3693 5149 commenticiorum
3713 5087 3901 5153 specta-

2334 5185 2471 5234 mus,
2496 5169 2671 5222 eadem
2698 5167 2905 5220 recurrit
2930 5166 2983 5218 in
3005 5165 3171 5218 libello
3215 5164 3473 5227 historico,
3513 5161 3601 5226 qui
3639 5159 3734 5212 sub
3756 5155 3903 5238 titulo

2334 5243 2686 5295 Parailelorum
2742 5242 3024 5291 Graecorum
3076 5238 3128 5288 et
3170 5237 3518 5301 Remorum
3566 5233 3623 5284 in
3659 5225 3909 5284 Plutarchi
