4584 6284
712 529 815 584 los

910 684 1108 752 Πόντος
1138 684 1232 761 μὲν
1255 687 1545 767 πρώτιστος
1576 684 1836 769 Ἰὅηρικὸς
1857 684 2227 767 ἀρχομένοισιν

748 794 803 834 70
833 773 1145 852 ἐγκέχυται,
1178 772 1345 855 ὅσπερ
1370 800 1427 835 τε
1456 777 1545 835 καὶ
1578 776 1835 856 Εὐρώπης
1864 774 2013 833 πέλει
2043 772 2185 854 ἀρχὴ

828 862 917 919 καὶ
948 860 1173 935 meon<-
1200 862 1395 941 μέσσος
1421 865 1522 945 γὰρ
1550 864 1814 925 ἑλίσσεται
1844 862 2211 942 ἄμφοτεράων.

827 952 1035 1024 Στῆλαι
1062 949 1109 1009 δ’
1138 950 1260 1011 ἔνθα
1284 951 1375 1012 καὶ
1403 950 1522 1012 ἔνθα
1550 950 1698 1034 παρὰ
1726 952 1984 1029 πλευρῇσι
2012 948 2254 1023 κέονται,

826 1043 861 1111 ἡ
892 1038 988 1115 μὲν
1016 1042 1101 1099 ἐπ’
1132 1036 1417 1122 Εὐρώπην,
1452 1046 1487 1115 ἡ
1517 1042 1562 1101 δ’
1592 1044 1643 1109 ἐς
1666 1038 1870 1113 Λιὸύην
1899 1037 2127 1117 ὁρόωσα.

827 1126 935 1188 Τὸν
964 1127 1020 1187 δὲ
1054 1128 1425 1211 μετεκδὲχεται
1452 1128 1697 1203 Γαλάτης
1725 1126 1867 1209 ῥόος,
1894 1124 2019 1186 ἔνθα
2048 1150 2107 1187 τε
2127 1132 2254 1215 γαῖα

744 1237 801 1280 7ο
834 1218 1133 1290 Μασσαλίη
1154 1219 1479 1295 τετάνυσται,
1505 1219 1815 1300 ἐπίστροφον
1843 1214 2007 1297 ὅρμον
2033 1214 2248 1295 ἔχουσα.

826 1304 1035 1379 Ἑξείης
1067 1306 1111 1365 δ’
1136 1308 1221 1367 ἐπὶ
1251 1316 1385 1368 τοῖσι
1412 1306 1699 1388 Λιγυστιᾶις
1728 1306 1940 1367 ἕλκεται
1970 1304 2147 1381 ἅλμη,

827 1392 931 1454 ἔνθ’
966 1394 1185 1457 Ἰταλῶν
1213 1398 1353 1469 υῖῆες
1380 1396 1460 1456 ἐπ’
1486 1396 1727 1477 ἠπείροιο
1752 1393 2031 1473 νέμονται,

822 1486 885 1542 ἐκ
911 1481 1033 1551 Διὸς
1058 1484 1361 1557 Aeconia-3,
1388 1484 1468 1544 ἀεὶ
1497 1484 1637 1561 μέγα
1664 1482 2047 1563 κοιρανέοντες,

829 1568 1107 1651 ἀρξάμενοι
1134 1568 1377 1651 βορὲηθεν
1406 1571 1509 1631 ἔσω
1537 1570 1744 1643 Λευκὴν
1778 1572 1861 1627 ἐπὶ
1890 1568 2088 1648 πέτρην
2108 1610 2123 1638 ,

742 1680 797 1719 eu
825 1658 861 1729 ἥ
892 1658 958 1739 ῥά
981 1683 1039 1719 τε
1062 1660 1150 1719 καὶ
1176 1662 1400 1731 Σικελῆς
1422 1660 1509 1719 ἐπὶ
1532 1660 1812 1739 πορθμίδος
1836 1657 2140 1737 ἐρρίζωται·

824 1746 987 1817 ἑξείης
1016 1746 1059 1805 δ’
1085 1749 1170 1807 ἐπὶ
1204 1745 1404 1825 Κύρνον
1432 1747 1703 1827 ἐρεύγεται
1733 1742 1968 1824 ἁλμυρὸν
1998 1741 2159 1819 ὕδωρ.

826 1836 836 1853 ’
864 1838 909 1911 ’ᾔ
936 1835 982 1891 δ’
1009 1832 1097 1892 ἔπι
1128 1834 1411 1915 Σαρδόνιος
1438 1833 1765 1914 μορμύρεται
1796 1832 1967 1892 ἔνδοθι
1996 1829 2211 1895 πόντος·

823 1920 909 1981 τὸν
936 1922 990 1980 δὲ
1014 1920 1129 1999 μέτ’
1154 1921 1381 2001 ὠρύεται
1403 1921 1726 2003 Τυρσηνίδος
1754 1911 1913 1997 οἶδμα
1945 1917 2213 1986 θαλάσσης

822 2005 953 2090 πρὸς
980 2010 1141 2069 νότον·
1174 2008 1339 2089 αὐτὰρ
1368 2009 1549 2069 [πειτα
1582 2007 1711 2089 πρὸς
1741 2007 1905 2087 αὐγὰς
1937 2004 2135 2079 ἠελίοιο

740 2117 795 2158 85
823 2096 1007 2177 κυρτὸς
1032 2097 1403 2179 ἐπιστρέφεται
1435 2096 1650 2165 Σικελὸς
1680 2097 1817 2181 ῥόος·
1847 2095 2017 2174 αὐτὰρ
2041 2091 2242 2172 ἔνερθεν

820 2185 1100 2267 ἐγκέχυται
1128 2186 1219 2245 καὶ
1244 2186 1403 2266 μέχρι
1435 2186 1819 2247 πολυκλύστοιο
1850 2184 2099 2265 Παχύνου

819 2272 909 2332 καὶ
946 2274 1197 2357 Κρήσσης
1216 2274 1514 2355 ἄκρης(ἥτ’
1552 2276 1623 2343 εἰς
1653 2274 1756 2334 ἅλα
1783 2270 1949 2335 πουλὺ
1979 2268 2219 2340 νίνευκε,

817 2361 927 2443 πάρ
956 2359 1006 2423 Θ’
1032 2361 1177 2443 ἱερὴν
1208 2362 1441 2443 Γόρτυνα
1470 2364 1561 2422 καὶ
1588 2362 1907 2445 ἡπειρώτιδα
1938 2355 2205 2429 Φαιστόν,

816 2449 1155 2533 προπρηνὴς,
1187 2452 1370 2533 Κριοῖο
1397 2452 1809 2532 παραυγᾶζουσα
1837 2450 2079 2531 κᾶρηνον·

734 2557 789 2598 ao
817 2534 1036 2597 τοῦνεκα
1066 2540 1155 2598 καὶ
1190 2542 1357 2619 Κριοῦ
1385 2562 1473 2615 μιν
1498 2538 1818 2619 ἕφημίξαντο
1849 2534 2157 2616 μέτωπον)·

814 2624 898 2683 ναὶ
927 2627 1032 2702 μὴν
1057 2626 1148 2685 καὶ
1178 2625 1489 2685 τετάνυσται
1520 2625 1793 2704 Ἰηπυγίην
1829 2628 1914 2687 ἐπὶ
1943 2636 2123 2705 γαῖαν.

667 2793 949 2859 Ἄτλαντες,
976 2792 1112 2847 Mela
1138 2811 1185 2858 1,
1212 2798 1267 2859 4,
1296 2798 1327 2858 4
1356 2810 1369 2846 :
1395 2793 1609 2847 ultimos
1632 2791 1707 2848 ced
1724 2812 1965 2848 occasum
1992 2796 2241 2851 Atlantes

662 2873 929 2929 audimus.
965 2874 1113 2927 Idem
1146 2891 1191 2939 1,
1224 2876 1278 2940 8,
1312 2874 1341 2928 5
1370 2873 1437 2927 de
1465 2874 1762 2929 Atlantibus
1785 2887 1965 2930 narrat
1991 2875 2137 2948 quod
2175 2875 2243 2930 de

665 2954 929 3009 Atarantis
956 2952 1260 3009 Herodotus
1282 2954 1461 3009 habet.
1491 2954 1575 3009 Cf.
1614 2952 1682 3009 de
1722 2954 1965 3010 Atlantiis
1996 2955 2242 3010 historias

660 3032 805 3105 apud
831 3030 1131 3089 Diodorum
1162 3033 1213 3098 3,
1245 3033 1311 3098 54
1338 3045 1391 3088 et
1423 3034 1509 3089 56.
1538 3034 1729 3087 Totam
1752 3033 2076 3109 Ethiopiam
2112 3034 2239 3089 olim

660 3110 969 3166 Atlantiam
986 3110 1181 3166 dictam
1196 3130 1308 3166 esse
1321 3111 1477 3166 refert
1492 3113 1708 3167 Plinius.
1726 3114 1911 3167 Varias
1929 3113 1998 3168 de
2018 3114 2241 3169 Atlantis

662 3192 856 3247 montis
894 3192 1001 3245 situ
1046 3193 1328 3246 sententias
1368 3202 1565 3246 veteres
1606 3192 1749 3263 tetigi
1795 3194 1849 3245 in
1894 3192 2135 3264 Prolegg.
2172 3193 2239 3247 ad

660 3271 999 3326 Hannonem.
1046 3270 1297 3325 Ceterum
1326 3288 1491 3342 quum
1522 3275 1830 3325 Atarantum
1875 3282 1929 3325 et
1968 3270 2239 3327 Atlantum

664 3352 881 3404 nomina
905 3351 961 3404 in
990 3348 1251 3403 Herodoti
1274 3348 1433 3405 codd.
1465 3367 1565 3404 nec
1601 3368 1709 3404 non
1734 3352 1788 3403 in
1814 3351 1965 3405 Mclae
1992 3362 2045 3405 et
2083 3352 2238 3406 Plinii

664 3428 1056 3482 narrationibus
1082 3446 1149 3481 ex
1176 3427 1451 3481 Herodoto
1471 3429 1647 3499 petitis
1676 3424 2089 3493 confundantur,
2108 3427 2241 3483 duas

667 3507 791 3560 istas
839 3508 1079 3561 nationes
1104 3507 1259 3578 longe
1287 3508 1491 3560 dissitas
1531 3508 1585 3560 in
1636 3523 1793 3559 unam
1844 3522 1877 3560 a
1922 3505 2238 3578 quibusdam

664 3585 915 3639 conflatas
947 3602 1058 3639 esse
1073 3626 1089 3652 ,
1122 3597 1281 3659 atquc
1308 3603 1372 3639 eo
1412 3587 1627 3639 nominc
1664 3584 1899 3640 Atlantes
1926 3602 1957 3639 a
1985 3586 2240 3659 Dionysio

664 3664 987 3737 πολυσπερεῖς
1002 3664 1107 3720 dici
1128 3666 1425 3739 suspicatur
1434 3664 1826 3739 Bernhardyus.
1844 3664 2009 3735 Quod
2028 3664 2237 3738 longius

664 3747 890 3817 petitum
918 3744 1085 3800 videri
1104 3755 1294 3817 potest.
1326 3746 1435 3817 ss—
1453 3748 1543 3799 68.
1568 3746 1795 3798 πυκνοῖσι
1812 3748 1866 3799 A
1874 3748 2020 3813 Ceae,
2040 3746 2241 3808 πυκνοῖς

660 3828 779 3898 Neq
794 3848 811 3883 .-
834 3826 1049 3896 νεφέεσσι
1077 3828 1224 3883 cGK
1227 3828 1383 3893 1100
1392 3828 1481 3881 Υο.
1516 3825 1538 3893 ΙΙ
1564 3854 1637 3865 —-
1659 3828 1749 3893 69.
1772 3824 1974 3878 Versus
1994 3823 2241 3879 laudatur

659 3923 691 3959 a
718 3904 899 3977 steph.
924 3923 975 3959 v.
1006 3903 1211 3976 Ἰὅηρίαι
1225 3923 1279 3977 p.
1313 3905 1437 3969 324,
1472 3907 1555 3969 18,
1582 3902 1669 3959 ed.
1701 3904 1862 3957 Mein.
1896 3904 2144 3958 Ceterum
2170 3902 2238 3958 de

662 3986 823 4039 utaris
851 3985 1047 4038 interni
1070 3983 1262 4056 pelagis
1288 4000 1409 4037 cum
1440 3983 1694 4055 Dionysio
1722 3982 1790 4039 cl'.
1810 3982 1999 4039 Strabo
2024 4000 2080 4056 p.
2113 4000 2233 4051 122,

656 4060 1195 4118 Pseudo-Aristotelea
1214 4060 1283 4115 de
1302 4058 1511 4115 Mundo
1535 4079 1585 4116 c.
1616 4061 1647 4114 3
1676 4064 1831 4130 (tom.
1859 4062 1910 4126 3,
1934 4080 1988 4137 p.
2016 4063 2121 4118 630
2144 4063 2230 4119 ed.

658 4142 849 4212 Didot)
863 4182 878 4207 ,
898 4141 1254 4212 ,agamemn-3,
1280 4158 1439 4212 quem
1460 4151 1666 4207 vocant,
1684 4152 1842 4214 caput
1862 4142 1971 4214 mpi
1994 4147 2091 4197 τῶν
2110 4142 2234 4197 κατὰ

654 4219 745 4287 τὴν
772 4218 1061 4293 οἰκουμένην
1091 4219 1374 4284 θαλασσῶν,
1405 4220 1631 4273 Avienus
1658 4221 1753 4274 Or.
1780 4221 1955 4274 marit.
1984 4222 2087 4292 392
2110 4238 2225 4295 sqq.

660 4302 683 4370 ss
701 4330 775 4341 --
797 4318 886 4369 70.
903 4317 957 4354 τε
979 4316 1089 4355 om.
1108 4302 1185 4354 Ν.
1210 4298 1408 4371 11—71.
1440 4296 1523 4351 καὶ
1547 4297 1745 4371 Διὸὗης]
1771 4300 1887 4355 Sec.
1917 4299 2228 4356 Strabonem

654 4378 917 4435 Ibericum
954 4398 1101 4434 mare
1143 4388 1363 4435 vocatur
1387 4376 1531 4451 quod
1554 4396 1585 4433 a
1612 4377 1748 4434 freto
1774 4377 2040 4435 Gaditano
2078 4378 2231 4453 juxta

657 4460 881 4517 iberiam
903 4458 970 4514 ad
1002 4458 1305 4515 Narbonem
1336 4476 1505 4531 usque
1522 4458 1826 4513 extenditur
1838 4480 1856 4526 ς
1880 4478 1942 4514 ea
1962 4478 2087 4515 vero
2107 4479 2231 4534 pars

654 4556 775 4612 quae
803 4537 955 4611 juxta
977 4538 1197 4613 Libyam
1219 4550 1327 4606 est,
1368 4538 1567 4613 Libyco
1592 4540 1722 4595 mari
1750 4540 2063 4611 assignatur.
2099 4542 2122 4613 ΙΙ
2156 4572 2230 4584 -

656 4636 746 4690 7¹·
777 4619 872 4691 γὰρ
899 4638 1016 4675 om.
1050 4622 1172 4677 ΒΜ.
1200 4620 1223 4691 ss
1250 4648 1325 4661 —
1351 4636 1439 4689 72.
1466 4620 1721 4691 πλευροῖσι
1746 4619 1963 4693 ΕΗΙγζ.
1995 4622 2017 4692 ΙΙ
2044 4622 2221 4692 -73,

656 4698 755 4772 ἐπ’]
781 4716 889 4753 οιιι.
918 4704 969 4755 F
965 4722 985 4764 ‚·
1002 4697 1049 4762 ἐς
1076 4704 1203 4755 Km.
1232 4702 1342 4771 ss·-
1368 4704 1454 4770 74.
1478 4700 1577 4755 Τὸν
1605 4698 1659 4755 δὶ
1682 4701 1786 4773 μετ’
1803 4700 1972 4773 ἔνδεχ.
2002 4704 2225 4760 LMOY.

662 4800 685 4829 ε
713 4783 839 4850 γαῖα
851 4819 868 4846 ,
890 4781 1127 4851 quamvis
1148 4780 1548 4835 Massiliensium
1567 4782 1790 4855 imperio
1804 4782 2049 4837 homines
2068 4784 2228 4839 vicini

652 4862 957 4931 paruerint,
984 4862 1149 4934 ipsam
1178 4860 1364 4916 urbem
1391 4872 1607 4934 apparet
1630 4862 1873 4917 indicare
1900 4880 1915 4915 z
1941 4861 2092 4935 cujus
2131 4882 2230 4919 no·

652 4941 813 4995 tionis
839 4940 1137 5013 exemplum
1178 4940 1393 4995 Hesiodi
1440 4944 1504 4997 D.
1547 4952 1601 4995 et
1640 4944 1744 5015 Op.
1797 4962 1848 4999 v.
1902 4946 1996 4997 161
2038 4943 2224 5020 (Θηὸῃ,

654 5020 1054 5095 Καδμηίδιγαίῃ)
1076 5019 1271 5075 sufficit
1287 5021 1555 5077 excitasse.
1577 5047 1599 5069 ι
1632 5024 1819 5077 Bet-ale.
1848 5025 1870 5093 ΙΙ
1894 5051 1971 5067 -·
1987 5024 2055 5093 75
2105 5023 2229 5081 ἐπί-

592 5163 600 5171 ,
649 5100 941 5171 στροφον]
984 5099 1173 5153 Strabo
1208 5118 1261 5172 p.
1312 5117 1407 5171 ¹79
1454 5115 1468 5154 :
1511 5100 1823 5157 ὓποπίπτωκε
1859 5103 1905 5155 δ’
1931 5104 2079 5170 αὗτῆς
2121 5112 2229 5177 (τῆς

648 5178 973 5248 Μασσαλίας)
1018 5178 1047 5231 ὁ
1082 5176 1235 5249 λιμὴν
1275 5179 1577 5251 θεατροειδεῖ
1614 5181 1761 5253 πέτρᾳ
1776 5222 1791 5247 ,
1823 5179 2070 5255 βλεπούσῃ
2111 5184 2229 5255 πρὸς

648 5256 819 5311 νότον.
852 5258 874 5328 Ι]
903 5288 975 5299 -
1000 5262 1086 5327 76.
1119 5256 1198 5312 ἐπὶ
1224 5260 1337 5331 τῇσι
1366 5260 1473 5322 Ge,·
1504 5258 1721 5333 ἕλκεται]
1760 5260 1960 5333 ἔρχεται
1999 5260 2103 5329 dgla
2124 5285 2142 5322 .-
2170 5264 2225 5316 in

2141 562 2496 625 .1)1οΝΥ31[

2413 697 2585 767 Igitur
2601 698 2842 769 princeps
2869 698 3261 755 exordientibus
3289 702 3546 758 Ibericum
3571 723 3716 761 mare

2341 782 2703 857 profunditur,
2732 801 2840 857 quo
2860 794 2915 839 et
2935 786 3163 859 Europae
3183 790 3486 844 continetur
3511 792 3723 867 initium

2343 882 2395 927 ct
2419 872 2598 946 Libyae
2625 888 2638 927 τ
2664 891 2788 928 nam
2810 872 3044 928 medium
3075 874 3213 928 inter
3237 886 3516 949 utramque
3539 880 3782 935 volvitur.

2344 957 2428 1014 Ab
2449 969 2671 1031 utraque
2691 969 2868 1014 autem
2889 970 3035 1033 parte
3059 959 3321 1015 columnae
3342 960 3590 1018 lateribus
3613 964 3884 1038 adjacent,

2343 1065 2567 1119 quarum
2591 1047 2750 1102 altera
2771 1048 3035 1121 Europam
3054 1088 3069 1113 ,
3093 1047 3317 1121 Libyam
3341 1048 3504 1104 altera
3521 1063 3736 1124 spectat.

2343 1132 2406 1188 Id
2436 1152 2561 1189 vero
2587 1134 2817 1189 Galatica
2839 1133 2980 1189 unda
3005 1134 3202 1207 excipit
3216 1174 3234 1202 ,
3263 1134 3356 1190 ubi
3382 1146 3520 1191 terra

2341 1222 2574 1278 Massilia
2596 1222 2915 1286 extenditur,
2937 1234 3099 1297 portu
3125 1222 3362 1279 rotundo
3389 1223 3628 1297 praedita.

2349 1312 2474 1364 Post
2495 1308 2749 1363 oentinuo
2772 1310 3095 1380 Ligusticum
3121 1309 3286 1364 salum
3315 1310 3662 1383 protrahitur,

2342 1398 2433 1452 ubi
2462 1415 2589 1469 gens
2615 1396 2744 1451 Itala
2771 1398 3125 1453 coutinentem
3153 1397 3373 1463 accolit,

2339 1489 2471 1541 Jove
2493 1488 2598 1539 orti
2622 1490 2886 1553 Ausones,
2915 1504 3125 1559 semper
3149 1486 3252 1541 late
3277 1498 3556 1559 regnantes
3572 1529 3587 1554 ,

2339 1593 2370 1628 a
2392 1574 2552 1629 borea
2577 1574 2895 1647 pertinentes
2917 1576 3055 1628 intus
3081 1592 3247 1647 usque
3271 1574 3338 1629 ad
3361 1576 3782 1649 leucopetram„

2341 1680 2458 1735 quae
2487 1662 2702 1736 quidem
2729 1661 2795 1717 ad
2819 1660 3010 1717 fretum
3033 1662 3269 1718 Siculum
3292 1662 3398 1717 fixa
3425 1674 3620 1729 exstat3

2337 1748 2586 1821 deinceps
2609 1766 2732 1803 vero
2759 1748 3022 1803 Corsicam
3050 1748 3256 1820 salsugo
3277 1749 3537 1804 allabitur.

2336 1839 2462 1892 Post
2485 1837 2625 1891 hanc
2646 1834 2960 1891 sardonium
2984 1838 3206 1890 interius
3235 1842 3536 1892 murmurat
3563 1856 3728 1893 mare.

2336 1923 2544 1978 Dehinc
2563 1922 2825 1997 Tyrrheni
2848 1924 3006 1977 maris
3027 1923 3195 1993 mugit
3225 1922 3366 1976 unda

2335 2027 2517 2064 versus
2543 2020 2800 2064 austrum.
2830 2011 2900 2065 At
2921 2007 3112 2063 deiude
3131 2006 3200 2063 ad
3219 2018 3397 2063 ortum
3420 2008 3543 2063 solis

2335 2101 2585 2153 incurvus
2607 2098 2836 2155 flectitur
2853 2098 3056 2154 Siculus
3079 2098 3282 2165 fluxus,
3314 2098 3408 2170 qui
3433 2097 3656 2152 inferius

2333 2184 2534 2240 effusus
2555 2195 2635 2240 ωε
2660 2184 2904 2258 Pachyno
2927 2194 3077 2239 tenus
3105 2185 3424 2239 circumfluo

2332 2284 2386 2328 et
2410 2274 2619 2332 Cretico
2632 2274 2996 2348 promontorio
3023 2272 3192 2346 (qued
3217 2274 3272 2327 in
3303 2292 3448 2328 mare
3476 2273 3623 2329 valde
3642 2278 3906 2348 prominet

2330 2372 2522 2435 praeter
2532 2379 2734 2416 sacram
2752 2362 3044 2435 Gortynam
3059 2361 3430 2435 Pbaestunnque
3441 2362 3900 2435 mediterraneam,

2331 2466 2592 2523 pronum,
2623 2448 2797 2503 arietis
2823 2459 2982 2521 caput
3009 2449 3236 2519 imagine
3260 2460 3672 2522 repraesentans3

2331 2548 2653 2610 quapropter
2677 2538 2832 2592 etiam
2861 2538 3235 2610 Criumetopon
3266 2538 3452 2609 vulgus
3471 2538 3746 2613 appellavit
3768 2542 3819 2615 ),

2332 2628 2460 2699 quin
2489 2628 2646 2680 etiam
2671 2623 2740 2680 ad
2756 2625 3020 2699 Iapygiam
3045 2634 3242 2679 terram
3267 2643 3528 2699 expansus
3551 2638 3650 2682 eet.

2331 2812 2418 2867 79.
2444 2794 2564 2868 ἔσω]
2583 2797 2672 2859 ἕως
2685 2795 2802 2852 cod.
2826 2798 2873 2858 ζ.
2894 2796 2916 2867 ΙΙ
2932 2826 3002 2837 -
3024 2799 3111 2853 80.
3142 2796 3248 2867 ῆρά
3272 2815 3323 2850 τε
3349 2795 3431 2849 καὶ
3457 2794 3682 2869 Σικελῆς]
3709 2798 3784 2851 sic
3796 2800 3895 2852 EA·

2327 2874 2580 2948 ᾰεςζὶἥρά
2592 2894 2644 2929 τε
2661 2874 2880 2941 Σικελιῆς
2898 2878 3402 2947 ABCDFHLMOQ
3411 2874 3762 2950 Ymcgleiprs
3776 2876 3898 2931 Ald.

2328 2953 2666 3026 Bernhardy
2691 2954 2724 3021 ἥ
2743 2954 2802 3026 ῥά
2824 2973 2877 3008 τε
2900 2954 3152 3022 Σικελικῆς
3183 2959 3238 3010 Κ
3246 2995 3261 3016 ,
3289 2965 3339 3008 et
3360 2952 3446 3007 ed.
3472 2954 3677 3026 steph.;
3703 2965 3754 3009 at
3777 2973 3901 3010 cou-

2329 3042 2530 3087 stauter
2551 3034 2834 3105 Dionysius
2861 3034 3025 3085 utitur
3042 3030 3214 3086 forma
3245 3031 3446 3094 Σικελὸς
3475 3042 3536 3085 ut
3559 3050 3635 3087 vs.
3660 3033 3748 3088 85.
3775 3039 3898 3100 104.

2334 3128 2434 3182 109
2459 3120 2513 3165 et
2532 3110 2632 3176 344
2656 3126 2670 3163 2
2691 3107 2897 3176 Σικελὴν
2923 3108 3000 3163 ἐπὶ
3017 3110 3264 3181 πορθμίδα
3289 3109 3454 3182 λήγει.
3473 3112 3576 3165 Pro
3600 3110 3824 3181 Σικελιῆς
3843 3114 3901 3169 in

2328 3189 2468 3246 codd
2491 3188 2648 3261 ascet
2669 3188 2890 3251 Σικελίας
2905 3229 2919 3253 ,
2945 3191 2998 3243 iu
3019 3192 3091 3247 Ge
3114 3207 3238 3244 vero
3260 3189 3527 3253 Σικελίδος.
3555 3190 3801 3246 Ceterum
3827 3192 3896 3253 cf.

2329 3270 2436 3324 230
2465 3286 2479 3323 :
2505 3271 2558 3332 ὃς
2583 3268 2644 3341 ῥά
2662 3288 2714 3323 τε
2741 3268 2825 3322 καὶ
2853 3268 3052 3336 Διὸύην.
3087 3269 3111 3337 ΙΙ
3134 3299 3207 3310 -
3225 3273 3314 3325 81.
3343 3268 3623 3342 ἰρεύγεται]
3650 3269 3898 3344 ἀμείὸεται

2337 3352 2430 3406 Ge.
2463 3350 2485 3419 ΙΙ
2508 3379 2580 3390 -
2607 3351 2694 3403 82.
2725 3349 2806 3420 τῇ]
2833 3341 2864 3420 ᾖ
2895 3352 2937 3401 B
2959 3358 3011 3401 et
3032 3365 3091 3409 σς
3121 3348 3176 3400 in
3205 3365 3234 3401 c
3262 3358 3436 3401 tamen
3465 3366 3589 3419 mgo
3615 3349 3776 3404 habet
3800 3354 3895 3425 τῇς

2327 3432 2400 3500 τῷ
2437 3427 2622 3484 bklmr.
2660 3428 2684 3499 ΙΙ
2716 3426 2814 3499 ἔπι]
2863 3426 2941 3482 ἰπὶ
2964 3426 3272 3499 Bernhardy
3290 3466 3306 3492 ,
3339 3440 3544 3482 vertens
3575 3443 3591 3481 :
3621 3446 3738 3483 eam
3775 3447 3904 3484 vero

2325 3504 2586 3561 Sardoum
2631 3524 2773 3560 mare
2801 3506 2920 3559 sinu
2946 3506 3195 3559 interiore
3234 3506 3637 3578 circumstrepit.
3665 3506 3750 3562 Cf.
3772 3513 3896 3579 784.

2332 3585 2504 3657 ἐγγύθι
2525 3588 2580 3638 H
2585 3588 2686 3639 ΟΧ
2691 3589 2751 3650 Y,·
2772 3583 2955 3650 ἶνδοθι,
2971 3585 3132 3649 intus,
3151 3583 3388 3651 ulterius,
3402 3586 3676 3639 meridiem
3701 3604 3898 3645 venus.

2333 3665 2355 3737 ΙΙ
2381 3664 2578 3737 πόντος]
2602 3664 2782 3729 κόλπος
2815 3682 2974 3738 supra
3011 3665 3266 3737 scriptum
3293 3665 3348 3719 in
3389 3668 3491 3721 Eo.
3529 3666 3898 3723 Eratosthenes

2326 3762 2412 3817 ap.
2436 3744 2573 3801 Pliu.
2595 3745 2648 3812 3,
2676 3763 2740 3800 ιο
2767 3743 3017 3799 Sardoum
3045 3762 3192 3798 mare
3221 3742 3358 3799 dixit
3383 3744 3642 3817 quidquid
3665 3756 3745 3801 est
3763 3747 3904 3804 inter

2325 3822 2622 3878 Sardiniam
2647 3834 2702 3878 et
2725 3824 2916 3879 ostium
2941 3825 3157 3879 Oceani.
3179 3823 3381 3878 Eodem
3415 3824 3577 3879 modo
3603 3834 3901 3882 statuerunt

2324 3905 2558 3958 Avienus
2581 3906 2675 3961 Or.
2707 3921 2840 3958 mar.
2873 3903 2972 3960 150
3001 3914 3054 3958 et
3074 3908 3333 3978 Scy-nnus
3370 3910 3490 3975 1915.
3519 3906 3628 3960 Nec
3664 3924 3772 3962 non
3797 3910 3902 3963 Po·

2323 3980 2497 4056 lybius
2539 3984 2625 4049 34,
2663 3988 2716 4052 6,
2747 3988 2781 4039 6
2806 4002 2871 4039 eo
2913 4001 3070 4037 sensu
3109 3982 3372 4039 Sardoum
3418 4002 3564 4039 mare
3604 4004 3898 4044 memorans

2327 4062 2553 4119 videtur.
2579 4064 2715 4118 Cum
2743 4064 2995 4135 Dionysio
3015 4062 3257 4117 conferre
3291 4062 3414 4117 licet
3454 4065 3892 4135 Agathemerum,

2322 4158 2479 4213 quem
2527 4140 2738 4207 dicunt,
2790 4161 2844 4216 p.
2890 4142 2958 4215 59
3000 4152 3055 4196 et
3097 4142 3430 4199 Strabonem.
3483 4144 3507 4215 ΙΙ
3539 4176 3614 4187 -
3649 4146 3739 4204 83.
3789 4150 3895 4219 μετ’

2321 4222 2550 4296 ὠρύεται]
2578 4223 2684 4297 μετ’
2711 4223 2958 4295 ἐκδέχεται
2983 4223 3062 4278 vel
3090 4224 3434 4295 μετεκδέχεται
3470 4228 3897 4285 DEGHKNor

2319 4301 2900 4377 XUcdeglnopqsmzeK,
2924 4301 3068 4369 Ald.;
3087 4302 3383 4375 Τυρρηνίδος
3405 4304 3530 4362 cod.
3559 4306 3609 4367 ζ.
3653 4306 3676 4377 ΙΙ
3703 4336 3777 4349 -
3803 4308 3894 4364 85.

2319 4379 2536 4455 ἔνερθεν]
2562 4380 2762 4455 ὕπερθεν
2783 4400 2962 4453 margo
2985 4386 3050 4439 Y.
3082 4384 3105 4453 ΙΙ
3130 4412 3204 4424 -
3222 4381 3501 4455 ἐγκέχυται]
3519 4381 3788 4455 ἀγκέχυται
3806 4386 3900 4441 ber
3935 4382 3942 4391 ’

2317 4463 2595 4537 Pamphi-,3
2625 4464 2878 4535 ἐκκέχυται
2904 4482 2981 4537 eq.
3011 4464 3130 4535 11-
3147 4466 3236 4533 87.
3260 4462 3388 4517 πολὺ
3407 4464 3888 4541 BCKLuthdeq.

2325 4542 2347 4615 ΙΙ
2375 4574 2450 4585 -
2471 4547 2560 4601 88.
2594 4544 2722 4616 ἱερὸν
2754 4548 2825 4602 D.
2858 4544 3064 4598 Poetica
3089 4543 3300 4598 licentia
3332 4542 3414 4598 vel
3440 4544 3732 4615 ignorantia
3772 4564 3902 4618 geo·

2319 4625 2562 4698 graphica
2582 4626 2958 4698 Criumetopon
2979 4641 3101 4677 cum
3125 4626 3365 4696 Gortyne
3381 4634 3432 4678 et
3453 4624 3660 4679 Phaesto
3687 4626 3903 4699 oppidis

2319 4704 2673 4777 componitur.
2688 4702 3055 4775 Bernhardyus
3069 4713 3244 4758 censet
3257 4705 3570 4776 Dionysium
3587 4706 3643 4759 in
3657 4722 3893 4762 errorem

2317 4788 2594 4845 inductum
2627 4808 2737 4845 esse
2761 4790 2944 4844 tabulae
2971 4788 3081 4861 ejus
3107 4808 3266 4861 quam
3290 4789 3362 4845 ob
3385 4791 3564 4845 oculos
3587 4790 3891 4858 habuisset,

2318 4871 2586 4941 angustiis.
2621 4872 2860 4925 Fortasse
2899 4869 3212 4941 Dionysium
3240 4870 3372 4924 nihil
3414 4870 3557 4924 aliud
3599 4870 3901 4943 significare

2319 4948 2542 5005 voluisse
2578 4950 2676 5005 nisi
2719 4950 3113 5021 Criumetopum
3141 4951 3276 5003 sicut
3303 4950 3460 5003 urba
3500 4950 3623 5005 istas
3667 4948 3736 5005 ad
3781 4970 3895 5006 me·

2317 5024 2574 5080 ridionale
2597 5027 2775 5082 insulae
2804 5026 2934 5081 latus
2963 5044 3172 5097 vergere
3196 5028 3492 5099 suspicatur
3513 5028 3735 5100 Gyllius.
3773 5030 3892 5101 ΙΙ-

2318 5111 2406 5176 89.
2438 5107 2702 5177 προπρηνὲς
2722 5105 2841 5161 cod.
2872 5108 2933 5172 ξς
2978 5106 3212 5177 κάρηνον]
3244 5106 3467 5177 μέτωπον
3493 5110 3621 5165 Gra.
3657 5108 3882 5179 11-90.

2315 5182 2400 5239 καὶ
2428 5184 2575 5257 Κριοῦ
2617 5188 2720 5255 μιν]
2751 5184 3386 5255 ACGHKLMNOYsst,
3437 5187 3534 5239 nisi
3577 5185 3723 5259 quod
3752 5186 3806 5240 in
3837 5190 3886 5245 G

2316 5282 2416 5338 pro
2438 5269 2575 5338 κριοῦ
2602 5275 2680 5317 est
2705 5266 2880 5335 κριοῖο,
2908 5262 3054 5336 quod
3077 5274 3402 5338 assumptum
3440 5276 3516 5319 est
3552 5284 3617 5319 ex
3641 5264 3798 5320 altera
3819 5266 3892 5319 le·

641 5334 685 5387 d
708 5346 881 5389 tamen
909 5354 1072 5409 supra
1115 5338 1374 5411 scriptum
1401 5349 1479 5392 est
1502 5339 1717 5397 ἕλκεται.
1746 5342 1768 5412 ss
1795 5372 1867 5383 —
1891 5360 1979 5411 77.
2013 5338 2229 5415 ἠπείροις
2316 5346 2491 5399 ctione
2514 5345 2599 5398 καὶ
2619 5348 2776 5416 κριοῖο
2804 5342 3115 5416 ἔφημίξαντο,
3149 5344 3226 5397 uti
3249 5354 3329 5398 est
3351 5344 3405 5397 in
3421 5342 3522 5398 cod
3548 5362 3597 5400 0.
3625 5345 3880 5400 Praeterea

641 5416 725 5479 M,
754 5412 995 5489 ἠπείροισι
1020 5416 1180 5471 bklrs.
1214 5418 1237 5487 11
1259 5420 1432 5489 —78.
1456 5417 1924 5494 eislBCEdeoqre,
1959 5420 2080 5477 ΛΙιΙ.
2106 5422 2127 5489 ΙΙ
2153 5452 2228 5463 -
2316 5424 2473 5493 κριοῖο
2499 5421 2684 5493 legitur
2706 5424 2758 5476 in
2793 5422 2895 5487 ber,
2925 5423 3102 5477 nescio
3129 5440 3257 5476 num
3287 5423 3447 5477 misso
3477 5441 3560 5497 μιν
3585 5442 3653 5477 an
3677 5422 3884 5481 addito.
