4584 6284
1718 546 2073 609 ANAPLUS
2112 550 2438 613 BOSPOBl
2485 552 2824 618 THnActt.

651 672 803 725 estin
820 675 1087 727 contrario
1110 676 1507 746 promontorio,
1534 678 1811 749 potiusque
1832 678 2111 751 appellatus
2134 680 2216 735 ille

653 759 776 811 olim
824 760 924 813 suit
976 771 1165 831 portus
1208 763 1482 835 Eutropii,
1511 762 1663 835 cujus
1690 767 1929 819 meminit
1968 769 2211 824 Ζοιιαηι.

660 870 680 889 ·
713 844 797 899 Ad
822 846 1019 901 caedem
1040 888 1055 913 ,
1083 848 1258 919 inquit
1274 888 1288 912 ,
1319 850 1547 905 Mauritii
1570 852 1707 923 regis
1729 864 1969 907 movetur
1995 856 2208 922 Phocus,

648 944 699 987 et
728 935 781 987 in
800 937 1043 1007 Eutropii
1072 948 1233 1008 portu
1256 940 1487 1010 primum
1510 938 1621 1011 ejus
1648 952 1873 1013 quatuor
1898 941 2033 997 filios
2058 944 2212 999 inter·

646 1020 784 1087 ficit,
819 1022 951 1077 nihil
992 1021 1139 1078 aliud
1190 1034 1305 1079 tum
1356 1023 1577 1081 dicentis
1624 1045 1783 1099 quem
1830 1029 1933 1082 boc
1980 1030 2147 1101 ipsum
2194 1050 2207 1087 :

644 1110 827 1163 Justus
852 1126 941 1176 es,
972 1108 1217 1176 domine,
1256 1122 1309 1165 et
1330 1110 1532 1183 justum
1553 1110 1811 1184 judicium
1844 1126 1993 1170 tuum
2022 1134 2035 1172 :
2061 1114 2207 1171 deni-

652 1214 752 1267 ·1ue
781 1196 955 1269 ipsum
984 1198 1292 1253 Mauritium
1319 1198 1526 1257 tollunt.
1562 1226 1584 1247 ι
1612 1200 1759 1255 Idem
1786 1201 1889 1257 alio
1920 1202 2038 1258 loco
2058 1202 2205 1271 dicit,

649 1281 977 1341 Chalcedone
1002 1302 1113 1339 oese
1138 1296 1347 1357 portum
1388 1288 1657 1362 Eutropii,
1688 1288 1781 1343 sed
1808 1306 1917 1344 non
1957 1290 2203 1358 declsrst,

644 1390 711 1424 «ιιι
742 1372 795 1425 in
824 1373 1084 1444 Bosporo,
1104 1390 1169 1427 an
1193 1374 1247 1427 in
1276 1374 1611 1445 Propontide.
1686 1377 1821 1431 Nam
1846 1396 1911 1432 ex
1932 1378 2205 1435 antedictis

644 1460 883 1531 Dionysii
915 1461 1107 1514 scimus
1126 1461 1505 1518 chalcedonem
1534 1465 1780 1537 utrinque
1804 1464 2047 1521 babuisse
2078 1484 2201 1539 por-

638 1560 746 1600 tus.
824 1548 1025 1601 Verum
1050 1566 1113 1601 ex
1142 1550 1401 1621 Procopio
1432 1550 1543 1621 (De
1568 1550 1707 1609 oedil'.
1736 1570 1785 1619 ι,
1815 1569 1873 1607 ιι
1904 1570 1964 1626 p.
1983 1556 2085 1609 208
2108 1554 2198 1609 cd.

642 1638 814 1689 Boon.
846 1636 1085 1707 >assequi
1104 1654 1401 1707 possumus,
1422 1636 1577 1691 fuisse
1600 1656 1709 1693 non
1727 1638 1879 1711 longe
1900 1640 1969 1694 ab
1990 1642 2195 1707 Hermo,

636 1741 762 1777 cum
792 1724 865 1777 sit
909 1725 1261 1779 Justinisnum
1308 1734 1521 1796 portum
1564 1726 1725 1781 alium
1762 1729 2114 1783 construxisse
2142 1731 2197 1783 in

641 1809 887 1865 ulteriore
908 1812 1207 1865 continente
1244 1813 1297 1865 in
1324 1811 1453 1867 locis
1480 1814 1723 1887 Eutropii
1748 1817 2029 1871 nominatis
2047 1855 2063 1881 ,
2088 1836 2195 1871 non

632 1895 817 1967 procul
848 1896 1061 1949 remotis
1089 1895 1156 1949 sb
1187 1897 1393 1951 lleraeo.
1470 1901 1540 1952 At
1569 1898 1659 1953 ubi
1688 1897 1845 1954 fuerit
1872 1910 2057 1972 portus
2092 1904 2197 1955 Eu-

634 1984 817 2054 tropii,
837 1983 989 2055 plane
1014 1983 1147 2039 scire
1178 1984 1486 2057 nequimus,
1508 1987 1608 2040 nisi
1635 1989 1861 2041 sciemus
1876 2028 1892 2053 ,
1914 1989 2005 2043 uhi
2038 1990 2195 2045 suerit

622 2070 889 2123 Hereum.
966 2072 1151 2143 Itaque
1173 2068 1229 2125 id
1262 2071 1421 2144 psulo
1454 2071 1608 2126 altius
1643 2073 2061 2145 investigandum
2092 2088 2191 2133 est.

629 2158 1005 2213 Demosthenes
1032 2160 1153 2233 (sp.
1184 2160 1366 2232 Steph.
1391 2161 1515 2233 Byz.
1548 2178 1597 2218 v.
1628 2152 1831 2233 Ἡραία
1878 2154 1899 2233 )
1928 2162 1984 2217 in
2013 2163 2189 2231 libris,

628 2264 761 2317 quos
787 2247 993 2319 scripsit
1018 2245 1085 2301 de
1108 2246 1267 2301 rebus
1292 2246 1581 2319 Bithynicis
1596 2288 1611 2313 ,
1636 2248 1711 2302 sic
1728 2250 1800 2303 ait
1840 2266 1851 2303 :

720 2398 857 2447 Ἐστι
878 2398 927 2445 δι’.
952 2394 1061 2461 [τις]
1078 2396 1360 2461 προπάροιῐιι
1382 2398 1550 2455 κλυτῆς
1570 2396 1870 2461 Καλχηδόνος
1890 2400 2011 2463 ἄκρη

720 2470 731 2483 ’
744 2468 918 2529 nme«,
936 2469 1197 2531 τρὴχουσα,
1216 2468 1523 2525 noluemus·
1539 2468 1685 2519 ἔντοθι
1704 2468 1745 2519 δ’
1776 2468 1918 2529 αὐτῆς

720 2538 901 2586 λαινιον
921 2541 1025 2597 περὶ
1042 2542 1197 2601 τεῖχος
1215 2536 1303 2585 ἰὼν
1320 2536 1603 2587 κοιλαίνεται
1626 2538 1743 2588 sicu

720 2609 893 2664 κόλπος
922 2607 1049 2663 ἁλός·
1085 2607 1220 2671 φαίης
1246 2622 1325 2657 ιιιν
1342 2608 1457 2657 ἰδὼν
1477 2609 1722 2672 βαθυδινὲα
1738 2608 1887 2671 πάντῃ

717 2676 928 2740 ἔμμεναι.
946 2677 1139 2739 slsum}
1162 2676 1211 2727 δὲ
1232 2678 1313 2725 καὶ
1332 2676 1389 2727 οὗ
1412 2677 1562 2742 πάντῃ
1582 2678 1719 2743 βυθός
1740 2678 1838 2729 ἐστι
1858 2677 2109 2737 θαλάσσης.

715 2748 857 2798 Ἔνθα
876 2764 926 2798 τι
948 2752 1061 2805 νῆας
1080 2746 1301 2813 [ὄν]ἣγον,
1326 2746 1529 2810 ὀτόμενοι
1544 2749 1723 2805 σκέπας
1741 2750 1859 2799 εἶναι

719 2821 976 2883 αὐτοφυοῦς
998 2820 1187 2884 ὅρμοιο.
1211 2823 1347 2883 κακῷ
1365 2821 1407 2869 δ’
1422 2820 1673 2883 ἐνέκυρσαν
1688 2821 1879 2884 ἑτοίμῳ.

616 2946 695 2999 Ex
735 2944 928 3017 quibus
962 2946 1292 3016 assequimur
1334 2946 1579 2998 Heraeum
1616 2944 2039 3015 promontorium
2080 2961 2189 2997 esse

612 3044 798 3087 contra
842 3032 1259 3096 Chalcedonem,
1302 3032 1500 3087 habens
1540 3032 1731 3086 multus
1781 3042 1959 3086 cautes
1998 3050 2183 3085 conce·

3791 575 3869 629 97

2301 681 2426 737 olim
2454 682 2590 738 duos
2613 696 2796 757 portus
2817 686 3044 742 molibus
3073 693 3303 745 munitos
3325 692 3526 760 habuit,
3551 713 3718 751 unum
3741 697 3870 753 oiim

2299 771 2630 825 nominatum
2675 775 2950 845 Eutropii,
2995 794 3142 831 nunc
3169 780 3366 847 Irene,
3395 782 3552 836 situm
3592 783 3648 839 in
3697 785 3870 843 littore

2299 856 2444 911 sinus
2459 856 2684 913 occiduo
2693 858 2847 931 juxte
2863 860 3269 931 Chalcedonam,
3293 866 3511 923 sltemm
3539 872 3866 928 nominatum

2303 946 2546 1001 Hermum
2604 948 2838 1020 positum
2877 952 3143 1005 contrario
3191 952 3246 1007 in
3295 952 3468 1009 littore
3503 954 3570 1010 nd
3611 960 3864 1015 orientem

2297 1032 2614 1105 pertinente.
2689 1035 2800 1089 Hos
2829 1034 3012 1091 smbos
3031 1048 3218 1108 portus
3239 1036 3396 1093 fuisse
3427 1042 3480 1094 in
3502 1042 3622 1097 sinu
3649 1044 3867 1101 Joannis

2297 1118 2549 1175 Cslsmoti
2586 1138 2651 1174 ex
2679 1122 2938 1195 Procopio
2973 1126 3093 1191 (De
3123 1122 3265 1179 tedis.
3302 1142 3324 1181 1
3347 1168 3364 1193 ‚
3400 1142 3459 1182 11
3485 1140 3618 1183 extr.
3643 1134 3662 1193 i
3693 1132 3864 1203 perci·

2296 1208 2490 1279 pimus,
2517 1226 2638 1263 cum
2663 1210 2738 1263 ait
2771 1209 2908 1265 aedes
2930 1210 3096 1283 regins
3121 1213 3480 1269 Justinisnum
3509 1220 3858 1275 construxisse

2292 1292 2348 1345 in
2376 1293 2564 1348 Remo
2584 1332 2601 1359 ,
2635 1292 2782 1367 quod
2813 1295 3094 1351 Justiniani
3131 1297 3456 1370 temporibus
3491 1300 3708 1355 Hierion
3753 1303 3864 1358 sive

2295 1378 2528 1434 Hierism
2560 1392 2580 1417 ²
2622 1379 2938 1455 appellarent
2953 1422 2971 1449 ,
3027 1380 3329 1455 ibidemque
3385 1394 3598 1457 portum
3636 1388 3863 1445 molibus

2288 1468 2508 1539 sepsisse
2542 1478 2594 1523 et
2640 1468 2816 1535 littus,
2849 1480 2999 1525 antes
3027 1470 3278 1543 utrinque
3313 1472 3480 1527 ventis
3505 1484 3557 1527 et
3595 1474 3860 1533 undarum

2288 1552 2586 1609 incursibus
2611 1556 2907 1627 expositum
2923 1596 2940 1621 ,
2969 1566 3143 1610 tutum
3165 1574 3197 1611 s
3219 1558 3386 1612 ventis
3406 1556 3668 1627 effecisse,
3697 1560 3854 1617 innu-

2288 1636 2626 1691 merabilibus
2645 1648 2699 1691 et
2717 1637 2956 1691 msximis
2973 1640 3107 1693 srcis
3127 1656 3374 1695 saxorum
3391 1640 3558 1713 plenis
3581 1642 3636 1697 in
3665 1642 3860 1701 vedum

2284 1719 2397 1775 aliis
2418 1740 2577 1796 supra
2601 1721 2729 1779 alios
2749 1742 2912 1797 nsque
2938 1724 3157 1797 injectis,
3176 1726 3352 1800 quoad
3380 1730 3627 1803 utrinque
3644 1728 3856 1789 brachis

2284 1820 2588 1879 exaggerata
2636 1828 2797 1883 supra
2830 1828 3022 1884 squsm
3061 1814 3350 1869 extiterunt
3363 1856 3380 1881 ,
3428 1816 3858 1893 extrinsecusque

2284 1894 2422 1949 circs
2463 1896 2627 1950 moles
2655 1898 2792 1953 sexis
2817 1896 3038 1953 rudibus
3078 1909 3132 1955 et
3155 1897 3305 1955 duris
3341 1898 3588 1975 projectis
3621 1902 3690 1959 sd
3713 1906 3852 1962 exci-

2282 1973 2504 2047 piendos
2549 1978 2774 2049 impetus
2823 1978 3082 2035 fluctuum
3121 1991 3176 2035 et
3227 1992 3504 2038 ventorum
3547 1982 3850 2041 hiemalium

2280 2073 2498 2135 portum
2526 2066 2762 2137 quietum
2791 2066 3092 2139 perfecisse,
3127 2086 3400 2143 unumque
3427 2070 3480 2124 in
3504 2083 3718 2143 portum
3743 2071 3855 2127 sdi-

2282 2161 2396 2205 tum
2436 2151 2658 2208 navibus
2695 2154 2984 2227 reliquisse.
3056 2153 3224 2212 Addit
3256 2158 3580 2232 Procopius,
3619 2170 3679 2213 ut
3702 2158 3850 2231 juxta

2280 2247 2494 2309 portum
2517 2240 2548 2293 J
2551 2239 2841 2294 ustinisnus
2862 2240 2998 2311 gaedes
3014 2260 3186 2297 sacras
3207 2242 3524 2313 condiderit,
3548 2254 3600 2299 et
3613 2247 3847 2319 porticus

2288 2335 2340 2379 et
2367 2328 2476 2380 viss
2497 2364 2513 2391 ,
2544 2325 2696 2382 bslns
2721 2326 2931 2401 publica
2964 2339 3018 2384 et
3048 2329 3146 2384 slis
3186 2328 3294 2385 sere
3332 2332 3512 2388 omnis
3546 2332 3813 2389 edificarit
3829 2374 3846 2401 ,

2284 2410 2450 2465 nihilo
2484 2412 2734 2469 inleriors
2759 2414 2912 2487 regiis
2939 2412 3139 2469 aedibus
3173 2416 3350 2483 urbis;
3376 2416 3569 2473 deinde
3611 2417 3850 2492 adjungit

2280 2510 2494 2571 portum
2529 2501 2688 2555 slium
2723 2503 3074 2557 construxisse
3109 2504 3164 2556 in
3203 2506 3465 2560 contrario
3510 2507 3844 2573 continente,

2282 2586 2336 2639 in
2377 2586 2504 2641 locis
2545 2589 2785 2660 Eutropii
2827 2589 3105 2643 nominetis
3121 2628 3138 2655 ,
3177 2606 3285 2645 non
3319 2590 3474 2664 longe
3513 2594 3732 2650 remotis
3777 2594 3848 2651 sb

2282 2673 2488 2731 nereo.
2562 2676 2644 2731 Ex
2671 2676 2860 2750 quibus
2886 2686 3027 2748 petet
3053 2687 3270 2750 portum
3299 2678 3535 2755 Eutropii
3557 2700 3668 2737 esse
3693 2684 3844 2739 Chat-

2280 2760 2496 2817 cedonis
2522 2774 2736 2838 portum
2777 2775 3096 2843 spectantem
3125 2766 3192 2821 sd
3221 2766 3342 2823 solis
3369 2780 3566 2837 ortum,
3599 2784 3840 2845 portum·

2278 2866 2384 2922 que
2410 2852 2656 2907 Hereum
2683 2850 2828 2907 illum
2847 2869 3002 2924 quem
3031 2871 3174 2907 nunc
3197 2867 3384 2911 vocent
3409 2857 3600 2911 molem
3626 2860 3844 2915 Josnnis

2278 2936 2554 2992 Calamoti.
2629 2939 2834 2993 Horum
2851 2938 3130 2994 amborum
3151 2952 3404 3014 portuum
3429 2960 3592 3015 usque
3619 2942 3688 2999 sd
3709 2944 3846 3001 hsnc

2274 3022 2416 3077 diem
2451 3023 2672 3079 molium
2715 3036 2766 3078 et
2809 3024 3148 3081 brachiorum
3189 3029 3396 3099 vestigis
3436 3040 3616 3085 extant
3657 3050 3846 3105 magns

618 3138 703 3173 vas
740 3121 879 3174 eires
916 3138 1088 3185 mere,
1119 3118 1264 3190 quod
1312 3122 1455 3173 intus
1492 3116 1741 3173 recedens
1775 3135 1949 3172 smum
1998 3117 2181 3184 efficit,
2273 3110 2490 3183 quidem
2510 3122 2740 3186 exparte
2761 3110 2962 3181 diruta,
2987 3113 3080 3168 sed
3100 3132 3217 3187 quoe
3241 3116 3543 3172 nonnullam
3561 3120 3840 3175 stationem

612 3224 773 3279 quem
805 3208 1013 3261 intuens
1034 3216 1185 3279 putat
1207 3204 1531 3279 profundum
1570 3223 1710 3272 esse,
1751 3223 1873 3259 cum
1900 3222 2081 3257 revera
2116 3205 2183 3258 sit

618 3308 833 3363 prorsus
861 3290 1143 3345 fruticosus
1166 3301 1217 3345 et
1246 3289 1500 3344 herbosus
1523 3299 1576 3344 et
1603 3290 1819 3343 minime
1841 3288 2135 3361 profundus
2163 3305 2177 3342 ε

618 3393 739 3431 nam
784 3394 847 3430 co
890 3377 980 3448 qui
1022 3392 1177 3430 nsves
1210 3374 1578 3439 adduxerunt,
1617 3384 1859 3448 putantes
1896 3376 2179 3447 protectio·

620 3478 737 3513 nem
768 3460 1011 3513 naturalis
1042 3471 1255 3533 portus,
1286 3462 1341 3516 in
1376 3477 1603 3533 praesens
1634 3460 1937 3514 inciderunt
1976 3460 2178 3531 pericu·

610 3548 743 3602 lum.
771 3550 851 3601 Ex
868 3548 949 3601 his
970 3550 1334 3603 Demosthenis
1357 3548 1591 3602 versibus
1608 3548 1929 3622 percipimus
1950 3537 2178 3619 Ἥραιον

615 3654 725 3691 csse
752 3640 1173 3709 promontorium
1196 3677 1213 3703 ,
1238 3636 1383 3710 quod
1410 3636 1568 3691 hodie
1608 3648 1795 3691 vocant
1814 3654 1989 3691 acram
2020 3638 2179 3691 Josn·

620 3727 699 3779 nis
724 3725 981 3779 Cslsmoti
1014 3736 1055 3790 ¹,
1083 3735 1137 3778 et
1162 3727 1335 3779 sinum
1354 3766 1370 3793 ,
1398 3743 1553 3797 quem
1580 3726 1959 3779 Demosthenes
1982 3723 2178 3779 descri-

620 3814 725 3879 bit,
754 3831 865 3868 esse
884 3813 1051 3878 illum,
1072 3830 1231 3885 quem
1255 3812 1323 3867 sb
1352 3812 1623 3867 occidente
1650 3810 1845 3867 claudit
1869 3822 2177 3885 promonto-

614 3901 775 3964 rium,
801 3900 856 3953 in
884 3917 993 3971 quo
1018 3898 1118 3954 suit
1139 3898 1435 3953 Chalcedon
1454 3938 1469 3966 ,
1501 3909 1554 3953 et
1576 3900 2001 3971 promontorium
2024 3902 2177 3953 Joan·

618 3986 699 4040 nis
726 3984 982 4040 Calsmoti
1002 3986 1165 4057 cingit
1190 3984 1258 4039 sb
1284 3986 1513 4051 oriente,
1550 3984 1699 4057 cujus
1728 3985 1923 4041 ostium
1952 3994 2093 4057 patet
2124 3985 2177 4039 in

614 4070 943 4129 latitudinem
1004 4083 1127 4126 octo
1178 4072 1385 4127 circiter
1424 4070 1733 4125 stadiorum.
1828 4072 1996 4127 Totus
2058 4089 2179 4126 vero

604 4156 843 4230 ejusdem
886 4158 1117 4215 ambitus
1156 4158 1523 4231 complectitur
1558 4157 1675 4231 plus
1728 4157 1902 4213 minus
1950 4160 2181 4230 quinque

608 4246 862 4312 miliarum
918 4265 1208 4302 cannarum
1252 4245 1397 4301 silvis
1442 4246 1723 4321 herbisque
1776 4246 2021 4319 frequens
2070 4244 2181 4319 ejus

608 4352 701 4389 ors
722 4324 959 4389 ce'rnitur
988 4350 1003 4389 :
1032 4332 1177 4389 unde
1216 4353 1413 4390 nomen
1450 4337 1705 4409 templum
1741 4336 2044 4409 proximum
2071 4333 2178 4391 divi

606 4422 825 4477 Jonnnis
866 4421 1227 4495 chrysostomi
1266 4422 1521 4477 Calsmoti
1566 4422 1787 4477 invenit.
1884 4422 1987 4475 Hic
2038 4422 2179 4475 sinus

684 4688 705 4725 ι
718 4712 732 4724 .
753 4677 897 4727 Act-a
914 4671 1135 4725 Ioannis
1156 4668 1438 4743 ΟιΙσηιοιί]
1462 4674 1623 4725 Ferm-
1640 4668 2031 4737 Baga-dhclaeessi
2054 4668 2175 4723 bou-

604 4769 758 4806 mun.
794 4752 817 4822 ΙΙ
858 4781 933 4794 -
958 4766 1011 4805 α.
1057 4750 1273 4805 Hierion
1306 4749 1415 4804 sive
1456 4748 1732 4820 Hier-iam]
1776 4748 2068 4821 Procopius
2096 4752 2175 4803 De

610 4828 749 4887 aedit'.
788 4848 835 4897 1,
864 4830 916 4896 3,
950 4849 1004 4903 p.
1038 4828 1170 4897 185,
1205 4847 1264 4885 ιι
1292 4846 1307 4885 2
1339 4829 1440 4883 Κάν
1468 4836 1540 4904 τῷ
1573 4827 1793 4901 Ἡραίῳ,
1825 4832 1945 4899 ὅπερ
1976 4828 2172 4901 Ἱερεῗον

608 4909 819 4964 ιαλοῦσι
847 4914 1015 4975 τανῦν,
1046 4913 1110 4982 τῇ
1134 4910 1349 4983 θιοτόιιῳ
1369 4910 1492 4964 νεὼν
1518 4908 1607 4963 οὒκ
1632 4908 1921 4979 ιῦδιήγητον
1946 4908 2176 4976 κατεστή-

606 5007 747 5043 σατο.
780 4988 933 5043 Idem
962 5006 1011 5055 1',
1049 5006 1106 5044 ιι
1138 5006 1194 5061 p.
1224 5006 1349 5059 207,
1380 4989 1409 5043 5
1434 5006 1449 5043 2
1481 4989 1574 5043 Καὶ
1599 4988 1819 5061 βασίλεια
1841 4988 1893 5043 δὲ
1927 4986 2173 5059 ἀλλαχόθι

606 5068 1025 5139 δεδημιούργηκεν
1068 5068 1213 5131 αὖτδς
1242 5069 1597 5139 καινουργῆσας
1636 5066 1689 5121 ἔν
1726 5088 1777 5123 τε
1814 5074 1885 5139 τῷ
1916 5065 2104 5138 Ἡραίῳ
2142 5069 2171 5120 ὃ

606 5148 689 5198 νῦν
724 5146 746 5217 [
767 5142 969 5215 Ἱερεΐον
998 5144 1174 5217 suppl.
1200 5144 1427 5217 Dinds.]
1450 5146 1790 5215 ὀνομάζουσιν,
1816 5144 1907 5197 κάν
1934 5143 2173 5198 Ἰουκουν-

604 5223 793 5286 aava&
833 5222 1225 5297 καλουμέναις...
1262 5222 1507 5279 Ἐνταῦθα
1544 5224 1599 5277 δὲ
1636 5224 1719 5277 καὶ
1747 5223 1960 5295 λιμένων
1999 5226 2173 5288 σκέπας

604 5300 1011 5375 ἀποτετόρνευται
1041 5302 1100 5356 οὗ
1128 5305 1363 5377 πρότερον
1396 5304 1453 5359 δν
1467 5323 1479 5336 ·
1514 5300 1665 5371 ἀκτὴν
1691 5303 1786 5377 γὰρ
1830 5302 1981 5375 εὑρὼν
2012 5302 2173 5358 tmi-

602 5384 725 5453 ρωθι
750 5384 855 5445 τοῖς
886 5402 939 5436 τι
969 5380 1167 5455 ἀνέμοις
1192 5382 1278 5438 καὶ
1298 5386 1495 5457 ταραχῇ
1521 5386 1607 5437 τοῦ
1632 5382 1795 5455 ῥοθίου
1822 5382 2164 5455 ἀποκειμένην,

826 5488 995 5523 8206!-
1018 5489 1066 5524 ΙΙ.

2270 3196 2490 3252 nsvibus
2516 3196 2952 3255 accommodent:
2985 3200 3310 3273 reliquorum
3338 3220 3464 3258 vero
3486 3202 3832 3261 aediiiciorum

2271 3285 2484 3355 vestigia
2515 3284 2754 3340 funditus
2779 3284 2947 3342 deleta
2966 3298 3120 3355 sunt,
3149 3292 3379 3362 exceptis
3405 3290 3690 3361 perietibus
3715 3290 3842 3347 aedis

2268 3388 2428 3425 sacra
2443 3409 2460 3436 ,
2490 3382 2542 3425 et
2559 3372 2784 3426 cisterna
2815 3374 3068 3437 maxims,
3099 3372 3334 3445 undique
3369 3374 3603 3430 lateritiis
3628 3380 3841 3451 parieti·

2270 3457 2370 3512 bus
2396 3459 2594 3521 cincta,
2627 3457 2722 3513 sed
2747 3458 2964 3533 spoliate
2991 3470 3129 3515 tecto
3163 3460 3480 3517 testudinsto
3504 3474 3558 3517 et
3580 3464 3840 3519 columnis

2268 3542 2584 3599 testudinem
2615 3544 2990 3599 sustinentibus
3007 3586 3022 3611 ,
3057 3546 3126 3600 de
3153 3564 3258 3619 qua
3283 3548 3540 3621 Georgius
3567 3548 3839 3605 Cedrenus

2265 3636 2339 3689 its
2365 3634 2550 3689 scribit
2575 3650 2590 3690 ι
2619 3659 2643 3685 ι
2665 3634 3005 3691 Macedonius
3031 3656 3122 3691 rex
3163 3637 3353 3711 palatis
3377 3638 3431 3693 in
3461 3640 3658 3695 Heraeis
3688 3658 3839 3696 exor-

2270 3725 2412 3779 navit
2427 3763 2444 3791 ,
2469 3734 2523 3779 et
2545 3724 2822 3779 cisternam
2855 3727 3192 3799 expurgavit,
3219 3745 3377 3799 quam
3397 3728 3670 3783 Heraclius
3697 3740 3838 3785 terra

2264 3812 2530 3877 obrueret,
2553 3812 2608 3866 in
2621 3812 2944 3885 hortumque
2966 3813 3237 3886 redegerat
3253 3814 3482 3871 oleribus
3499 3818 3774 3871 consitum.
3807 3844 3829 3865 ι

2264 3896 2413 3952 Idem
2429 3896 2586 3971 psulo
2597 3897 2730 3977 infra
2747 3900 2846 3954 sit:
2872 3924 2895 3948 ι
2912 3902 3018 3953 Rex
3041 3902 3310 3956 Heraclius
3323 3902 3412 3956 ubi
3431 3902 3514 3957 sui
3532 3900 3637 3957 diei
3654 3903 3836 3957 natalis

2264 3984 2521 4040 rationem
2562 4003 2592 4039 n
2639 3986 2901 4058 Stephano
2950 3986 3267 4060 philosopho
3303 3987 3602 4057 didicisset,
3643 3991 3834 4061 praedi-

2264 4083 2414 4127 cente
2453 4072 2756 4128 Heraclium
2792 4092 2856 4127 ex
2891 4090 3026 4145 equs
3056 4076 3421 4142 interiturum,
3452 4094 3576 4131 cum
3613 4076 3738 4131 sliss
3763 4078 3836 4131 ci-

2266 4172 2464 4216 sternas
2504 4161 2685 4217 obruit
2705 4204 2720 4225 ,
2765 4172 2880 4217 tum
2921 4161 3060 4216 illsm
3109 4164 3263 4217 sitam
3309 4165 3364 4218 in
3402 4164 3599 4219 Heroeis
3615 4204 3631 4229 ,
3673 4182 3832 4236 quam

2268 4248 2612 4303 Macedonius
2633 4249 2995 4322 perpurgsvit,
3021 4248 3292 4322 regiasque
3324 4250 3461 4305 edes
3489 4251 3544 4304 in
3562 4252 3829 4324 antiquam

2265 4332 2492 4391 formam
2532 4336 2781 4400 restituit,
2832 4344 2884 4389 et
2927 4351 3027 4408 pro
3069 4336 3225 4391 horto
3268 4336 3322 4391 in
3367 4336 3590 4391 cisterna
3630 4340 3833 4393 consito

2268 4422 2614 4495 Nymphaeum
2635 4440 2771 4495 equs
2789 4420 2961 4477 lucida
2983 4422 3258 4477 abundans
3284 4424 3510 4481 induxit.
3534 4422 3556 4461 ³
3591 4450 3613 4471 ι

2264 4668 2506 4741 σωτήριον
2527 4666 2658 4723 εἶναι
2681 4671 2784 4731 τοῖς
2805 4668 3002 4723 πλέουσι
3022 4668 3354 4736 κατεστήσατο
3369 4664 3486 4735 ὧδε,
3513 4668 3625 4724 κτλ.
3651 4670 3823 4724 Heraei

2266 4750 2554 4821 Procopius
2581 4748 2737 4801 etism
2766 4748 2818 4801 in
2853 4747 2987 4800 Hist.
3020 4750 3213 4801 Arcen.
3245 4764 3293 4799 c.
3331 4748 3390 4800 15
3435 4748 3695 4802 meminit.
3735 4750 3822 4801 Se-

2262 4830 2418 4882 rioris
2459 4828 2554 4881 aevi
2593 4829 2906 4899 scriptorum
2939 4826 3341 4899 Byzantinorum
3357 4867 3372 4893 ,
3407 4828 3498 4898 qui
3551 4824 3743 4900 Ἷίρειον
3780 4844 3823 4881 s.

2269 4906 2467 4979 Ἰίρειαν
2511 4906 2590 4961 vel
2635 4905 2804 4979 Ἦρίαν
2849 4916 3294 4973 commemorant,
3345 4906 3485 4960 locos
3509 4917 3589 4961 sat
3633 4906 3826 4961 multos

2260 4989 2519 5059 congessit
2548 4988 2848 5057 Ducsngius
2877 4986 2932 5040 in
2963 4988 3146 5040 Const.
3181 4986 3373 5041 Christ.
3395 4985 3434 5039 l.
3469 4990 3532 5052 4,
3563 4986 3660 5055 175
3681 5003 3762 5058 sq.
3796 4988 3816 5055 ΙΙ

2258 5096 2334 5107 -
2353 5066 2404 5120 3.
2427 5064 2584 5137 Gyllii
2601 5062 2668 5118 de
2679 5066 2846 5119 Hera-i
2871 5065 2972 5117 situ
3001 5064 3310 5118 sententiam
3325 5064 3651 5135 impugnavit
3663 5065 3827 5117 Ham-

2260 5143 2485 5198 merusl.
2511 5143 2547 5199 l.
2578 5160 2635 5215 p.
2669 5143 2769 5213 349
2798 5160 2876 5213 sq.
2907 5141 3112 5197 Scilicet
3130 5146 3292 5195 Fener
3315 5141 3664 5210 Baglodchesss'
3686 5146 3824 5195 Bou-

2261 5242 2390 5277 mun
2409 5241 2517 5277 non
2545 5222 2792 5277 Heraeum
2814 5239 3011 5295 prom„
3035 5232 3092 5275 ut
3110 5222 3310 5294 Gyllius
3334 5222 3532 5286 statuit,
3564 5221 3654 5275 sed
3683 5221 3828 5276 Acri-

2258 5314 2366 5357 tam
2396 5301 2818 5375 promontorium
2842 5318 2952 5355 esse
2976 5298 3266 5355 contendit.
3287 5301 3351 5354 At
3366 5300 3468 5355 hoc
3495 5298 3825 5353 falsissimum

2258 5400 2370 5437 esse
2410 5400 2440 5435 e
2483 5382 2720 5453 Menippi
2761 5390 2813 5434 et
2855 5377 3176 5435 Artemidori
3222 5389 3272 5433 ct
3311 5378 3499 5433 tsbulae
3551 5380 3824 5447 Peutinge·

2639 5471 2648 5479 ¹
3589 5476 3617 5519 ‘1
