4584 6284
1752 563 2111 625 ANAPLUS
2152 561 2480 625 BOSPOBI
2518 564 2848 627 Tnnscll.

3793 580 3887 633 tot

682 697 875 771 templo
922 696 1199 769 Apollinis.
1278 697 1361 750 Ex
1396 695 1672 751 antedictis
1698 696 1893 768 liquet,
1922 712 2079 768 quam
2114 702 2253 747 erret
2349 705 2530 768 ptuosa
2555 698 2756 770 antiqui
2781 701 3100 767 monasterii,
3129 694 3222 755 ubi
3238 701 3464 775 amplius
3489 702 3782 774 quingenta·
3801 700 3899 758 fc:-

680 784 909 850 Plinius,
938 784 1035 857 qui
1061 783 1195 839 dum
1220 792 1501 837 enumerat
1537 780 1730 836 insulas
1760 779 2097 853 Propontidis
2128 778 2259 833 dicit
2349 782 2502 837 minae
2539 784 2712 839 vivere
2745 785 2994 841 solebant.
3070 790 3264 845 Contra
3290 790 3662 845 monasterium
3699 792 3798 845 sita
3820 803 3900 848 est

684 872 1043 926 Demonesum
1088 869 1315 927 insulam
1345 870 1502 925 sitam
1547 885 1659 923 esse
1698 878 1817 923 aute
1854 864 2214 922 Nicomediam
2237 904 2253 930 ,

676 974 797 1011 cum
822 958 967 1012 nulla
994 956 1167 1011 insula
1198 955 1389 1009 existat
1414 956 1470 1010 in
1499 956 1623 1010 sinu
1652 954 1971 1010 Nicomedia
2000 954 2129 1009 olim
2163 971 2254 1027 ap·

676 1043 867 1117 pellato
897 1048 1175 1099 Astaceno.
1250 1042 1457 1097 Verum
1484 1052 1545 1097 ut
1570 1040 1760 1097 elarius
1786 1040 2129 1116 perspiciatur
2150 1042 2254 1095 De-

682 1150 931 1189 monesus
978 1130 1167 1185 eadem
1206 1128 1375 1184 insula
1414 1148 1525 1185 esse
1566 1146 1683 1201 qun
1723 1128 1995 1194 Chaleitis,
2022 1139 2082 1183 ut
2114 1146 2255 1183 nunc

679 1232 805 1277 suut
836 1218 1115 1277 ostendam
1136 1218 1356 1289 vestigia
1392 1216 1738 1284 metallorum,
1772 1227 1827 1271 et
1852 1217 2011 1271 situm
2040 1216 2249 1291 insule,

680 1325 800 1380 quse
831 1307 1003 1362 trihus
1045 1304 1325 1360 verticibus
1364 1322 1457 1359 seu
1484 1304 1705 1359 collibus
1730 1302 2029 1358 intumescit
2058 1319 2074 1357 z
2114 1318 2251 1358 unus

685 1394 853 1465 vergit
892 1390 961 1447 ad
1006 1392 1353 1464 aquilonem,.
1379 1389 1509 1446 alter
1542 1388 1609 1445 ad
1651 1408 1894 1445 oceasum
1910 1428 1928 1456 ,
1960 1389 2149 1444 tertius
2185 1385 2250 1442 ad

683 1480 962 1536 orientem.
1034 1477 1225 1533 Insula
1253 1476 1385 1533 latus
1423 1474 1771 1531 meridianum
1819 1486 1898 1530 est
1932 1492 2163 1548 preceps
2202 1484 2253 1529 et

686 1566 967 1639 abruptum
1016 1566 1069 1617 in
1096 1580 1277 1637 rupes,
1308 1572 1525 1635 excepto
1558 1563 1705 1627 sinu,
1732 1560 2041 1617 admittente
2085 1579 2251 1615 reces-

687 1670 805 1707 sum
836 1651 991 1706 maris
1008 1660 1336 1723 portuosum,
1371 1666 1587 1722 quoquo
1615 1666 1791 1703 versus
1808 1657 2071 1721 patentem
2094 1649 2251 1721 paulo

690 1740 807 1812 plus
828 1738 1027 1805 stadio,
1057 1748 1229 1792 tutum
1255 1736 1325 1791 ab
1350 1736 1495 1791 omni
1520 1744 1710 1801 vento,
1752 1735 1958 1809 excipio
1987 1742 2245 1790 austrum.

687 1829 836 1881 Circa
862 1826 1001 1881 hunc
1022 1825 1191 1879 sinum
1210 1824 1439 1878 existunt
1458 1840 1667 1895 aggeres
1686 1822 1976 1887 scrobium,
2000 1820 2143 1895 pleni
2164 1838 2250 1875 ru·

684 1912 895 1968 deribus
920 1910 1147 1967 eculeis
1164 1952 1179 1978 ,
1205 1908 1408 1983 rejectis
1428 1928 1495 1965 ex
1520 1908 1799 1964 effossione
1825 1909 1940 1961 eris
1962 1918 2015 1961 et
2032 1907 2247 1980 chryso·

683 2002 825 2056 colle
845 2010 897 2057 et
928 2000 1155 2067 caerulei3
1198 2010 1353 2071 atque
1384 2000 1522 2053 inter
1550 1998 1661 2070 ipsa
1688 1994 1883 2051 rudera
1919 1994 2103 2067 collegi
2137 1997 2250 2049 exi·

684 2089 847 2142 mium
870 2086 1147 2142 ceruleum
1174 2096 1227 2140 et
1268 2084 1561 2140 absolutam
1594 2081 1989 2157 chrysocollam.
2080 2080 2242 2151 Quod

680 2175 724 2228 si
748 2172 935 2228 vadum
968 2174 1126 2228 maris
1154 2172 1227 2227 ibi
1246 2170 1587 2237 effoderetur,
1613 2172 1725 2225 sine
1750 2169 2079 2225 dubitatione
2106 2171 2250 2222 inve·

680 2262 883 2315 nitetur
909 2276 1098 2315 aurum
1127 2258 1255 2315 illud
1278 2259 1347 2314 ab
1368 2258 1647 2315 Aristotele
1674 2256 1969 2314 laudatum.
2025 2261 2251 2329 Aggeres

680 2348 945 2404 scrobium
987 2358 1113 2402 sunt
1152 2347 1211 2401 in
1245 2343 1511 2401 radicibus
1545 2344 1689 2398 vallis
1729 2361 1888 2416 supra
1926 2343 2101 2397 sinum
2142 2344 2249 2411 jam

682 2434 885 2488 dictum
912 2434 1222 2497 eminentis,
1268 2442 1321 2486 et
1345 2432 1565 2486 secantis
1598 2428 1821 2484 insulam
1853 2448 1885 2483 a
1927 2430 2056 2481 mari
2092 2430 2248 2483 meri·

686 2521 847 2576 diano
872 2521 939 2576 ad
970 2538 1113 2575 mare
1136 2518 1535 2593 septentrionale
1553 2556 1569 2583 ,
1608 2515 1755 2587 cujus
1782 2516 1997 2588 quidem
2027 2516 2171 2570 vallis
2196 2516 2249 2569 iu

688 2620 833 2681 parte
862 2608 1033 2663 media
1056 2607 1187 2663 elata
1213 2608 1266 2660 iu
1292 2605 1481 2677 jugum
1510 2604 1689 2659 insulae
1714 2614 1793 2675 est
1816 2604 2143 2659 domicilium
2170 2622 2255 2657 so-

690 2697 979 2750 litariorum
1008 2694 1267 2749 sodalium
1307 2692 1621 2747 Graecauicae
1644 2689 1937 2761 religionis,
1966 2690 2057 2744 ubi
2090 2692 2253 2763 Nym·

691 2781 835 2854 plnaea
864 2798 1053 2853 magna
1076 2780 1283 2851 signino
1304 2796 1463 2850 opere
1488 2776 1779 2843 elaborata,
1809 2774 1959 2849 plena
1976 2775 2093 2848 jugi
2120 2794 2255 2849 aqua

691 2880 935 2924 manante
975 2886 1039 2923 ex
1077 2869 1270 2923 vertice
1298 2868 1589 2939 pertinente
1616 2862 1681 2919 ad
1724 2867 2002 2919 orientem.
2078 2864 2251 2919 Littus

686 2958 891 3010 intuens
932 2954 1055 3009 solis
1087 2964 1265 3008 ortum
1296 2952 1454 3007 habet
1482 2952 1657 3006 vicum
1702 2961 2063 3023 nuncupatum
2086 2968 2117 3005 a
2156 2969 2253 3005 no·

682 3042 823 3097 mine
850 3040 1061 3108 insulae3
1090 3040 1192 3095 sub
1218 3040 1333 3093 nico
1364 3038 1521 3092 statio
1548 3038 1898 3109 navigiorum.

1078 3178 1201 3231 XV.
1248 3179 1323 3229 De
1352 3174 1526 3229 insula
1556 3172 1847 3247 Principis.

750 3304 925 3359 Insula
944 3302 1226 3375 Pfincipis‚
1257 3299 1456 3353 distans
1482 3317 1513 3353 a
1540 3298 1831 3352 Chalcitide
1858 3298 2069 3352 circiter
2093 3298 2249 3370 quin-

686 3409 789 3462 que
808 3388 971 3444 stadia
989 3429 1004 3453 ,
1034 3388 1305 3441 nominata
1330 3396 1409 3440 ast
1430 3403 1461 3439 a
1488 3383 1749 3455 frequenti
1774 3383 2097 3437 habitatione
2120 3384 2249 3438 iilia-

686 3494 804 3530 rum
830 3475 1121 3547 principum
1138 3512 1155 3539 ,
1182 3471 1530 3541 virginitatem
1558 3469 1841 3523 solitariam
1864 3468 2243 3541 profitentium.

686 3563 939 3633 Georgius
966 3559 1233 3614 Cadmum
1255 3559 1328 3612 ait
1348 3558 1638 3621 Iustinum,
1665 3566 1909 3629 nepotem
1941 3556 2244 3621 Justiniani,

686 3650 960 3705 edificasse
985 3648 1261 3702 solitariam
1288 3646 1445 3700 vitam
1469 3644 1735 3716 agentium
1758 3642 2087 3698 domicilium
2102 3683 2118 3709 ,
2150 3662 2247 3697 no-

686 3741 937 3794 minatum
980 3738 1237 3809 Principis
1284 3734 1650 3789 suburbanum
1700 3731 2244 3805 Constantinopoleos.

686 3831 905 3883 Zonaras
941 3825 1121 3879 scribit
1153 3822 1513 3895 Nicephorum
1550 3824 1739 3875 Irenen
1786 3820 1993 3874 exulem
2038 3819 2249 3891 ejecisse

687 3915 739 3970 in
768 3914 983 3968 insulam
1009 3912 1265 3984 Principis
1288 3909 1617 3983 appellatam,
1652 3908 1705 3960 in
1734 3925 1837 3979 qua
1872 3908 2247 3962 monasterium

688 4006 795 4076 ipsa
816 4001 1186 4066 aedificaverat,
1212 3996 1355 4054 uude
1383 3998 1601 4051 sortasse
1646 3996 1815 4050 insula
1855 3994 2108 4067 appellata
2146 3996 2247 4049 suit

685 4090 953 4161 Principis.
975 4089 1159 4157 Longe
1174 4083 1399 4139 dimidio
1419 4084 1587 4156 major
1599 4085 1773 4137 existit
1792 4102 1951 4155 quam
1975 4083 2240 4149 Chalcitis,

686 4195 863 4231 omnes
881 4172 1169 4230 antedictas
1194 4172 1388 4227 insulas
1413 4170 1689 4227 altitudine
1712 4182 1923 4244 superat
1944 4183 2035 4225 aut
2056 4182 2244 4244 mquat.

684 4266 769 4321 Ab
792 4266 989 4320 oriente
1018 4263 1199 4319 estivo
1218 4262 1391 4315 vicum
1420 4259 1579 4315 habet
1616 4261 1943 4314 nominatum
1970 4260 2245 4331 Principis,

684 4354 839 4408 situm
864 4354 917 4406 in
943 4350 1157 4424 planitie
1178 4350 1404 4405 littorea.
1478 4352 1543 4403 In
1580 4347 1694 4420 ejus
1721 4348 1895 4403 littore
1924 4348 2155 4419 vergenti
2182 4346 2249 4400 ad

2347 872 2512 927 insula
2560 872 2744 945 exigua
2759 913 2776 940 ,
2821 893 2984 947 parvo
3031 877 3296 933 intervallo
3343 876 3543 935 distans
3557 920 3576 947 ,
3635 882 3900 937 nominata

2345 961 2694 1017 Anterovitos.
2778 959 2910 1017 Inde
2953 962 3010 1018 in
3047 962 3230 1019 eodem
3276 964 3448 1019 littore
3479 968 3717 1039 sequitur
3753 969 3898 1023 vicus

2345 1047 2643 1101 nominatus
2664 1050 2862 1121 Ωιι-3ος
2890 1066 3048 1123 supra
3067 1050 3244 1105 vicum
3269 1050 3478 1106 modice
3501 1054 3694 1107 eminet
3708 1052 3896 1126 jugum

2344 1144 2668 1190 contractum
2713 1137 2768 1191 in
2809 1134 2990 1191 vallem
3005 1178 3020 1203 ,
3063 1138 3284 1192 cinctam
3328 1136 3542 1193 duobus
3587 1142 3894 1207 verticibus,

2343 1240 2460 1295 quae
2481 1233 2616 1277 secat
2635 1222 2862 1280 mediam
2893 1224 3110 1280 insulam
3137 1223 3205 1280 ab
3227 1236 3349 1282 ortu
3370 1225 3440 1281 ad
3469 1245 3734 1286 occasum.
3805 1232 3899 1285 ln-

2341 1308 2464 1363 sula:
2489 1308 2630 1363 littus
2669 1310 2878 1365 intuens
2905 1310 3174 1367 meridiem
3199 1312 3420 1385 rupibus
3450 1312 3894 1381 circumvallatum

2341 1397 2481 1452 littus
2505 1415 2626 1451 vero
2652 1410 2890 1471 spectans
2909 1396 2978 1453 ad
2997 1399 3118 1454 solis
3143 1418 3405 1466 occasum,
3431 1402 3726 1457 minoribus
3752 1404 3898 1475 rupi-

2341 1483 2441 1538 bus
2485 1484 2739 1556 cingiuar3
2771 1482 3000 1557 denique
3042 1485 3220 1541 insule
3257 1488 3504 1541 circuitus
3545 1506 3652 1543 non
3693 1490 3896 1545 excedit

2339 1572 2600 1642 sexaginta
2621 1570 2804 1625 stadia.
2879 1572 3050 1627 Habet
3070 1590 3100 1626 a
3135 1571 3352 1627 meridie
3381 1574 3604 1628 vicinam
3635 1573 3856 1629 insulam
3873 1618 3890 1639 ,

2339 1674 2496 1729 quam
2525 1667 2711 1711 vocant
2738 1655 2990 1725 Androm
3029 1657 3094 1712 ab
3127 1658 3328 1714 oriente
3353 1660 3700 1730 aequinoetiali
3738 1660 3896 1717 habet

2337 1741 2547 1797 alteram
2579 1742 2801 1797 insulam
2831 1744 3150 1799 nominatam
3186 1742 3294 1798 divi
3322 1742 3576 1810 Andreas,
3615 1745 3894 1802 distantem

2338 1828 2453 1900 plus
2479 1828 2652 1883 minus
2675 1828 2856 1883 decem
2882 1828 3126 1895 miliaria,
3149 1826 3385 1901 undique
3425 1828 3640 1885 excelsis
3675 1830 3896 1903 rupibus

2337 1924 2389 1967 et
2415 1915 2687 1986 pra-ruptis
2709 1914 2966 1969 munitam
2981 1955 2996 1981 ‚
3024 1925 3240 1987 excepto
3261 1914 3422 1969 latere
3439 1916 3784 1988 conspicienti
3811 1936 3896 1973 so·

2341 2000 2400 2053 lis
2421 2009 2626 2071 ortum,
2664 1998 2758 2055 ubi
2783 1998 3108 2055 domicilium
3149 1998 3409 2055 sodalium
3447 2011 3598 2056 secte
3631 2002 3893 2059 solitarie.

2340 2086 2604 2141 Dividitur
2627 2087 2740 2143 hee
2777 2086 2944 2141 insula
2975 2106 3008 2143 a
3050 2087 3338 2142 continenti
3367 2089 3500 2143 mari
3527 2087 3634 2145 lato
3670 2101 3898 2162 quatuor

2339 2172 2518 2227 stadia.
2593 2173 2754 2228 Paulo
2775 2171 2910 2227 ultra
2935 2171 3070 2228 hanc
3099 2170 3320 2227 insulam
3343 2175 3582 2246 pergenti
3617 2174 3684 2229 ad
3713 2176 3894 2231 sinum

2340 2265 2646 2315 Astacenum
2664 2259 2856 2313 eminet
2875 2258 3315 2331 promontorium,
3329 2257 3472 2333 quod
3493 2276 3656 2333 usque
3673 2260 3741 2315 ad
3761 2262 3896 2318 hanc

2339 2356 2540 2400 aetatem
2584 2344 2869 2419 appellatur
2911 2344 3115 2411 Aet-ita,
3159 2354 3217 2399 ut
3257 2342 3475 2400 vo'catur
3515 2364 3544 2400 a
3581 2347 3896 2417 Ptolemaeo,

2341 2429 2484 2503 quod
2505 2432 2782 2504 Menippus
2803 2430 2933 2485 dicit
2957 2429 3148 2485 distare
3169 2431 3236 2486 ab
3267 2430 3399 2486 urbe
3425 2431 3755 2489 Chalcedone
3793 2447 3897 2492 sta·

2341 2516 2428 2571 dia
2467 2518 2746 2587 sexaginta.
2821 2518 3018 2571 Omnes
3055 2514 3326 2572 antedictae
3366 2518 3548 2572 insulae
3590 2519 3825 2595 abrupte
3865 2540 3898 2579 a

2341 2604 2640 2658 continente
2671 2602 2934 2669 videntur,
2965 2618 3186 2675 quarum
3213 2612 3456 2675 quatuor,
3483 2606 3734 2663 nimirum
3763 2610 3894 2664 Pro-

2344 2699 2395 2744 ta
2411 2732 2426 2753 ,
2469 2689 2790 2760 Antigonus,
2821 2687 3062 2743 Chalcitis
3111 2699 3165 2743 et
3199 2690 3447 2762 Princeps
3488 2690 3684 2749 faciunt
3723 2695 3898 2750 sinum

2343 2794 2440 2831 suo
2463 2776 2617 2830 latere
2643 2784 2936 2846 vergentem
2965 2773 3032 2829 ad
3058 2774 3370 2845 aquilonem,
3401 2788 3462 2829 ut
3483 2778 3642 2834 Prota
3666 2790 3718 2834 et
3749 2782 3899 2835 Prin-

2343 2883 2462 2937 ceps
2481 2866 2586 2919 siut
2611 2865 2755 2919 sinus
2775 2880 2989 2927 cornua,
3013 2864 3301 2933 Antigonos
3323 2874 3376 2917 et
3393 2864 3641 2919 Chalcitis
3667 2866 3901 2923 efficiant

2345 2951 2588 3005 intimum
2613 2950 2760 3006 sinus
2787 2966 3066 3004 recessum.
3139 2948 3274 3004 Cum
3313 2950 3498 3023 aspicis
3520 2969 3586 3006 ex
3619 2954 3789 3007 Protae
3827 2954 3896 3008 la·

2345 3049 2454 3092 tere
2476 3046 2716 3108 vergente
2748 3034 2817 3090 ad
2852 3034 2974 3089 solis
2999 3044 3200 3101 ortum,
3233 3034 3460 3091 advertis
3500 3038 3673 3093 sinum
3703 3038 3899 3095 factum

2343 3142 2404 3178 ex
2445 3132 2672 3195 quatuor
2711 3121 2919 3187 insulis,
2959 3139 3056 3175 nec
3095 3119 3238 3175 vides
3278 3122 3489 3195 euripos
3519 3122 3898 3179 intercedentes

2343 3214 2478 3266 inter
2521 3210 2740 3275 insulas,
2787 3218 2848 3264 ut
2883 3212 2960 3265 rei
2999 3210 3208 3281 ignarus
3247 3221 3474 3283 quatuor
3508 3210 3699 3265 insulas
3738 3229 3897 3267 unam

2339 3298 2660 3371 eandemque
2704 3297 2925 3353 insulam
2963 3298 3278 3353 existimaret
3306 3308 3536 3371 quatuor
3570 3298 3788 3353 collibus
3815 3302 3898 3355 in·

2341 3396 2736 3449 tumescentem,
2761 3384 3096 3456 primumque
3121 3381 3302 3437 collem
3327 3394 3629 3438 numeraret
3654 3386 3893 3451 Pronum,

2337 3470 2626 3525 secundum
2652 3468 3022 3539 Antigoniam,
3063 3468 3278 3522 tertium
3303 3466 3612 3534 Chalcitim,
3648 3480 3896 3541 quartum

2339 3560 2652 3629 Principem.
2727 3556 2956 3627 Euripus
3004 3572 3247 3628 separans
3288 3554 3485 3609 insulas
3529 3571 3561 3608 a
3607 3556 3897 3611 continenti

2337 3656 2478 3721 patet
2513 3646 2567 3699 in
2601 3642 2930 3700 latitudinem
2955 3642 3110 3716 paulo
3149 3642 3372 3715 amplius
3409 3643 3675 3713 sexaginta
3701 3641 3898 3699 stadio-

2337 3752 2454 3787 rum
2550 3733 2676 3785 Hoec
2695 3729 2979 3802 adjungere
3001 3728 3140 3784 volui
3161 3726 3229 3782 de
3251 3728 3433 3783 insulis
3455 3727 3770 3783 suburbanis
3797 3732 3900 3802 By-

2337 3822 2492 3875 zantii
2509 3861 2524 3886 ,
2558 3817 2697 3872 velut
2721 3818 3152 3891 preparationem
3190 3812 3256 3869 ad
3280 3814 3471 3869 clarius
3497 3815 3893 3889 percipiendum

2337 3908 2493 3961 situm
2532 3904 2796 3978 Byzantii,
2837 3919 2994 3975 quem
3027 3920 3056 3955 e
3097 3902 3310 3972 vestigio
3351 3899 3664 3973 subjungere
3689 3904 3892 3973 cogito3

2337 3995 2558 4068 reliquas
2579 3989 2916 4066 Propontidis
2945 3990 3134 4045 insulas
3153 3990 3302 4061 longe
3325 3990 3391 4045 ab
3411 3988 3544 4045 urbe
3562 3990 3888 4058 remotiores,

2340 4096 2396 4138 ut
2429 4086 2852 4146 Proconnesum,
2891 4076 3207 4152 ophiusam,
3254 4076 3587 4145 Acanthum,
3623 4077 3891 4143 Phoeben.,

2336 4169 2606 4241 Scopelon‚
2633 4166 3070 4239 Porphyrionem,
3097 4163 3371 4229 Halonem,
3399 4162 3756 4237 Delphaciam,
3789 4166 3892 4219 Po-

2338 4258 2601 4331 lydoram,
2625 4254 2818 4309 Elam
2840 4263 2892 4307 et
2912 4249 3044 4306 duas
3071 4249 3416 4318 Rhodiussas,
3438 4260 3493 4305 et
3517 4262 3700 4305 contra
3723 4250 3895 4305 fauces

2341 4340 2610 4416 Rhyndaci
2635 4340 2918 4402 Besbicon,
2947 4335 3094 4410 cujus
3127 4338 3363 4392 meminit
3401 4335 3763 4403 Dioscorides,
3807 4355 3890 4390 re·-

684 4452 859 4498 ortum
913 4438 1323 4512 aequinoctialem
1367 4447 1669 4511 spectantur
1715 4436 2053 4490 fundamenta
2104 4452 2248 4489 sum·
2333 4433 2462 4504 jicio
2485 4432 2538 4485 in
2563 4447 2736 4484 meum
2759 4426 3014 4503 periplum
3035 4424 3370 4497 Propontidis
3395 4437 3450 4481 et
3477 4424 3817 4498 Hellesponti.
