4584 6284
1820 410 1924 471 DE
1959 408 2324 469 moNYslo
2365 407 2805 472 PERIEGETE.

3764 417 3910 492 xxxj

732 554 911 632 poeta
935 547 1232 630 loquitur.
1257 547 1419 607 Raro
1447 542 1716 624 neglexit
1740 540 2178 622 geographica,
2210 542 2281 603 ut
2370 537 2691 602 codicibus
2744 545 3002 621 apparet
3042 540 3154 623 qui
3200 541 3569 624 ampliorem
3614 541 3916 625 interpre-

728 656 817 699 vs.
849 637 1038 700 66-68
1086 633 1167 696 de
1197 630 1588 706 Atlantibus,
1615 647 1706 694 vs.
1735 632 1889 693 1148
1915 627 1994 691 de
2029 625 2280 692 Coliade

730 723 944 787 Indiae.
977 724 1050 785 In
1076 721 1267 784 breve
1297 718 1600 782 contraxit
1625 736 1712 780 vs.
1746 718 2004 780 670-679
2031 715 2111 778 de
2131 715 2283 796 Scy-

730 811 858 876 thia
907 816 972 872 et
1016 810 1360 872 1141-1163
1407 805 1484 868 de
1529 805 1732 868 Persis
1775 802 2158 886 Parthisque.
2209 805 2280 866 In

729 895 1006 978 Dionysii
1031 915 1124 958 vs.
1151 899 1190 960 6
1218 894 1368 974 legit
1394 892 1605 976 εὔκριτα
1623 938 1642 970 ,
1671 911 1758 956 vs.
1789 894 1906 956 109
1927 895 1986 952 ἐκ
2013 891 2058 950 δ’
2093 891 2275 972 ὀρέων,

730 1005 818 1052 vs.
848 989 968 1051 550
992 982 1285 1056 Ἆλωπικίη
1313 984 1390 1062 (1)
1427 999 1539 1062 pro
1569 978 1865 1061 ἄπιιρισίη,
1893 999 1979 1042 vs.
2013 982 2132 1044 570
2157 980 2280 1052 Nn-

727 1073 888 1135 ci3mv
919 1089 1038 1154 pro
1059 1070 1302 1149 νησίδων,
1320 1087 1404 1130 vs.
1432 1071 1546 1132 733
1567 1067 1616 1128 τ’
1637 1065 1852 1147 'An-uper.
1877 1085 1990 1150 pro
2010 1069 2062 1129 Τ
2063 1065 2276 1146 ἄπυροι,

729 1179 822 1223 vs.
855 1163 972 1224 937
1007 1157 1292 1230 Ἀσιήτιδος
1333 1172 1448 1236 pro
1493 1153 1776 1237 ὄφιήτιδος,
1804 1173 1890 1217 vs.
1923 1156 2080 1218 1030
2119 1152 2280 1233 αὖγδς

733 1265 850 1332 pro
882 1243 1043 1314 αὖτὶς
1060 1288 1079 1319 ,
1107 1261 1194 1306 vs.
1225 1244 1378 1306 1130
1401 1245 1643 1324 τρισσῇσι
1669 1260 1783 1324 pro
1826 1240 2126 1322 πισῦρισσι.
2165 1241 2282 1304 Ce-

733 1344 940 1398 terum
963 1331 1176 1398 Avieni
1205 1336 1268 1394 et
1291 1329 1590 1394 Prisciani
1617 1337 1935 1412 poemata,
1967 1347 2109 1412 quas
2137 1328 2281 1391 Dio-

735 1423 913 1505 nysio
943 1419 1348 1500 subiecimus,
1374 1415 1588 1498 paucis
1619 1418 1913 1500 exceptis,
1937 1417 2082 1480 talia
2103 1416 2280 1479 dedi-

731 1527 874 1574 mus
891 1557 908 1584 ,
961 1506 1168 1591 qualia
1229 1511 1372 1588 post
1430 1505 1930 1570 Wernsdoriium
2000 1504 2282 1569 exhibuit

733 1595 1158 1674 Bernhardyus
1188 1593 1294 1676 (2).

807 1682 1002 1748 Graeci
1033 1679 1370 1764 periegesis
1408 1679 1779 1761 interpretes
1827 1679 2192 1743 exstiterunt
2218 1685 2280 1742 et

732 1769 1094 1834 vetustiores
1115 1767 1372 1851 quidam
1387 1813 1406 1847 ‚
1429 1785 1698 1850 quorum
1719 1767 1964 1830 nonnisi
1983 1773 2279 1830 centones

727 1858 792 1936 in
841 1855 1166 1921 codicibus
1212 1855 1442 1919 nostris
1484 1861 1852 1937 supersunt,
1887 1862 1952 1918 et
1989 1853 2278 1918 citeriore

723 1964 854 2008 aevo
898 1942 1289 2017 Eustathius,
1349 1942 1529 2022 cujus
1577 1940 1644 2003 10
1696 1940 2058 2022 Dionysium
2109 1959 2280 2004 com-

728 2030 1064 2094 mentarios
1091 2027 1396 2092 habemus
1424 2025 1721 2108 integros.
1747 2029 2002 2092 Munere
2031 2047 2145 2092 suo
2186 2029 2276 2092 ilii

727 2118 810 2180 ita
864 2115 1383 2196 defungebantur,
1431 2121 1500 2177 ut
1545 2120 1690 2196 post
1748 2116 2136 2196 praemissam
2200 2115 2278 2180 de

727 2213 927 2288 poetas
954 2221 1224 2286 persona
1252 2201 1626 2284 scriptisque
1668 2204 1732 2264 et
1767 2200 1848 2264 de
1889 2202 2280 2284 periegeseos

727 2293 990 2357 consilio
1035 2289 1534 2354 dissertationem
1547 2335 1564 2366 ,
1604 2290 1878 2353 vinctum
1905 2297 2107 2374 poetas
2151 2310 2282 2356 ser-

731 2399 983 2444 monem
1001 2379 1068 2441 in
1087 2380 1358 2442 solutam
1371 2377 1724 2480 orationem
1739 2376 2074 2456 diluerent,
2099 2379 2282 2460 eique

731 2469 1094 2639 ξ’ἓζῗὲἳῖἓῖὲ
1123 2467 2284 2649 uiiffiinssissssiaiiiffississedisiff

725 2649 960 2706 rentur.
979 2641 1226 2706 Etenim
1244 2640 1486 2705 scholia
1501 2647 1564 2704 et
1575 2642 1982 2725 paraphrasin
2004 2643 2070 2706 in
2087 2663 2282 2708 unum

717 2731 900 2813 quasi
951 2747 1181 2812 corpus
1226 2730 1494 2792 conflata
1539 2727 1732 2792 fuisse
1776 2729 1960 2792 exiis
2007 2729 2282 2812 Dionysii

783 2893 851 2959 (1)
874 2895 935 2944 111
959 2894 1062 2945 not.
1091 2891 1312 2944 aleon.
1341 2905 1416 2944 ys.
1445 2898 1538 2944 550
1559 2891 1860 2944 monendum
1875 2894 1983 2944 erat
2001 2895 2280 2960 Alopeeiam

719 2963 930 3014 insulam
947 2961 1208 3014 memorari
1226 2961 1374 3013 etlam
1385 2961 1520 3026 apud
1543 2959 1751 3012 Plinium
1775 2965 1823 3023 4,
1846 2968 1926 3023 26,
1954 2967 2034 3024 67,
2064 2963 2152 3027 qui
2172 2977 2280 3016 eam

723 3047 820 3084 non
849 3032 914 3085 ad
930 3032 1107 3084 Tanais
1123 3032 1308 3084 ostium
1325 3031 1556 3093 collocat,
1590 3033 1650 3082 ut
1680 3031 1976 3084 Ptolemoeus
2007 3033 2126 3085 facit
2142 3073 2157 3096 ,
2192 3035 2282 3086 sed

719 3103 773 3152 iu
797 3103 903 3168 ipso
929 3103 1164 3168 Bospmo,
1197 3099 1613 3166 quemadmodum
1643 3101 1690 3152 is
1715 3115 1914 3166 quoque
1942 3101 2176 3155 statuisse
2201 3103 2282 3156 de·

724 3171 807 3224 bet
821 3171 908 3236 qui
923 3171 1220 3224 mentionem
1237 3172 1346 3236 ejus
1359 3170 1533 3222 inmte
1558 3171 1613 3222 in
1637 3171 1926 3234 Dionysium
1951 3171 2131 3224 intulit.

786 3241 852 3304 (2)
880 3259 908 3284 ι
939 3242 1124 3292 Praeter
1158 3238 1398 3289 Avienum
1424 3240 1476 3289 et
1509 3237 1809 3290 Priscianum
1835 3239 2103 3291 recentiore
2133 3243 2279 3293 etate

725 3309 812 3360 alii
831 3303 1118 3361 exstiterunt
1147 3307 1368 3371 Dionysii
1393 3307 1698 3372 interpretes,
1725 3307 1814 3372 qui
1839 3322 1992 3360 nom
2017 3310 2127 3374 elus
2161 3323 2274 3361 ver-

725 3378 1128 3431 sionescarmine
1162 3376 1669 3441 vetpmsaorattnne
1703 3377 2015 3430 adornarunt.
2053 3379 2278 3446 Ptinceps

723 3463 896 3500 eorum
926 3451 976 3500 et
1001 3447 1122 3499 satis
1153 3449 1381 3498 vetustus
1408 3447 2003 3511 estAntoniusBecbarla,
2025 3451 2274 3501 Veronen-

726 3520 813 3583 sis,
841 3519 928 3585 qui
957 3519 1176 3582 Dionysii
1207 3531 1381 3584 poema
1413 3517 1476 3570 de
1506 3519 1606 3570 situ
1637 3519 1769 3572 orbis
1800 3532 1947 3584 prosa
1975 3521 2192 3573 oratione
2211 3521 2280 3574 la·

727 3592 846 3656 t'na,
865 3589 955 3643 sed
988 3591 1110 3643 satis
1133 3590 1298 3656 inepte
1312 3588 1538 3655 pluribus
1562 3589 1752 3642 inloeis
1774 3589 2004 3654 reddidit,
2038 3595 2089 3642 et
2117 3605 2279 3656 neque

726 3663 916 3714 veteres
947 3659 1122 3712 Avieni
1155 3661 1208 3710 et
1239 3657 1474 3711 Prisciani
1513 3658 1934 3724 interpretationes
1987 3661 2248 3713 contulisse
2261 3701 2274 3724 ‚

727 3731 1064 3796 nequeipsum
1096 3731 1348 3780 auctorem
1371 3727 1658 3792 Dionysium
1691 3729 1812 3782 satis
1839 3733 2012 3782 notum
2044 3729 2278 3783 habuisse

727 3799 940 3852 videtur.
978 3799 1260 3851 primariam
1283 3797 1392 3862 eius
1407 3797 1734 3853 1111110011οώ
1765 3797 2026 3851 editionem
2059 3800 2278 3853 venetiis

735 3873 874 3933 1476,
915 3873 948 3921 4
979 3868 1620 3932 bahalim-admunt,
1661 3867 1918 3934 sedporro
1949 3869 2129 3920 editam
2169 3883 2280 3922 esse

733 3937 952 3990 venetiis
973 3941 1112 4002 1498,
1134 3941 1184 4002 4,
1200 3937 1397 3989 Parisiis
1425 3942 1563 3999 1501,
1594 3941 1625 3988 4
1649 3940 1701 3989 et
1733 3937 1934 3990 Basiieae
1955 3937 2090 4003 apud
2113 3939 2282 3990 Hem-i-

732 4022 846 4060 cum
879 4010 1078 4060 Petrum
1108 4010 1246 4069 1534,
1275 4011 1306 4058 4
1340 4009 1580 4058 memorat
1597 4006 1848 4059 Fabricius
1877 4008 2032 4072 (Bibl.
2067 4009 2198 4061 med.
2227 4012 2280 4061 et

728 4079 816 4130 inf.
841 4079 928 4129 lat.
958 4081 1081 4128 tom.
1123 4083 1166 4138 1,
1193 4091 1244 4142 p.
1279 4079 1423 4138 324).
1454 4076 1696 4127 Simonem
1721 4077 1994 4139 bmnium,
2031 4078 2278 4140 Rhoetum,

732 4145 946 4197 0011111110
1005 4145 1298 4208 Dionysium
1341 4145 1608 4196 reddidisse
1647 4145 1866 4196 venetiis
1916 4151 2031 4198 1543
2073 4149 2282 4199 testatur

729 4216 986 4274 simlernu
1019 4213 1166 4266 aliam
1211 4215 1486 4266 versionem
1537 4213 1792 4266 metricam
1837 4215 2052 4268 Andreas
2103 4217 2282 4282 Papius

728 4283 926 4336 deditin
943 4283 1058 4334 edit.
1076 4283 1415 4348 Antverpiensi
1451 4287 1586 4336 1576.
1624 4286 1786 4347 Atque
1809 4283 1894 4335 1110
1919 4285 1970 4336 in
1994 4285 2184 4351 proesat.
2218 4287 2282 4339 ad

729 4355 870 4406 Dion.
898 4353 1174 4404 versionem
1203 4353 1312 4418 elus
1345 4352 1409 4404 ab
1441 4353 1593 4404 Abele
1617 4351 1850 4404 matthaeo
1873 4355 1988 4405 ante
2019 4369 2073 4407 se
2106 4357 2282 4408 factam

729 4425 982 4484 memorat,
1011 4421 1429 4474 sedvebementer
1441 4422 1685 4488 exagitat3
1713 4425 1766 4474 et
1793 4423 1874 4474 ille
1889 4423 2108 4489 Dionysii
2135 4427 2284 4478 Perie-

731 4493 834 4560 gesi
849 4492 1064 4544 carmine
1083 4504 1242 4543 versoe
1253 4489 1500 4543 Eustatbii
1511 4493 1882 4543 commentarios
1900 4506 1933 4544 a
1957 4506 2010 4544 se
2025 4495 2285 4548 mutato·

733 4563 956 4628 adiunxit
982 4561 1176 4614 Parisiis
1211 4566 1348 4623 1556,
1380 4565 1424 4612 4.
1456 4561 1739 4613 versionem
1767 4561 1986 4627 Dionysii
2021 4567 2072 4616 et
2105 4567 2280 4616 Eusta-

733 4631 824 4684 tbii
849 4631 1116 4696 prosaicam
1148 4644 1180 4681 a
1207 4629 1488 4682 Bernhardo
1517 4629 1786 4682 Beth-ando
1812 4629 2068 4698 Rbeglensi
2105 4632 2283 4684 factam

739 4704 791 4753 et
811 4700 981 4751 eodem
1007 4713 1132 4752 anno
1166 4706 1284 4752 1556
1317 4700 1518 4752 Basileoe
1538 4701 1717 4752 editam
1745 4703 1986 4753 memorat
2011 4701 2279 4775 Fabricius.

738 4769 874 4823 Idem
897 4773 1164 4823 versionem
1189 4770 1388 4823 Joannis
1403 4772 1642 4824 carneriis
1665 4771 1716 4823 in
1737 4771 2031 4824 editionibus
2044 4773 2278 4837 Dionysii,

743 4843 930 4905 Proclo,
945 4842 1206 4904 cleomedi,
1235 4845 1384 4894 Arato
1401 4846 1452 4894 et
1471 4842 1714 4894 Prisciano
1734 4843 1912 4907 Junctl,
1927 4843 2282 4895 Basileensibus

737 4913 936 4976 reperin·
960 4913 1192 4972 affirmat,
1219 4925 1368 4977 quam
1391 4915 1554 4963 tamen
1571 4912 1622 4963 in
1646 4913 1869 4977 exe-plo
1893 4926 1970 4976 eo,
1999 4913 2136 4977 quod
2156 4927 2282 4964 anno

742 4985 854 5032 1561
887 4995 1122 5033 excusum
1149 4981 1254 5044 ipse
1267 4980 1438 5044 habeo,
1458 4982 1678 5034 camerti
1687 4981 1978 5046 adso-iptam
1992 4995 2091 5032 non
2107 4982 2277 5046 reperi.

736 5051 948 5102 Transeo
965 5049 1160 5102 Hem-ici
1174 5049 1402 5114 Stephani
1414 5050 1682 5102 versionem
1696 5051 1984 5116 prosaicam,
1999 5065 2150 5115 quam
2177 5053 2281 5114 ipse

739 5125 916 5191 aliique
943 5125 1160 5188 Dionysii
1177 5129 1308 5177 texto
1325 5127 1385 5177 ab
1401 5139 1454 5177 se
1467 5125 1599 5177 edito
1625 5125 1966 5189 adiunxerant.
1990 5145 2016 5172 υ
2048 5128 2282 5189 (Wram-

739 5207 886 5262 noar,
907 5197 1054 5248 Poet.
1085 5195 1180 5248 lar.
1201 5207 1344 5260 mm„
1359 5199 1475 5248 tom.
1497 5203 1542 5258 5,
1561 5211 1611 5261 p.
1633 5197 1762 5260 234.)

2367 625 2583 690 tationi
2624 626 2831 690 locum
2877 637 3356 704 concesserunt3
3414 648 3793 711 quamquam
3848 634 3911 698 in

2365 713 2465 777 his
2486 715 2572 778 ita
2588 733 2689 778 res
2706 713 2895 778 habet
2906 759 2923 790 ,
2941 721 3013 778 ut
3032 714 3353 794 diligentia
3370 716 3717 782 scribarum
3736 719 3913 788 initio

2368 809 2646 879 strenua,
2678 801 3055 884 procedente
3103 821 3291 884 opere
3331 805 3655 885 paullatim
3698 826 3915 874 evane-

2368 897 2527 967 scat,
2564 890 2715 952 etin
2744 888 3333 953 circumscribendis
3360 897 3561 972 poetas
3588 895 3791 959 verbis
3818 898 3911 960 rel

2368 977 2433 1040 in
2480 976 2723 1040 selectis
2794 975 3171 1060 quibusdam
3236 977 3492 1041 scholiis
3546 983 3913 1046 annotandis

2367 1065 2677 1130 subsistat.
2741 1064 2855 1128 Alii
2904 1057 3157 1128 co'dices
3204 1064 3413 1128 statim
3465 1065 3545 1129 ab
3588 1065 3765 1132 initio
3810 1078 3917 1134 aut

2366 1152 2521 1214 nihil
2540 1152 2657 1216 nisi
2678 1151 3079 1235 paraphrasin
3097 1151 3255 1216 raris
3269 1150 3643 1234 quibusdam
3662 1155 3915 1222 scholi1s

2369 1238 2721 1304 distinctam
2770 1246 2876 1304 aut
2942 1239 3183 1304 scholia
3251 1238 3547 1302 duntaxat
3609 1241 3909 1320 proebent.

2366 1330 2601 1413 Corpus
2648 1327 3236 1394 commentariorum
3256 1373 3275 1408 ,
3304 1327 3470 1392 unde
3511 1347 3585 1392 ea
3625 1348 3767 1412 quoe
3800 1349 3914 1396 nos

2365 1417 2492 1496 iam
2568 1418 2897 1494 babemus,
2957 1422 3245 1498 excerpta
3316 1423 3493 1492 sunt,
3554 1417 3913 1482 condidisse

2364 1505 2604 1570 videtur
2632 1505 2976 1570 Demetrius
2998 1507 3481 1586 Lampsacenus.
3514 1506 3689 1568 Certe
3720 1505 3785 1569 in
3812 1525 3917 1570 co·

2368 1593 2507 1657 dice
2549 1593 2828 1658 Parisino
2855 1593 2927 1656 N.
2957 1596 3036 1657 36
3064 1592 3373 1674 supplem.
3400 1592 3607 1674 (nobis
3638 1592 3711 1676 O)
3745 1612 3919 1657 com·-

2366 1680 2679 1744 meniariis
2715 1680 2929 1744 titulus
2968 1678 3313 1761 proeflgiiur
3357 1699 3375 1744 2
3415 1683 3719 1761 Δημητρίου
3756 1688 3919 1762 Λαμ-

2364 1772 2597 1850 ψακηνοῦ
2627 1767 2866 1847 ἐξήγησις
2900 1770 2974 1837 εἰς
3016 1766 3111 1839 τὴν
3138 1767 3410 1829 Διονυσίου
3454 1769 3766 1848 περιήγησιν
3807 1774 3907 1850 (1).

2365 1856 2668 1920 Praeterea
2694 1856 2759 1918 in
2786 1855 3163 1918 bibliotheca
3188 1853 3615 1919 Raudnitiensi
3638 1873 3914 1938 graecum

2366 1943 2431 2007 in
2456 1943 2811 2024 Periegesin
2834 1941 3354 2006 commentarium
3368 1949 3641 2024 exstare,
3668 1944 3917 2010 0111Δο-

2365 2035 2595 2096 dronici
2639 2049 2869 2096 nomen
2922 2033 3245 2112 praefixum
3297 2029 3407 2107 sit,
3449 2049 3487 2094 a
3532 2033 3914 2099 Schneidero

2366 2119 2604 2202 accepit
2626 2119 2947 2184 Passovius
2970 2117 3077 2200 (2).
3102 2120 3478 2201 Magnopere
3508 2139 3728 2184 vereor
3755 2141 3833 2186 ne
3858 2123 3913 2186 is

2366 2208 2554 2272 fuerit
2606 2207 2811 2290 potius
2866 2206 3171 2272 Eustathii
3228 2209 3745 2286 commentarius3
3807 2213 3915 2294 qui

2368 2312 2559 2377 quum
2588 2294 2651 2358 in
2674 2293 2994 2359 codicibus
3014 2291 3331 2357 nonnullis
3355 2293 3535 2356 titulo
3563 2301 3798 2376 careat,
3825 2299 3917 2361 ra-

2368 2381 2487 2444 0110
2514 2381 2647 2444 fleri
2677 2381 2909 2464 potuit,
2934 2387 3005 2444 ut
3034 2399 3111 2444 ex
3134 2379 3315 2444 titulo
3357 2379 3671 2462 epistolae,
3707 2383 3813 2465 qui
3849 2391 3917 2448 et

2370 2470 2501 2551 ipse
2524 2467 2691 2532 vario
2716 2468 2905 2532 modo
2925 2468 3254 2532 exhibetur
3282 2469 3447 2550 (Πρὸς
3556 2468 3803 2544 Ἰωάννην
3824 2473 3914 2532 τὸν

2369 2557 2476 2618 υἱὸν
2510 2562 2599 2617 τοῦ
2640 2555 2894 2616 “fiae-roff
2922 2557 3013 2616 καὶ
3058 2557 3288 2634 μεγάλου
3318 2555 3703 2636 Δρουγγαρίου,
3736 2561 3913 2639 κυρίου

2370 2643 2432 2705 Ἀ
2447 2645 2517 2704 νδ
2532 2667 2559 2724 ρ
2574 2667 2642 2703 ον
2656 2643 2795 2704 (κου
2812 2647 2899 2703 τοῦ
2918 2648 3229 2723 καματηροῢ
3246 2687 3317 2706 ...
3339 2643 3634 2722 ἕπιστολή),
3652 2645 3911 2726 quidam

2365 2727 2877 2792 commentarium
2912 2727 3250 2792 Andronici
3295 2746 3433 2792 esse
3460 2729 3625 2792 male
3660 2731 3916 2813 collige-

2370 2823 2485 2881 ret.
2497 2818 2933 2897 Fragmentum
2948 2815 3171 2897 integri
3186 2817 3621 2881 commentarii
3632 2823 3916 2884 tenorem

2368 2923 2614 2968 servans
2641 2903 2707 2967 id
2736 2921 2871 2967 esse
2897 2903 3141 2967 videtur
3167 2903 3337 2985 quod
3362 2903 3429 2966 in
3471 2905 3689 2970 codice
3734 2911 3800 2970 Η
3835 2909 3911 2992 (v.

2367 3011 2429 3073 p.
2457 2991 2593 3072 427)
2616 2995 2923 3074 superstes
2936 2997 3033 3054 est
3048 3010 3123 3054 ex
3138 2991 3658 3056 commentatione
3672 2994 3751 3057 de
3770 2998 3918 3059 scri-

2367 3079 2488 3162 ptis
2512 3077 2821 3160 Dionysii,
2856 3095 2933 3140 ex
2970 3097 3093 3161 qua
3134 3077 3326 3142 ceteri
3368 3077 3621 3142 codices
3668 3082 3915 3146 nonnisi

2367 3165 2739 3248 paucissima
2787 3165 3077 3249 quaedam
3124 3167 3432 3242 referunt,
3478 3166 3716 3247 paullo·
3740 3169 3919 3250 plura

2364 3273 2509 3317 vero
2541 3253 2797 3317 servavit
2820 3253 3207 3328 Eustathius,
3232 3252 3340 3336 qui
3367 3271 3444 3316 ex
3462 3253 3916 3334 antiquioribus

2367 3341 2834 3424 interpretibus,
2859 3357 3019 3423 quos
3051 3343 3160 3400 τῶν
3182 3341 3425 3398 παλαιῶν
3458 3339 3713 3402 nomine
3754 3341 3917 3404 desi-

2365 3447 2549 3510 gnare
2583 3429 2771 3504 solet,
2802 3433 2895 3490 sat
2920 3425 3118 3489 multa
3146 3426 3209 3488 in
3244 3427 3728 3489 commentarios
3768 3447 3915 3492 suos

2368 3515 2689 3582 transtulit.
2740 3518 2879 3598 Ipsa
2910 3514 3099 3578 verba
3124 3521 3261 3578 tum
3284 3513 3351 3576 in
3380 3512 3635 3577 scholiis
3676 3521 3812 3580 tum
3849 3517 3913 3581 in

2365 3603 2721 3689 paraphrasi
2762 3621 3136 3684 magnopere
3175 3601 3446 3680 variant,
3490 3601 3649 3666 adeo
3694 3608 3765 3668 ut
3804 3605 3913 3688 qui

2366 3710 2614 3756 omnem
2637 3691 2923 3755 lectionis
2948 3691 3305 3754 varietatem
3333 3705 3369 3751 e
3392 3689 3569 3753 libris
3592 3708 3744 3753 mss.
3769 3710 3914 3756 eno-

2365 3788 2495 3844 tare
2557 3779 2772 3859 vellet,
2815 3778 3094 3842 laborem
3154 3776 3501 3858 susciperet
3563 3777 3908 3855 infinitum,

2364 3867 2535 3932 taedii
2562 3867 2816 3950 plenum
2844 3866 3164 3947 frugisque
3193 3881 3481 3928 vacuum.
3512 3865 3759 3928 Primus
3799 3885 3915 3947 pa-

2364 3953 2685 4035 raphrasin
2710 3971 2746 4015 e
2777 3950 2993 4016 codice
3028 3950 3368 4031 Bodleiano
3402 3950 3602 4015 edidit
3628 3970 3726 4014 an.
3758 3957 3913 4018 1697

2363 4039 2793 4116 Thwaitesius,
2828 4039 2997 4103 unde
3038 4038 3269 4118 passim
3300 4038 3695 4102 emendatam
3734 4058 3911 4122 repe·

2368 4129 2502 4192 tivit
2528 4127 2858 4192 Hudsonus
2898 4133 2961 4190 et
3000 4125 3263 4201 deinde,
3298 4126 3515 4189 codice
3558 4127 3914 4192 Monacensi

2366 4216 2625 4298 aliisque
2642 4214 2817 4277 libris
2834 4213 3149 4290 adhibitis,
3162 4211 3617 4294 Bernhardyus.
3636 4214 3913 4278 Eandem

2369 4323 2485 4368 nos
2530 4321 2779 4388 quoque
2822 4301 3139 4380 dedimus,
3186 4300 3397 4382 paucis
3444 4301 3695 4365 mutatis
3735 4301 3917 4366 addi-

2430 4493 2498 4557 (1)
2536 4492 2613 4544 cs.
2644 4491 2848 4543 Bredov.
2876 4490 3028 4555 Epist.
3059 4489 3209 4540 Paris.
3230 4502 3282 4554 p.
3311 4495 3387 4540 60.

2431 4570 2497 4636 (2)
2526 4569 2785 4621 Pasaovius
2818 4569 2867 4619 111
2901 4567 3103 4630 Dionys.
3136 4567 3276 4632 praef.
3315 4579 3365 4630 p.
3396 4568 3463 4616 Vi
3496 4584 3509 4614 ε
3549 4585 3573 4608 α
3594 4568 3766 4630 Nuper
3795 4581 3913 4618 vero

2373 4637 2747 4690 commentarius
2770 4649 2960 4702 graecus
2996 4635 3049 4685 iu
3089 4634 3306 4697 Dionysii
3330 4633 3615 4698 periegesin,
3652 4635 3913 4687 Andronici

2362 4721 2543 4760 nomen
2563 4707 2614 4758 in
2642 4707 2799 4758 fronte
2815 4717 3000 4770 gerens,
3020 4703 3107 4754 ubi
3136 4703 3333 4754 minime
3360 4701 3747 4766 exspectabatur,
3769 4703 3819 4752 in
3845 4703 3915 4754 bi·

2368 4777 2607 4831 bliotlieca
2656 4775 2884 4840 principis
2934 4773 3315 4826 Lobcovitiensis
3329 4809 3344 4835 ,
3398 4785 3511 4836 quoe
3554 4771 3802 4822 Raudnitii
3849 4772 3912 4824 ad

2368 4847 2525 4898 Albim
2572 4847 2621 4898 in
2652 4845 2847 4897 dioecesi
2884 4843 3273 4896 teuuneritiensi
3314 4841 3619 4905 adservatur,
3661 4854 3694 4892 a
3741 4842 3912 4893 carolo

2370 4917 2661 4969 Schneidero
2716 4917 2767 4967 111
2806 4915 2975 4967 itinere
3014 4915 3229 4966 literario
3264 4915 3378 4965 ante
3406 4911 3596 4976 aliquot
3628 4925 3781 4963 anuos
3826 4925 3914 4976 per

2369 4989 2609 5040 Anah-iam
2637 4985 2977 5039 etBohemiam
3002 4985 3135 5037 facto
3160 4987 3387 5050 repertus
3416 4985 3509 5034 est.
3531 4985 3655 5040 Quoe
3672 4993 3789 5031 vero
3806 4981 3913 5042 eius

2371 5059 2437 5108 sit
2463 5057 2603 5120 ratio,
2635 5055 2771 5120 quod
2800 5053 3023 5120 pretium,
3064 5055 3321 5118 anquirere
3347 5055 3544 5118 propter
3565 5051 3797 5115 temporis
3822 5064 3907 5100 an-

2366 5128 2552 5192 gustias
2576 5129 2625 5177 et
2652 5125 2743 5176 alia
2768 5127 3007 5189 suscepta
3030 5125 3127 5175 vite
3158 5128 3365 5182 consilia
3394 5123 3533 5174 haud
3558 5123 3699 5174 licuit
3726 5119 3915 5171 Schnei-

2367 5197 2500 5258 dero,
2534 5201 2651 5248 tunc
2676 5195 2739 5246 ad
2758 5196 3003 5246 Platonem
3029 5193 3243 5252 maxime
3262 5199 3467 5256 attento.
3487 5215 3510 5238 ι
