4584 6284
1810 552 2157 615 ANAPLUS
2198 552 2523 615 Bospom
2565 554 2909 615 TflnAcll.
3883 572 3953 623 57

740 708 837 763 rali
864 724 1073 765 carens.
1092 706 1299 777 qualem
1320 704 1481 759 habet
1514 704 1718 757 Fanum
1752 702 2057 757 Asiaticum.
2102 700 2302 755 Idcirco

740 795 1005 870 Byzantii,
1032 813 1155 849 cum
1180 794 1383 849 nollent
1398 810 1455 846 se
1475 790 1649 846 invitis
1666 806 1985 862 quemquam
2006 789 2061 841 in
2077 790 2302 843 Pontum

740 882 1013 954 navigare,
1048 899 1199 936 oram
1240 879 1342 935 sub
1367 878 1737 951 Byzantiacum
1777 879 1977 931 Fanum
2018 873 2302 946 subjectam

740 980 901 1043 portu
932 978 1224 1033 carentem,
1248 985 1360 1039 quo
1390 968 1649 1022 astrictius
1684 963 1982 1019 obsiderent
2016 963 2298 1034 angustias,

745 1055 971 1111 molibus
992 1056 1331 1119 munierunt,
1353 1064 1417 1107 ut
1431 1070 1611 1108 canam
1629 1070 1691 1106 ex
1712 1070 1821 1107 uno
1842 1051 2077 1117 brachio,
2100 1051 2155 1103 in
2178 1049 2301 1103 Bos-

740 1161 933 1217 porum
976 1141 1203 1216 amplius
1237 1142 1500 1211 octoginta
1538 1156 1717 1213 passus
1750 1156 1994 1193 romanos
2038 1134 2297 1212 projecto,

742 1241 924 1285 catena
952 1229 1327 1285 extenderetur
1360 1245 1525 1301 usque
1554 1226 1619 1281 ad
1646 1227 1789 1284 littus
1820 1228 1947 1281 Fani
1974 1226 2213 1291 Asiatici,
2240 1236 2300 1279 ut

744 1318 923 1372 invitis
942 1316 1101 1369 Fanis
1124 1333 1279 1371 nemo
1298 1316 1539 1386 navigare
1556 1325 1729 1387 posset
1746 1316 1799 1369 in
1830 1316 2080 1369 Pontum.
2116 1314 2302 1385 Itaque

746 1404 926 1461 adhuc
974 1404 1270 1460 ‘'animet-cii
1315 1404 1494 1459 Scdlas
1544 1402 1802 1475 appellant
1848 1404 2091 1457 ruinosas
2136 1400 2300 1456 moles

748 1494 906 1547 etiam
929 1510 1073 1547 nunc
1092 1500 1367 1547 exstantes.
1420 1490 1531 1545 Illic
1556 1492 1697 1545 enim
1717 1490 1842 1545 olim
1868 1491 2159 1563 portorium
2176 1506 2298 1562 per-

744 1578 1058 1637 solvebatur.
1135 1580 1327 1633 Catena
1351 1578 1507 1631 etiam
1530 1577 1629 1632 hae
1654 1587 1801 1632 oetate
1824 1577 2075 1632 asservari
2101 1574 2297 1630 dicitur

750 1665 807 1721 in
842 1684 961 1721 arce
1006 1667 1134 1720 Fani
1176 1664 1405 1721 Asiatici.
1478 1663 1643 1718 Moles
1674 1661 1995 1737 jampridem
2038 1661 2296 1718 diminuta

744 1763 875 1818 erat,
898 1750 989 1807 sed
1008 1761 1181 1807 tamen
1216 1749 1373 1825 paulo
1394 1768 1553 1823 supra
1586 1766 1777 1821 aquam
1806 1749 2047 1805 exstabat
2061 1770 2079 1817 ς
2112 1760 2167 1804 at
2196 1766 2296 1803 nu-

744 1858 841 1913 per
858 1840 1067 1893 avaritia
1088 1836 1421 1911 quorundam
1440 1836 1787 1891 barbarorum
1806 1836 2011 1891 infinita
2034 1854 2155 1891 saxa
2172 1834 2298 1891 inde

742 1935 997 2001 asportata
1012 1936 1134 1979 sunt
1152 1926 1207 1979 in
1231 1923 1597 1979 aedificationes
1622 1941 1813 1995 magno
1834 1922 2033 1979 damno
2052 1924 2301 1995 navigan-

740 2014 895 2079 tium,
938 2012 1029 2085 qui
1062 2009 1173 2083 jam
1216 2028 1325 2065 non
1374 2008 1555 2065 vident
1608 2009 1746 2064 illius
1787 2028 1921 2065 caeca
1960 2008 2298 2066 fundamenta

736 2100 835 2154 sub
868 2118 1001 2172 aqua
1034 2098 1405 2155 delitescentia.
1481 2097 1585 2153 Sed
1627 2098 1759 2170 quid
1792 2101 1981 2153 sentiat
2014 2100 2298 2171 Dionysius

734 2186 801 2241 de
833 2186 1199 2258 promontorio
1228 2184 1383 2240 Milto
1396 2224 1411 2251 ,
1450 2196 1503 2240 ct
1544 2185 1613 2239 de
1637 2184 1837 2259 oppido
1873 2186 1999 2239 Fani
2024 2186 2291 2259 Europaei,

732 2274 905 2348 ipsum
924 2273 1225 2346 loquentem
1248 2273 1546 2329 audiamus.

1390 2427 1490 2487 Fr.
1538 2435 1609 2485 47

808 2588 967 2649 Post,
1034 2584 1205 2657 inquit
1224 2624 1241 2651 ,
1287 2582 1599 2638 Scletrinam
1658 2580 1899 2636 existunt
1946 2580 2141 2635 Milton
2173 2598 2299 2654 pm·

735 2670 1065 2735 necatorium,
1096 2670 1418 2725 nominatum
1440 2686 1477 2723 a
1514 2667 1871 2723 similitudine
1897 2667 2112 2732 coloris,
2144 2678 2301 2739 atque

732 2771 979 2827 contigua
1002 2755 1185 2811 domus
1212 2755 1489 2829 cujusdam
1524 2754 1780 2810 navat-clii
1818 2766 1868 2809 et
1896 2754 2053 2809 littus
2077 2752 2300 2808 arduum

732 2845 1081 2919 directumque
1106 2857 1157 2899 et
1186 2842 1559 2919 proecipitium
1593 2842 1669 2897 ad
1698 2842 1829 2897 solis
1872 2854 2047 2898 ortum
2079 2840 2299 2895 inelina-

736 2947 865 2989 tum.
926 2931 1077 2989 circa
1100 2945 1273 2987 atatem
1297 2932 1473 3007 ipsmn
1495 2943 1573 2987 est
1600 2950 1743 2985 mure
1770 2930 1947 2985 toeniis
1964 2929 2294 2993 distincta-m,

731 3033 782 3075 et
800 3025 997 3076 Fanum
1011 3033 1255 3075 cunctum
1272 3019 1694 3089 contrafmneem
1714 3018 1851 3074 Fani
1863 3016 2103 3072 Asiatici
2110 3016 2295 3073 situm.

732 3109 903 3163 Aiunt
924 3106 1008 3162 hic
1029 3109 1273 3161 Iasonem
1302 3106 1485 3161 litasse
1500 3104 1771 3159 duodecim
1794 3103 1923 3161 diis.
2000 3105 2131 3159 Hoec
2146 3108 2299 3158 Fana

732 3207 855 3250 sunt
878 3194 1135 3269 oppidula
1147 3197 1319 3268 juxta
1340 3194 1503 3249 Ponti
1524 3193 1719 3247 ostium
1738 3192 1944 3267 posita.
1998 3195 2104 3247 Est
2136 3190 2296 3246 etiam

736 3282 977 3356 templum
998 3279 1110 3341 dece
1140 3280 1385 3353 Plio-giu.-
1419 3298 1627 3335 sacrum
1648 3279 1851 3334 illustre
1881 3288 1933 3331 et
1948 3278 2164 3352 publice
2186 3280 2295 3332 cul-

738 3381 865 3425 lum.

805 3458 887 3510 Ex
902 3456 985 3510 his
1004 3457 1243 3529 Dionysii
1266 3454 1438 3509 verbis
1456 3454 1821 3525 cognoscimus
1839 3453 1997 3507 etiam
2022 3462 2133 3507 tum
2154 3454 2296 3507 Fana

740 3541 899 3597 fuisse
935 3540 1208 3615 oppidula,
1245 3552 1307 3596 ut
1336 3558 1402 3597 ex
1440 3540 1663 3611 vestigiis
1702 3556 1979 3593 mumrum
2024 3555 2189 3610 usque
2227 3538 2296 3593 ad

740 3633 875 3684 hanc
890 3628 1031 3683 diem
1052 3629 1356 3702 percipitur.
1432 3626 1620 3683 Strabo
1641 3628 1721 3699 (p.
1750 3626 1875 3700 820)
1898 3629 2103 3682 Fanum
2122 3628 2294 3681 Euro-

737 3736 909 3792 poeum
943 3717 1162 3791 appellat
1196 3720 1397 3775 Fanum
1425 3716 1829 3789 Byzantiorum,
1851 3716 2139 3770 Asiaticum
2174 3733 2298 3770 vcro

740 3806 943 3860 Fanum
960 3805 1199 3859 nominat
1222 3802 1695 3859 chalcedoniorum
1716 3808 1807 3875 (p.
1831 3802 1957 3857 320.
1982 3802 2105 3867 548.
2130 3803 2229 3856 563
2250 3806 2294 3873 ),

739 3890 999 3964 amboque
1019 3888 1148 3946 dicit
1170 3892 1285 3964 pari
1306 3888 1577 3944 intervallo
1603 3887 1796 3943 distare
1826 3906 1859 3943 a
1876 3888 2119 3959 Cyaneis.
2144 3888 2296 3960 Poly-

738 3976 861 4033 bius
880 3976 1053 4049 (4,39)
1074 3977 1287 4041 scribit,
1308 3994 1431 4030 cum
1450 3974 1645 4029 rediret
1664 3976 1823 4029 Jason
1843 3992 1875 4029 a
1890 3974 2117 4039 Colchis,
2139 3976 2298 4029 sacri-

739 4065 921 4121 ficasse
945 4063 1229 4119 duodecim
1262 4063 1363 4117 diis
1388 4064 1443 4116 in
1468 4062 1583 4117 loco
1609 4064 1739 4117 Fani
1770 4062 1979 4118 Asiatici
2003 4062 2089 4116 siti
2120 4074 2300 4117 contra

737 4152 1043 4224 Serapieum
1076 4151 1315 4206 'I'hraciae
1345 4166 1360 4205 :
1400 4166 1463 4203 ex
1498 4165 1606 4220 quo
1644 4158 1787 4221 patet
1818 4148 2115 4222 Serapieum
2146 4148 2302 4203 fuisse

735 4238 881 4311 apud
908 4239 1111 4291 Fanum
1131 4238 1473 4309 Europoeum.
1538 4232 1701 4305 Cujus
1726 4252 1847 4288 cum
1874 4252 1981 4288 non
2009 4236 2304 4290 meminerit

735 4328 1023 4399 Dionysius
1038 4366 1055 4393 ,
1091 4324 1338 4381 videntur
1352 4322 1601 4397 Polybius
1618 4333 1672 4378 et
1696 4323 1981 4395 Dionysius
1997 4339 2105 4378 non
2123 4321 2302 4377 eadem

734 4425 883 4470 aetate
926 4414 1136 4468 vixisse.
1212 4412 1303 4467 Dii
1336 4408 1621 4466 duodecim
1656 4408 1715 4463 hi
1761 4408 2044 4477 habentur,
2079 4410 2301 4483 Jupiter,

732 4504 895 4569 Iuno,
923 4502 1221 4573 Neptunus,
1237 4499 1415 4565 Ceres,
1437 4497 1753 4563 Mercurius,
1774 4496 2063 4563 Vulcanus,
2094 4497 2300 4571 Apollo,

735 4592 936 4656 Diana,
978 4590 1141 4643 Vesta
1154 4627 1171 4655 ,
1216 4590 1359 4643 Mars
1374 4626 1391 4653 ,
1442 4586 1655 4650 Venus,
1692 4587 1951 4640 Minerva.
2025 4584 2304 4658 Templum

736 4679 973 4751 Phrygia
998 4676 1109 4731 dete
1133 4676 1319 4732 Matris
1344 4673 1571 4729 deorum
1598 4672 1757 4728 Rhea:
1778 4684 2097 4747 nuncupatas
2120 4674 2177 4727 in
2210 4674 2304 4729 cli·

740 4768 817 4821 vis
841 4764 1022 4821 debuit
1046 4767 1221 4837 potius
1246 4782 1357 4819 esse
1383 4780 1543 4836 quam
1574 4764 1629 4816 in
1657 4764 1921 4817 maritima
1959 4762 2205 4835 planitie,
2236 4782 2301 4818 ex

738 4872 805 4909 eo
831 4851 975 4926 quod
1001 4852 1265 4906 montibus
1300 4851 1552 4923 gaudeat,
1578 4850 1806 4925 ideoque
1844 4844 1987 4925 ὀρεία
2017 4852 2304 4925 appelletur

738 4952 795 4996 et
828 4941 1019 4995 turrita
1042 4938 1167 5005 dea,
1202 4940 1329 5011 quia
1366 4938 1493 4994 olim
1519 4956 1689 5001 arces,
1720 4938 1916 5012 quibus
1943 4938 2087 4994 Rhea
2124 4950 2302 5012 patro·

804 5160 861 5221 l..
882 5156 1111 5230 Μανία]
1134 5158 1387 5213 Fortassis
1412 5158 1569 5213 Rhea:
1589 5159 1837 5233 templum
1858 5160 1913 5213 in
1933 5160 2115 5214 Mariae
2130 5158 2294 5213 oedem

734 5236 867 5293 abiit
884 5234 1073 5292 eodem
1110 5236 1273 5293 modo
1296 5256 1405 5311 quo
1439 5239 1750 5310 Cyzicenum
1774 5240 1931 5294 Rheae
1958 5238 2159 5306 sanum,
2194 5244 2295 5294 Ar·

738 5326 1087 5389 gonautarum
1128 5335 1261 5389 opus
1276 5356 1293 5384 ,
1352 5328 1530 5390 postca
1569 5318 1747 5373 Mariae
1788 5328 2147 5373 consecratum
2194 5329 2289 5371 est.

2390 694 2564 749 natur,
2595 684 2648 737 in
2671 684 2940 739 montibus
2961 686 3073 739 sitae
3095 696 3283 752 essent,
3307 687 3376 741 ob
3401 687 3502 741 10ιί
3529 689 3712 747 robur.
3757 690 3958 747 Rheam

2391 770 2670 825 habentem
2696 780 2855 843 caput
2887 772 3136 826 turritum
3165 771 3406 827 mulieres
3429 773 3613 831 Cilices
3637 788 3691 831 et
3723 778 3958 835 Turcicae

2391 866 2444 911 et
2483 858 2666 931 Mysiae
2707 858 3002 924 imitantur,
3055 856 3278 913 serentes
3317 860 3501 933 capitis
3541 872 3752 935 tegmen
3797 866 3956 921 turris

2389 944 2782 1000 similitudinem
2821 962 3024 1015 gerens.
3113 948 3298 1018 Itaque
3345 946 3482 1002 illius
3521 952 3774 1025 templum
3825 952 3952 1008 mibi

2391 1031 2548 1087 fuisse
2573 1030 2784 1086 videtur
2809 1033 2866 1086 in
2886 1029 2968 1087 bis
2993 1031 3122 1087 locis
3143 1072 3158 1099 ,
3191 1032 3280 1087 ubi
3303 1032 3464 1089 bodie
3495 1032 3614 1092 duoe
3638 1036 3774 1093 edes
3799 1056 3956 1095 saa-o

2389 1130 2541 1189 sunt,
2577 1120 2740 1175 altera
2777 1118 2886 1174 divi
2921 1121 3154 1189 Nicolai,
3193 1119 3353 1177 altera
3380 1120 3516 1177 dine
3549 1125 3732 1180 Maria
3751 1127 3795 1184 ⁴.
3866 1128 3956 1181 Ja-

2389 1227 2570 1265 sonem
2595 1210 2846 1265 excitasse
2868 1227 2984 1265 aras
3011 1209 3170 1265 Rheoe
3215 1209 3496 1265 verisimile
3518 1221 3624 1277 est,
3665 1230 3790 1267 cum
3821 1212 3956 1269 duo·

2389 1295 2562 1352 decim
2601 1296 2706 1351 diis
2740 1298 2798 1353 in
2832 1298 3098 1352 contrario
3137 1295 3312 1351 littore
3357 1297 3637 1363 excitaret,
3668 1302 3954 1371 praesertim

2388 1384 2708 1457 Argonautis
2751 1382 2954 1439 Rheam
2991 1383 3220 1437 maxime
3267 1382 3662 1451 venerantibus,
3707 1394 3768 1439 ut
3805 1384 3958 1457 cujus

2387 1480 2610 1525 statuam
2649 1469 3042 1525 constituissent
3077 1469 3134 1523 in
3173 1468 3443 1543 Dindymo
3479 1480 3659 1525 monte
3693 1471 3956 1527 minente

2387 1578 2548 1631 supra
2591 1558 2838 1631 Cyzicum
2859 1596 2876 1623 ,
2925 1560 3048 1612 item
3085 1557 3198 1612 aliis
3238 1557 3396 1621 locis,
3437 1567 3498 1611 ut
3535 1557 3680 1631 apud
3721 1560 3952 1617 Phasim.

2389 1647 2642 1700 Anu-ianus
2675 1644 2907 1717 (Peripl.
2936 1649 2966 1716 S
3001 1662 3058 1699 11
3083 1645 3200 1715 >ait
3239 1646 3292 1698 in
3317 1644 3530 1697 sinistro
3563 1644 3722 1699 latere
3744 1646 3956 1702 Phasim

2387 1730 2800 1803 ingredientibus
2839 1742 3064 1785 statuam
3103 1730 3262 1785 fuisse
3307 1729 3418 1783 deae
3457 1730 3756 1798 Phasianae,
3797 1750 3954 1804 quam

2387 1820 2498 1892 ipse
2517 1820 2771 1875 Arrianus
2793 1818 2992 1874 Rheam
3011 1819 3326 1873 existimavit
3349 1818 3504 1872 fuisse
3521 1836 3587 1873 ex
3605 1819 3793 1891 figura.
3821 1820 3956 1876 Nam

2389 1908 2632 1964 manibus
2652 1908 2884 1981 gestabat
2909 1908 3164 1982 cymbala,
3189 1918 3242 1963 et
3262 1905 3438 1962 leones
3461 1906 3562 1963 sub
3581 1908 3778 1964 throno
3799 1909 3956 1965 habe-

2387 1996 2510 2063 bat,
2541 1998 2596 2051 in
2623 2014 2732 2069 quo
2759 1998 2902 2051 Rhea
2937 1996 3180 2063 sedebat,
3209 2006 3270 2051 ut
3291 1996 3510 2053 Athenis
3533 1998 3590 2051 in
3622 1997 3736 2054 ede
3769 1998 3956 2077 Matris

2385 2084 2629 2142 deorum.
2703 2087 2878 2155 Quam
2911 2105 2954 2165 ‘a
2991 2088 3183 2140 Jasone
3223 2084 3463 2139 similiter
3505 2095 3752 2141 statutam
3795 2086 3954 2141 fuisse

2386 2171 2572 2243 colligo
2607 2190 2672 2227 ex
2693 2190 2758 2227 eo
2796 2171 2942 2245 quod
2979 2173 3234 2229 Arrianus
3260 2172 3374 2227 ait:
3421 2196 3444 2218 ι
3483 2174 3548 2227 In
3583 2172 3732 2238 loco,
3764 2174 3820 2227 in
3847 2192 3958 2247 quo

2389 2259 2486 2315 suit
2531 2260 2687 2315 Rheae
2716 2278 2806 2315 ara
2824 2300 2839 2325 ,
2867 2259 2964 2315 fuit
2987 2262 3146 2317 etiam
3171 2277 3364 2315 ancora
3393 2259 3597 2332 lapidea
3615 2260 3789 2333 Argus
3805 2300 3822 2326 ,
3851 2281 3955 2334 qua

2385 2348 2545 2402 Jason
2577 2345 2846 2421 profectus
2887 2359 2966 2402 est
2991 2346 3057 2401 ad
3091 2346 3335 2402 Colchos.
3369 2372 3392 2395 n
3441 2346 3588 2401 Illam
3633 2366 3759 2402 vero
3795 2366 3952 2421 quam

2387 2435 2568 2490 statuit
2603 2433 2744 2508 apud
2779 2436 3072 2508 Bosporum
3089 2476 3104 2501 ,
3157 2434 3378 2489 similem
3420 2434 3646 2506 conjicio
3686 2436 3954 2491 Phasiane

2389 2523 2546 2579 Rhea
2573 2534 2630 2579 et
2655 2522 3002 2597 Dindymene.-
3029 2539 3044 2577 :
3071 2540 3192 2576 nam
3221 2520 3555 2594 Dindymeua
3583 2523 3824 2578 similiter
3843 2523 3952 2578 leo·

2397 2628 2490 2663 nes
2510 2609 2763 2675 hahebat,
2796 2626 2954 2681 quam
2983 2609 3386 2664 Constantinum
3417 2608 3662 2678 Magnum
3699 2609 3752 2662 in
3779 2608 3952 2663 forum

2387 2698 2734 2771 Byzantinum
2760 2714 2867 2751 una
2892 2714 3016 2752 cum
3055 2696 3294 2750 leonibus
3327 2696 3567 2750 Zosimus
3591 2696 3768 2767 (2,31)
3794 2697 3954 2751 tradit

2390 2782 2702 2841 traduxisse.

2388 2934 2511 2988 XX.
2535 2936 2614 2988 De
2642 2930 2984 3002 ἅψεων-ἧσαι
3009 2930 3168 2991 fleti-io
3179 2952 3200 2995 ,-
3226 2928 3290 2983 de
3327 2929 3549 2983 sectaris
3591 2930 3914 2984 metallorum
3931 2954 3953 2995 ;

2900 3020 2964 3075 de
2991 3019 3162 3094 pharo
3192 3017 3435 3091 antiqua.

2460 3162 2507 3215 A
2519 3158 2648 3213 valle
2664 3160 2905 3230 cingente
2923 3158 3052 3213 Fani
3065 3155 3250 3212 collem
3269 3154 3492 3229 amplius
3512 3154 3652 3210 mille
3669 3166 3724 3210 et
3743 3174 3959 3211 sexcen-

2388 3255 2564 3301 torum
2589 3261 2838 3317 passuum
2861 3262 2954 3299 ora
2977 3244 3241 3297 maritima
3261 3258 3565 3314 processum
3601 3240 3724 3295 facit
3749 3241 3816 3296 ad
3843 3242 3950 3297 val·

2385 3332 2486 3387 lem
2503 3370 2518 3397 ,
2541 3332 2594 3385 in
2623 3348 2726 3403 qua
2747 3348 2956 3384 summa
2981 3340 3058 3383 est
3080 3326 3297 3383 adicula
3317 3326 3498 3380 Mariae
3521 3328 3736 3397 virginis
3752 3366 3766 3393 ,
3793 3344 3952 3399 quam

2386 3428 2576 3475 vocant
2602 3419 2956 3473 Castaniotam
2983 3416 3158 3471 a-silva
3187 3424 3544 3469 castanearum
3573 3415 3954 3484 circumvigen·

2387 3508 2520 3562 tium
2537 3546 2554 3573 ,
2584 3506 2641 3561 in
2669 3522 2774 3577 qua
2799 3515 2876 3559 est
2905 3504 3022 3559 fons
3049 3521 3212 3570 sacer,
3241 3518 3524 3574 perennem
3552 3501 3708 3555 etiam
3746 3518 3955 3556 summa

2387 3603 2562 3649 atate
2587 3593 2764 3647 simtu
2791 3592 3034 3645 emittens
3075 3608 3173 3663 per
3207 3587 3388 3642 vallem
3416 3596 3688 3657 angustam
3729 3597 3781 3640 et
3799 3584 3954 3658 juxta

2387 3682 2528 3753 ripas
2569 3680 2801 3734 maxima
2845 3696 2911 3732 ex
2941 3688 3092 3751 parte
3129 3678 3462 3731 inaccessam.
3537 3674 3642 3728 Hic
3687 3673 3831 3727 rivus
3869 3672 3954 3728 ille

2389 3777 2468 3822 est
2482 3807 2499 3835 ,
2530 3764 2598 3820 de
2625 3782 2734 3838 quo
2757 3766 3072 3836 Dionysius,
3103 3772 3380 3835 postquam
3421 3762 3852 3815 commemoravit
3878 3759 3955 3814 sa·

2389 3870 2519 3907 num
2550 3850 2661 3907 dec
2689 3850 2930 3923 Phrygiae
2951 3890 2966 3917 ,
2987 3852 3062 3904 sic
3078 3851 3147 3904 ait
3180 3865 3194 3903 z

3047 3998 3146 4057 Fr.
3197 4008 3289 4057 48.

2464 4160 2588 4210 Post
2605 4156 2714 4209 haec
2733 4152 3306 4224 cliffsorrlooasfiuviees
3317 4171 3419 4227 per
3427 4164 3707 4222 ungtaestam
3726 4166 3778 4207 et
3797 4151 3960 4207 aditet

2390 4240 2658 4314 difficilem
2679 4240 2871 4294 vallem
2897 4258 2932 4293 a
2961 4252 3100 4309 eergo
3111 4238 3350 4313 positam
3367 4237 3634 4294 delabitur
3655 4238 3760 4293 leni
3766 4240 3948 4308 fluxu,

2393 4346 2602 4381 annam
2645 4344 2776 4379 aum
2812 4325 3036 4380 similem
3076 4324 3327 4396 defi-rem.
3372 4323 3530 4381 Circa
3560 4323 3694 4378 laune
3735 4335 3956 4379 secturoe

2395 4427 2546 4481 sunt,
2576 4428 2626 4469 et
2657 4427 2806 4469 terroe
2817 4414 3082 4485 fossiones
3098 4455 3113 4480 ,
3141 4426 3191 4469 et
3217 4412 3451 4469 cuniculi
3472 4412 3585 4466 acti
3609 4412 3686 4466 ad
3711 4423 3953 4467 scrutan-

2391 4504 2490 4559 das
2503 4502 2824 4558 metallorum
2837 4519 3014 4568 mnas,
3035 4501 3370 4575 antiquorum
3388 4498 3620 4554 virorum
3637 4517 3792 4574 opero
3806 4516 3951 4553 scru-

2395 4589 2624 4645 tantium
2650 4588 2838 4643 die-itis
2871 4599 3020 4643 term
3031 4586 3348 4659 facultates.
3379 4585 3548 4640 Paulo
3569 4586 3712 4640 ultra
3724 4583 3950 4657 fluvium

2393 4690 2519 4734 sunt
2545 4688 2850 4751 nuncupata
2871 4676 3084 4731 Chalcea
3097 4717 3113 4740 ,
3137 4675 3279 4730 locus
3299 4672 3511 4729 vicinus
3536 4672 3674 4728 mari
3683 4676 3955 4745 fluctuoso

2392 4765 2600 4841 quidem
2617 4808 2632 4831 ,
2663 4764 2760 4819 sed
2793 4775 2964 4818 tamen
2997 4762 3204 4837 piscoso
3251 4783 3272 4817 :
3309 4760 3607 4816 nominatus
3647 4772 3725 4815 est
3749 4760 3820 4814 ab
3853 4778 3952 4813 oere

2395 4853 2622 4910 metallo.
2653 4857 2721 4908 In
2747 4870 2946 4907 summo
2969 4850 3162 4905 vertice
3183 4849 3362 4911 collis,
3387 4848 3664 4903 secundum
3683 4866 3832 4922 quem
3861 4845 3950 4901 de·

2393 4940 2595 4997 scendit
2641 4938 3009 5010 Chrysorrhoas
3025 4978 3040 5003 ,
3083 4936 3271 4991 existit
3323 4934 3519 4990 Timem
3532 4975 3546 5001 ,
3579 4934 3744 4989 turris
3771 4932 3953 4987 admo·

2387 5158 2648 5221 debuisse,
2680 5156 2772 5211 sed
2809 5158 3080 5211 nominum
3120 5150 3460 5207 similitudine
3497 5152 3744 5223 deceptos
3791 5150 3948 5204 Rhea

2385 5238 2652 5291 dedicasse
2699 5234 2934 5309 produnt
2975 5233 3254 5305 scriptores
3288 5230 3579 5302 Byzantini.
3623 5230 3696 5283 V.
3726 5230 3945 5284 ,Ioannis

2385 5316 2700 5374 Antiocheni
2725 5314 2792 5371 fr.
2830 5312 2890 5367 1⁵
2915 5314 3092 5385 ibique
3111 5321 3306 5365 notata.
3343 5312 3422 5363 De
3443 5308 3601 5362 Rheae
3624 5305 3817 5380 templo
3847 5304 3946 5373 Β)-

736 5398 886 5470 Ipsos
907 5399 1242 5467 Argonautas
1276 5415 1341 5451 ex
1376 5397 1573 5452 oraculi
1592 5395 1741 5470 jussu
1775 5398 1828 5453 id
1849 5400 2030 5453 Mariae
2050 5397 2294 5452 dedicare
2386 5397 2596 5452 nantino
2621 5405 2802 5449 monet
2823 5393 3113 5466 Hesychius
3136 5390 3367 5445 Milesius
3393 5407 3448 5461 p.
3481 5391 3601 5459 149.
