<?xml version="1.0" encoding="UTF-8"?>
<!DOCTYPE html PUBLIC "-//W3C//DTD XHTML 1.0 Transitional//EN"
    "http://www.w3.org/TR/xhtml1/DTD/xhtml1-transitional.dtd">
<html xmlns="http://www.w3.org/1999/xhtml" xml:lang="en" lang="en">
 <head>
  <title>
</title>
<meta http-equiv="Content-Type" content="text/html;charset=utf-8" />
  <meta name='ocr-system' content='tesseract 3.04.00' />
  <meta name='ocr-capabilities' content='ocr_page ocr_carea ocr_par ocr_line ocrx_word'/>
</head>
<body>
  <div class='ocr_page' id='page_1' title='image "./geographigraeci05mlgoog_0375.png"; bbox 0 0 4584 6284; ppageno 0'>
   <div class='ocr_carea' id='block_1_1' title="bbox 2067 509 2635 587">
    <p class='ocr_par' dir='ltr' id='par_1_1' title="bbox 2067 509 2635 587">
     <span class='ocr_line' id='line_1_1' title="bbox 2067 509 2635 587; baseline 0.009 -5"><span class='ocrx_word' id='word_1_1' title='bbox 2067 509 2635 587; x_wconf 71' lang='grc' dir='ltr'>οοΜΜΕΝΤΑιηῙ.</span> 
     </span>
    </p>
   </div>
   <div class='ocr_carea' id='block_1_2' title="bbox 655 639 2313 4698">
    <p class='ocr_par' dir='ltr' id='par_1_2' title="bbox 655 639 2313 4698">
     <span class='ocr_line' id='line_1_2' title="bbox 757 639 2311 724; baseline 0.007 -25"><span class='ocrx_word' id='word_1_2' title='bbox 757 639 932 707; x_wconf 86' lang='grc' dir='ltr'>κελίας</span> <span class='ocrx_word' id='word_1_3' title='bbox 962 639 1156 700; x_wconf 79' lang='grc' dir='ltr'>κόλπον</span> <span class='ocrx_word' id='word_1_4' title='bbox 1175 683 1192 714; x_wconf 94' lang='grc'>,</span> <span class='ocrx_word' id='word_1_5' title='bbox 1233 643 1352 700; x_wconf 75' lang='grc' dir='ltr'>ἀλλ’</span> <span class='ocrx_word' id='word_1_6' title='bbox 1381 647 1454 710; x_wconf 77' lang='grc' dir='ltr'>εἷς</span> <span class='ocrx_word' id='word_1_7' title='bbox 1491 648 1580 702; x_wconf 84' lang='grc' dir='ltr'>τὸν</span> <span class='ocrx_word' id='word_1_8' title='bbox 1625 644 1962 724; x_wconf 81' lang='grc' dir='ltr'>Κορινθιακὸν</span> <span class='ocrx_word' id='word_1_9' title='bbox 1993 645 2185 707; x_wconf 80' lang='grc' dir='ltr'>κόλπον</span> <span class='ocrx_word' id='word_1_10' title='bbox 2215 649 2311 710; x_wconf 75' lang='grc' dir='ltr'>έκ-</span> 
     </span>
     <span class='ocr_line' id='line_1_3' title="bbox 757 719 2313 816; baseline 0.006 -30"><span class='ocrx_word' id='word_1_11' title='bbox 757 727 968 788; x_wconf 74' lang='grc' dir='ltr'>ὅάλλειν</span> <span class='ocrx_word' id='word_1_12' title='bbox 995 727 1183 806; x_wconf 75' lang='grc' dir='ltr'>φησὶν,</span> <span class='ocrx_word' id='word_1_13' title='bbox 1207 732 1276 797; x_wconf 81' lang='grc' dir='ltr'>ὡς</span> <span class='ocrx_word' id='word_1_14' title='bbox 1296 719 1433 790; x_wconf 70' lang='grc' dir='ltr'>εἶναι</span> <span class='ocrx_word' id='word_1_15' title='bbox 1457 729 1547 790; x_wconf 89' lang='grc' dir='ltr'>τὸν</span> <span class='ocrx_word' id='word_1_16' title='bbox 1576 730 1729 792; x_wconf 76' lang='grc' dir='ltr'>αὐτὸν</span> <span class='ocrx_word' id='word_1_17' title='bbox 1757 733 1947 794; x_wconf 90' lang='grc' dir='ltr'>κόλπον</span> <span class='ocrx_word' id='word_1_18' title='bbox 1979 734 2313 816; x_wconf 84' lang='grc' dir='ltr'>Κορινθιακὸν</span> 
     </span>
     <span class='ocr_line' id='line_1_4' title="bbox 756 814 2309 898; baseline 0.006 -24"><span class='ocrx_word' id='word_1_19' title='bbox 756 814 852 892; x_wconf 76' lang='grc' dir='ltr'>μὲν</span> <span class='ocrx_word' id='word_1_20' title='bbox 879 815 1017 874; x_wconf 77' lang='grc' dir='ltr'>κατὰ</span> <span class='ocrx_word' id='word_1_21' title='bbox 1043 815 1132 876; x_wconf 81' lang='grc' dir='ltr'>τὸν</span> <span class='ocrx_word' id='word_1_22' title='bbox 1165 818 1506 898; x_wconf 76' lang='grc' dir='ltr'>Γεωγράφον,</span> <span class='ocrx_word' id='word_1_23' title='bbox 1541 819 1820 880; x_wconf 88' lang='grc' dir='ltr'>Σικελικὸν</span> <span class='ocrx_word' id='word_1_24' title='bbox 1843 821 1898 881; x_wconf 68' lang='grc' dir='ltr'>δὲ</span> <span class='ocrx_word' id='word_1_25' title='bbox 1921 822 2057 882; x_wconf 74' lang='grc' dir='ltr'>κατὰ</span> <span class='ocrx_word' id='word_1_26' title='bbox 2080 823 2166 886; x_wconf 88' lang='grc' dir='ltr'>τὸν</span> <span class='ocrx_word' id='word_1_27' title='bbox 2188 831 2309 886; x_wconf 85' lang='grc' dir='ltr'>Διο-</span> 
     </span>
     <span class='ocr_line' id='line_1_5' title="bbox 753 897 2311 993; baseline 0.006 -31"><span class='ocrx_word' id='word_1_28' title='bbox 753 903 948 964; x_wconf 75' lang='grc' dir='ltr'>νύσιον.</span> <span class='ocrx_word' id='word_1_29' title='bbox 980 905 1242 983; x_wconf 76' lang='grc' dir='ltr'>Ἀχελῷος</span> <span class='ocrx_word' id='word_1_30' title='bbox 1267 904 1322 965; x_wconf 73' lang='grc' dir='ltr'>δὲ</span> <span class='ocrx_word' id='word_1_31' title='bbox 1337 897 1482 973; x_wconf 70' lang='grc' dir='ltr'>οὗτός</span> <span class='ocrx_word' id='word_1_32' title='bbox 1501 910 1658 982; x_wconf 74' lang='grc' dir='ltr'>ἔστιν,</span> <span class='ocrx_word' id='word_1_33' title='bbox 1680 905 1734 976; x_wconf 75' lang='grc' dir='ltr'>ὃς</span> <span class='ocrx_word' id='word_1_34' title='bbox 1755 909 1993 978; x_wconf 77' lang='grc' dir='ltr'>κλασθεὶς</span> <span class='ocrx_word' id='word_1_35' title='bbox 2017 911 2078 970; x_wconf 82' lang='grc' dir='ltr'>τὸ</span> <span class='ocrx_word' id='word_1_36' title='bbox 2099 915 2311 993; x_wconf 79' lang='grc' dir='ltr'>ἄριστε-</span> 
     </span>
     <span class='ocr_line' id='line_1_6' title="bbox 700 990 2313 1082; baseline 0.006 -32"><span class='ocrx_word' id='word_1_37' title='bbox 700 1011 727 1050; x_wconf 77' lang='grc' dir='ltr'>ιι</span> <span class='ocrx_word' id='word_1_38' title='bbox 754 990 840 1073; x_wconf 79' lang='grc' dir='ltr'>ρὸν</span> <span class='ocrx_word' id='word_1_39' title='bbox 867 992 1024 1074; x_wconf 87' lang='grc' dir='ltr'>κέρας</span> <span class='ocrx_word' id='word_1_40' title='bbox 1047 995 1134 1070; x_wconf 76' lang='grc' dir='ltr'>ὑφ’</span> <span class='ocrx_word' id='word_1_41' title='bbox 1166 991 1428 1072; x_wconf 81' lang='grc' dir='ltr'>Ἡρακλεῖ</span> <span class='ocrx_word' id='word_1_42' title='bbox 1448 994 1510 1054; x_wconf 89' lang='grc' dir='ltr'>τὸ</span> <span class='ocrx_word' id='word_1_43' title='bbox 1532 999 1626 1068; x_wconf 74' lang='grc' dir='ltr'>τῆς</span> <span class='ocrx_word' id='word_1_44' title='bbox 1657 995 1964 1076; x_wconf 77' lang='grc' dir='ltr'>Ἀμαλθείας</span> <span class='ocrx_word' id='word_1_45' title='bbox 1987 997 2142 1082; x_wconf 82' lang='grc' dir='ltr'>κέρας</span> <span class='ocrx_word' id='word_1_46' title='bbox 2165 1001 2313 1060; x_wconf 79' lang='grc' dir='ltr'>ἀντέ-</span> 
     </span>
     <span class='ocr_line' id='line_1_7' title="bbox 752 1073 2305 1166; baseline 0.004 -26"><span class='ocrx_word' id='word_1_47' title='bbox 752 1081 884 1140; x_wconf 78' lang='grc' dir='ltr'>δωκε</span> <span class='ocrx_word' id='word_1_48' title='bbox 901 1126 918 1154; x_wconf 93' lang='grc'>,</span> <span class='ocrx_word' id='word_1_49' title='bbox 964 1082 1032 1140; x_wconf 85' lang='grc' dir='ltr'>δι’</span> <span class='ocrx_word' id='word_1_50' title='bbox 1071 1073 1133 1139; x_wconf 70' lang='grc' dir='ltr'>οὗ</span> <span class='ocrx_word' id='word_1_51' title='bbox 1183 1089 1288 1142; x_wconf 75' lang='grc' dir='ltr'>πᾶν</span> <span class='ocrx_word' id='word_1_52' title='bbox 1345 1082 1540 1160; x_wconf 73' lang='grc' dir='ltr'>ἀγαθὸν</span> <span class='ocrx_word' id='word_1_53' title='bbox 1595 1087 1892 1165; x_wconf 72' lang='grc' dir='ltr'>ἐχορηγεῖτο</span> <span class='ocrx_word' id='word_1_54' title='bbox 1920 1088 1996 1165; x_wconf 75' lang='grc' dir='ltr'>τῷ</span> <span class='ocrx_word' id='word_1_55' title='bbox 2038 1087 2305 1166; x_wconf 81' lang='grc' dir='ltr'>χρῄζοντι.</span> 
     </span>
     <span class='ocr_line' id='line_1_8' title="bbox 750 1167 2307 1254; baseline 0.004 -28"><span class='ocrx_word' id='word_1_56' title='bbox 750 1171 925 1231; x_wconf 77' lang='grc' dir='ltr'>Τοῦτο</span> <span class='ocrx_word' id='word_1_57' title='bbox 955 1167 1010 1228; x_wconf 68' lang='grc' dir='ltr'>δὲ</span> <span class='ocrx_word' id='word_1_58' title='bbox 1041 1171 1090 1228; x_wconf 75' lang='grc' dir='ltr'>οἱ</span> <span class='ocrx_word' id='word_1_59' title='bbox 1132 1172 1240 1228; x_wconf 80' lang='grc' dir='ltr'>τῶν</span> <span class='ocrx_word' id='word_1_60' title='bbox 1289 1169 1471 1247; x_wconf 81' lang='grc' dir='ltr'>μύθων</span> <span class='ocrx_word' id='word_1_61' title='bbox 1519 1172 1832 1254; x_wconf 85' lang='grc' dir='ltr'>θεραπευταὶ</span> <span class='ocrx_word' id='word_1_62' title='bbox 1879 1173 2008 1252; x_wconf 88' lang='grc' dir='ltr'>πρὸς</span> <span class='ocrx_word' id='word_1_63' title='bbox 2060 1174 2307 1244; x_wconf 72' lang='grc' dir='ltr'>ἀλήθειαν</span> 
     </span>
     <span class='ocr_line' id='line_1_9' title="bbox 753 1255 2307 1343; baseline 0 -25"><span class='ocrx_word' id='word_1_64' title='bbox 753 1255 1166 1333; x_wconf 74' lang='grc' dir='ltr'>συμὸιὸάζοντες</span> <span class='ocrx_word' id='word_1_65' title='bbox 1214 1255 1442 1318; x_wconf 81' lang='grc' dir='ltr'>τοιοῦτόν</span> <span class='ocrx_word' id='word_1_66' title='bbox 1486 1257 1540 1318; x_wconf 86' lang='grc' dir='ltr'>τί</span> <span class='ocrx_word' id='word_1_67' title='bbox 1567 1281 1721 1343; x_wconf 72' lang='grc' dir='ltr'>φασιν</span> <span class='ocrx_word' id='word_1_68' title='bbox 1763 1259 2098 1322; x_wconf 81' lang='grc' dir='ltr'>αἰνίττεσθαι·</span> <span class='ocrx_word' id='word_1_69' title='bbox 2141 1261 2307 1340; x_wconf 82' lang='grc' dir='ltr'>Ἦρα-</span> 
     </span>
     <span class='ocr_line' id='line_1_10' title="bbox 751 1338 2305 1428; baseline 0.002 -23"><span class='ocrx_word' id='word_1_70' title='bbox 751 1348 882 1418; x_wconf 74' lang='grc' dir='ltr'>κλῆς</span> <span class='ocrx_word' id='word_1_71' title='bbox 931 1346 1220 1428; x_wconf 76' lang='grc' dir='ltr'>εὐεργετεῖν</span> <span class='ocrx_word' id='word_1_72' title='bbox 1259 1345 1405 1414; x_wconf 79' lang='grc' dir='ltr'>εἰδὼς</span> <span class='ocrx_word' id='word_1_73' title='bbox 1455 1345 1568 1414; x_wconf 72' lang='grc' dir='ltr'>τοὺς</span> <span class='ocrx_word' id='word_1_74' title='bbox 1616 1344 1862 1406; x_wconf 75' lang='grc' dir='ltr'>ὅποιποτε</span> <span class='ocrx_word' id='word_1_75' title='bbox 1903 1351 2028 1426; x_wconf 70' lang='grc' dir='ltr'>γῆς,</span> <span class='ocrx_word' id='word_1_76' title='bbox 2079 1338 2192 1408; x_wconf 70' lang='grc' dir='ltr'>εἶτα</span> <span class='ocrx_word' id='word_1_77' title='bbox 2239 1349 2305 1421; x_wconf 77' lang='grc' dir='ltr'>δὴ</span> 
     </span>
     <span class='ocr_line' id='line_1_11' title="bbox 674 1434 2306 1517; baseline 0.003 -26"><span class='ocrx_word' id='word_1_78' title='bbox 674 1450 726 1492; x_wconf 84' lang='lat'>1⁰</span> <span class='ocrx_word' id='word_1_79' title='bbox 753 1436 844 1495; x_wconf 80' lang='grc' dir='ltr'>καὶ</span> <span class='ocrx_word' id='word_1_80' title='bbox 861 1435 952 1495; x_wconf 88' lang='grc' dir='ltr'>τὸν</span> <span class='ocrx_word' id='word_1_81' title='bbox 976 1437 1214 1512; x_wconf 83' lang='grc' dir='ltr'>ποταμὸν</span> <span class='ocrx_word' id='word_1_82' title='bbox 1237 1442 1414 1496; x_wconf 82' lang='grc' dir='ltr'>τοῦτον</span> <span class='ocrx_word' id='word_1_83' title='bbox 1445 1434 1625 1515; x_wconf 84' lang='grc' dir='ltr'>μαθὼν</span> <span class='ocrx_word' id='word_1_84' title='bbox 1658 1438 1978 1515; x_wconf 77' lang='grc' dir='ltr'>πλημμελῶς</span> <span class='ocrx_word' id='word_1_85' title='bbox 2003 1437 2184 1517; x_wconf 78' lang='grc' dir='ltr'>ῥέοντα</span> <span class='ocrx_word' id='word_1_86' title='bbox 2213 1437 2306 1499; x_wconf 81' lang='grc' dir='ltr'>καὶ</span> 
     </span>
     <span class='ocr_line' id='line_1_12' title="bbox 750 1521 2304 1608; baseline 0.002 -27"><span class='ocrx_word' id='word_1_87' title='bbox 750 1530 866 1591; x_wconf 84' lang='grc' dir='ltr'>ταῖς</span> <span class='ocrx_word' id='word_1_88' title='bbox 889 1525 1128 1601; x_wconf 78' lang='grc' dir='ltr'>καμπαῖς</span> <span class='ocrx_word' id='word_1_89' title='bbox 1153 1521 1349 1595; x_wconf 80' lang='grc' dir='ltr'>πολλὴν</span> <span class='ocrx_word' id='word_1_90' title='bbox 1378 1528 1472 1596; x_wconf 80' lang='grc' dir='ltr'>τῆς</span> <span class='ocrx_word' id='word_1_91' title='bbox 1494 1525 1791 1595; x_wconf 74' lang='grc' dir='ltr'>Αἶτωλικῆς</span> <span class='ocrx_word' id='word_1_92' title='bbox 1816 1525 2304 1608; x_wconf 79' lang='grc' dir='ltr'>παρατεμνόμενον,</span> 
     </span>
     <span class='ocr_line' id='line_1_13' title="bbox 755 1608 2305 1696; baseline 0.001 -26"><span class='ocrx_word' id='word_1_93' title='bbox 755 1610 848 1670; x_wconf 78' lang='grc' dir='ltr'>καὶ</span> <span class='ocrx_word' id='word_1_94' title='bbox 877 1608 1040 1678; x_wconf 70' lang='grc' dir='ltr'>οὕτως</span> <span class='ocrx_word' id='word_1_95' title='bbox 1076 1613 1385 1684; x_wconf 75' lang='grc' dir='ltr'>ἀδικοῦντα,</span> <span class='ocrx_word' id='word_1_96' title='bbox 1424 1610 1794 1691; x_wconf 81' lang='grc' dir='ltr'>παραχώμασί</span> <span class='ocrx_word' id='word_1_97' title='bbox 1832 1635 1938 1672; x_wconf 90' lang='grc' dir='ltr'>τισι</span> <span class='ocrx_word' id='word_1_98' title='bbox 1975 1611 2066 1672; x_wconf 77' lang='grc' dir='ltr'>καὶ</span> <span class='ocrx_word' id='word_1_99' title='bbox 2096 1612 2305 1696; x_wconf 80' lang='grc' dir='ltr'>διώρυξι</span> 
     </span>
     <span class='ocr_line' id='line_1_14' title="bbox 751 1697 2303 1783; baseline 0.001 -25"><span class='ocrx_word' id='word_1_100' title='bbox 751 1700 840 1758; x_wconf 79' lang='grc' dir='ltr'>καὶ</span> <span class='ocrx_word' id='word_1_101' title='bbox 869 1697 1170 1779; x_wconf 87' lang='grc' dir='ltr'>διοχετείαις</span> <span class='ocrx_word' id='word_1_102' title='bbox 1210 1697 1360 1758; x_wconf 83' lang='grc' dir='ltr'>αὐτὸν</span> <span class='ocrx_word' id='word_1_103' title='bbox 1404 1698 1671 1759; x_wconf 76' lang='grc' dir='ltr'>έὸιᾶσατο·</span> <span class='ocrx_word' id='word_1_104' title='bbox 1699 1700 1791 1760; x_wconf 78' lang='grc' dir='ltr'>καὶ</span> <span class='ocrx_word' id='word_1_105' title='bbox 1825 1701 2171 1783; x_wconf 72' lang='grc' dir='ltr'>παρατρέψας</span> <span class='ocrx_word' id='word_1_106' title='bbox 2211 1702 2303 1760; x_wconf 79' lang='grc' dir='ltr'>καὶ</span> 
     </span>
     <span class='ocr_line' id='line_1_15' title="bbox 753 1786 2305 1870; baseline 0.001 -24"><span class='ocrx_word' id='word_1_107' title='bbox 753 1788 884 1868; x_wconf 88' lang='grc' dir='ltr'>ῥέειν</span> <span class='ocrx_word' id='word_1_108' title='bbox 925 1787 1198 1870; x_wconf 72' lang='grc' dir='ltr'>σωφρόνως</span> <span class='ocrx_word' id='word_1_109' title='bbox 1247 1786 1472 1859; x_wconf 69' lang='grc' dir='ltr'>ποιήσας</span> <span class='ocrx_word' id='word_1_110' title='bbox 1521 1786 1739 1868; x_wconf 77' lang='grc' dir='ltr'>ἅνέψυξε</span> <span class='ocrx_word' id='word_1_111' title='bbox 1786 1787 1878 1862; x_wconf 79' lang='grc' dir='ltr'>τὴν</span> <span class='ocrx_word' id='word_1_112' title='bbox 1925 1793 2053 1865; x_wconf 75' lang='grc' dir='ltr'>γῆν,</span> <span class='ocrx_word' id='word_1_113' title='bbox 2097 1789 2186 1847; x_wconf 76' lang='grc' dir='ltr'>καὶ</span> <span class='ocrx_word' id='word_1_114' title='bbox 2233 1790 2305 1856; x_wconf 78' lang='grc' dir='ltr'>εἰς</span> 
     </span>
     <span class='ocr_line' id='line_1_16' title="bbox 673 1875 2299 1957; baseline 0 -23"><span class='ocrx_word' id='word_1_115' title='bbox 673 1894 724 1934; x_wconf 74' lang='grc' dir='ltr'>ιο</span> <span class='ocrx_word' id='word_1_116' title='bbox 751 1875 1054 1954; x_wconf 74' lang='grc' dir='ltr'>ἀγαθοποιὸν</span> <span class='ocrx_word' id='word_1_117' title='bbox 1085 1875 1402 1957; x_wconf 78' lang='grc' dir='ltr'>εὐχρηστίαν</span> <span class='ocrx_word' id='word_1_118' title='bbox 1451 1876 1748 1954; x_wconf 74' lang='grc' dir='ltr'>μετήγαγε,</span> <span class='ocrx_word' id='word_1_119' title='bbox 1781 1875 1872 1934; x_wconf 78' lang='grc' dir='ltr'>καὶ</span> <span class='ocrx_word' id='word_1_120' title='bbox 1905 1877 1960 1936; x_wconf 88' lang='grc' dir='ltr'>τὸ</span> <span class='ocrx_word' id='word_1_121' title='bbox 1996 1877 2102 1945; x_wconf 81' lang='grc' dir='ltr'>τοῖς</span> <span class='ocrx_word' id='word_1_122' title='bbox 2131 1879 2299 1956; x_wconf 42' lang='grc' dir='ltr'>ἐγχω-</span> 
     </span>
     <span class='ocr_line' id='line_1_17' title="bbox 749 1961 2305 2044; baseline 0 -22"><span class='ocrx_word' id='word_1_123' title='bbox 749 1962 872 2043; x_wconf 87' lang='grc' dir='ltr'>ρίοις</span> <span class='ocrx_word' id='word_1_124' title='bbox 911 1962 1248 2044; x_wconf 70' lang='grc' dir='ltr'>έπαριστερὸν</span> <span class='ocrx_word' id='word_1_125' title='bbox 1290 1961 1448 2042; x_wconf 86' lang='grc' dir='ltr'>κέρας</span> <span class='ocrx_word' id='word_1_126' title='bbox 1487 1968 1578 2022; x_wconf 80' lang='grc' dir='ltr'>τοῦ</span> <span class='ocrx_word' id='word_1_127' title='bbox 1619 1971 1862 2042; x_wconf 78' lang='grc' dir='ltr'>ποταμοῦ</span> <span class='ocrx_word' id='word_1_128' title='bbox 1887 2010 1904 2038; x_wconf 89' lang='grc'>,</span> <span class='ocrx_word' id='word_1_129' title='bbox 1935 1963 2030 2037; x_wconf 78' lang='grc' dir='ltr'>τὴν</span> <span class='ocrx_word' id='word_1_130' title='bbox 2071 1965 2305 2024; x_wconf 78' lang='grc' dir='ltr'>ἄτακτον</span> 
     </span>
     <span class='ocr_line' id='line_1_18' title="bbox 743 2049 2305 2132; baseline 0.001 -22"><span class='ocrx_word' id='word_1_131' title='bbox 743 2051 958 2128; x_wconf 67' lang='grc' dir='ltr'>καμπὴν</span> <span class='ocrx_word' id='word_1_132' title='bbox 1005 2049 1212 2124; x_wconf 79' lang='grc' dir='ltr'>δηλαδὴ</span> <span class='ocrx_word' id='word_1_133' title='bbox 1239 2051 1336 2122; x_wconf 78' lang='grc' dir='ltr'>τὴν</span> <span class='ocrx_word' id='word_1_134' title='bbox 1365 2054 1438 2118; x_wconf 78' lang='grc' dir='ltr'>ὡς</span> <span class='ocrx_word' id='word_1_135' title='bbox 1473 2053 1638 2111; x_wconf 80' lang='grc' dir='ltr'>εἰπεῖν</span> <span class='ocrx_word' id='word_1_136' title='bbox 1683 2052 1972 2132; x_wconf 77' lang='grc' dir='ltr'>ἀτέραμνον</span> <span class='ocrx_word' id='word_1_137' title='bbox 2019 2055 2109 2112; x_wconf 84' lang='grc' dir='ltr'>καὶ</span> <span class='ocrx_word' id='word_1_138' title='bbox 2140 2056 2305 2128; x_wconf 83' lang='grc' dir='ltr'>σκλη-</span> 
     </span>
     <span class='ocr_line' id='line_1_19' title="bbox 743 2129 2305 2222; baseline 0.003 -24"><span class='ocrx_word' id='word_1_139' title='bbox 743 2138 836 2220; x_wconf 70' lang='grc' dir='ltr'>ρὰν</span> <span class='ocrx_word' id='word_1_140' title='bbox 905 2142 1010 2207; x_wconf 82' lang='grc' dir='ltr'>τοῖς</span> <span class='ocrx_word' id='word_1_141' title='bbox 1059 2141 1199 2217; x_wconf 79' lang='grc' dir='ltr'>ἐκεῖ,</span> <span class='ocrx_word' id='word_1_142' title='bbox 1252 2141 1323 2204; x_wconf 79' lang='grc' dir='ltr'>εἷς</span> <span class='ocrx_word' id='word_1_143' title='bbox 1381 2138 1658 2218; x_wconf 77' lang='grc' dir='ltr'>μαλθακὴν</span> <span class='ocrx_word' id='word_1_144' title='bbox 1712 2129 1818 2200; x_wconf 75' lang='grc' dir='ltr'>οἷον</span> <span class='ocrx_word' id='word_1_145' title='bbox 1872 2141 2305 2222; x_wconf 73' lang='grc' dir='ltr'>ἀντιπεριέστησε</span> 
     </span>
     <span class='ocr_line' id='line_1_20' title="bbox 743 2223 2301 2311; baseline 0 -23"><span class='ocrx_word' id='word_1_146' title='bbox 743 2223 1032 2300; x_wconf 74' lang='grc' dir='ltr'>δεξιότητα.</span> <span class='ocrx_word' id='word_1_147' title='bbox 1127 2225 1236 2288; x_wconf 70' lang='grc' dir='ltr'>Καὶ</span> <span class='ocrx_word' id='word_1_148' title='bbox 1261 2227 1432 2286; x_wconf 75' lang='grc' dir='ltr'>ταῦτά</span> <span class='ocrx_word' id='word_1_149' title='bbox 1457 2228 1558 2286; x_wconf 75' lang='grc' dir='ltr'>εἰσι</span> <span class='ocrx_word' id='word_1_150' title='bbox 1583 2227 1653 2286; x_wconf 76' lang='grc' dir='ltr'>τὰ</span> <span class='ocrx_word' id='word_1_151' title='bbox 1673 2227 1870 2310; x_wconf 85' lang='grc' dir='ltr'>κέρατα</span> <span class='ocrx_word' id='word_1_152' title='bbox 1892 2233 1982 2287; x_wconf 76' lang='grc' dir='ltr'>τοῦ</span> <span class='ocrx_word' id='word_1_153' title='bbox 2016 2226 2301 2311; x_wconf 79' lang='grc' dir='ltr'>Ἀχελῴου,</span> 
     </span>
     <span class='ocr_line' id='line_1_21' title="bbox 664 2315 2303 2396; baseline 0.001 -22"><span class='ocrx_word' id='word_1_154' title='bbox 664 2334 718 2374; x_wconf 77' lang='lat' dir='ltr'>ao</span> <span class='ocrx_word' id='word_1_155' title='bbox 741 2316 802 2376; x_wconf 83' lang='grc' dir='ltr'>τό</span> <span class='ocrx_word' id='word_1_156' title='bbox 830 2340 890 2376; x_wconf 92' lang='grc' dir='ltr'>τε</span> <span class='ocrx_word' id='word_1_157' title='bbox 920 2315 1088 2396; x_wconf 86' lang='grc' dir='ltr'>βίαιον</span> <span class='ocrx_word' id='word_1_158' title='bbox 1115 2315 1177 2377; x_wconf 85' lang='grc' dir='ltr'>τὸ</span> <span class='ocrx_word' id='word_1_159' title='bbox 1217 2315 1581 2391; x_wconf 83' lang='grc' dir='ltr'>καταπονηθὲν</span> <span class='ocrx_word' id='word_1_160' title='bbox 1597 2362 1614 2390; x_wconf 87' lang='grc'>,</span> <span class='ocrx_word' id='word_1_161' title='bbox 1641 2317 1732 2376; x_wconf 75' lang='grc' dir='ltr'>καὶ</span> <span class='ocrx_word' id='word_1_162' title='bbox 1777 2317 1838 2377; x_wconf 89' lang='grc' dir='ltr'>τὸ</span> <span class='ocrx_word' id='word_1_163' title='bbox 1872 2316 2216 2378; x_wconf 76' lang='grc' dir='ltr'>πλουτοποιὸν</span> <span class='ocrx_word' id='word_1_164' title='bbox 2244 2317 2303 2376; x_wconf 87' lang='grc' dir='ltr'>τὸ</span> 
     </span>
     <span class='ocr_line' id='line_1_22' title="bbox 745 2396 2304 2486; baseline -0.001 -23"><span class='ocrx_word' id='word_1_165' title='bbox 745 2405 1036 2483; x_wconf 69' lang='grc' dir='ltr'>ἀντιδοθὶν,</span> <span class='ocrx_word' id='word_1_166' title='bbox 1079 2405 1148 2465; x_wconf 84' lang='grc' dir='ltr'>δι’</span> <span class='ocrx_word' id='word_1_167' title='bbox 1175 2396 1236 2465; x_wconf 70' lang='grc' dir='ltr'>οἶ</span> <span class='ocrx_word' id='word_1_168' title='bbox 1269 2404 1362 2466; x_wconf 74' lang='grc' dir='ltr'>καὶ</span> <span class='ocrx_word' id='word_1_169' title='bbox 1399 2402 1676 2486; x_wconf 77' lang='grc' dir='ltr'>Ἡρακλῆς</span> <span class='ocrx_word' id='word_1_170' title='bbox 1717 2403 1986 2485; x_wconf 82' lang='grc' dir='ltr'>εὗεργέτης</span> <span class='ocrx_word' id='word_1_171' title='bbox 2028 2403 2304 2484; x_wconf 76' lang='grc' dir='ltr'>ἔγνωσται·</span> 
     </span>
     <span class='ocr_line' id='line_1_23' title="bbox 744 2492 2305 2575; baseline 0.001 -24"><span class='ocrx_word' id='word_1_172' title='bbox 744 2492 836 2562; x_wconf 65' lang='grc' dir='ltr'>τὰς</span> <span class='ocrx_word' id='word_1_173' title='bbox 878 2494 984 2574; x_wconf 74' lang='grc' dir='ltr'>γάρ</span> <span class='ocrx_word' id='word_1_174' title='bbox 1025 2515 1110 2554; x_wconf 91' lang='grc' dir='ltr'>τοι</span> <span class='ocrx_word' id='word_1_175' title='bbox 1144 2496 1249 2554; x_wconf 76' lang='grc' dir='ltr'>τῶν</span> <span class='ocrx_word' id='word_1_176' title='bbox 1295 2494 1574 2570; x_wconf 75' lang='grc' dir='ltr'>ποταμίων</span> <span class='ocrx_word' id='word_1_177' title='bbox 1605 2494 1822 2575; x_wconf 84' lang='grc' dir='ltr'>ῥείθρων</span> <span class='ocrx_word' id='word_1_178' title='bbox 1854 2493 2072 2571; x_wconf 75' lang='grc' dir='ltr'>καμπὰς</span> <span class='ocrx_word' id='word_1_179' title='bbox 2107 2492 2305 2572; x_wconf 86' lang='grc' dir='ltr'>κέρατα</span> 
     </span>
     <span class='ocr_line' id='line_1_24' title="bbox 747 2580 2306 2662; baseline -0.001 -23"><span class='ocrx_word' id='word_1_180' title='bbox 747 2583 962 2642; x_wconf 75' lang='grc' dir='ltr'>ἐκάλουν</span> <span class='ocrx_word' id='word_1_181' title='bbox 1005 2585 1055 2642; x_wconf 78' lang='grc' dir='ltr'>οἱ</span> <span class='ocrx_word' id='word_1_182' title='bbox 1085 2580 1338 2656; x_wconf 75' lang='grc' dir='ltr'>παλαιοὶ,</span> <span class='ocrx_word' id='word_1_183' title='bbox 1369 2581 1461 2642; x_wconf 78' lang='grc' dir='ltr'>καὶ</span> <span class='ocrx_word' id='word_1_184' title='bbox 1491 2583 1578 2640; x_wconf 75' lang='grc' dir='ltr'>διὰ</span> <span class='ocrx_word' id='word_1_185' title='bbox 1623 2587 1774 2640; x_wconf 78' lang='grc' dir='ltr'>τοῦτο</span> <span class='ocrx_word' id='word_1_186' title='bbox 1808 2581 2188 2662; x_wconf 81' lang='grc' dir='ltr'>ταυροκριίνους</span> <span class='ocrx_word' id='word_1_187' title='bbox 2213 2583 2306 2639; x_wconf 87' lang='grc' dir='ltr'>καὶ</span> 
     </span>
     <span class='ocr_line' id='line_1_25' title="bbox 745 2667 2304 2754; baseline -0.001 -24"><span class='ocrx_word' id='word_1_188' title='bbox 745 2670 1094 2754; x_wconf 79' lang='grc' dir='ltr'>κερασφόρους</span> <span class='ocrx_word' id='word_1_189' title='bbox 1124 2671 1342 2732; x_wconf 75' lang='grc' dir='ltr'>έτύπουν</span> <span class='ocrx_word' id='word_1_190' title='bbox 1367 2671 1572 2738; x_wconf 75' lang='grc' dir='ltr'>αὐτούς.</span> <span class='ocrx_word' id='word_1_191' title='bbox 1687 2671 1793 2730; x_wconf 84' lang='grc' dir='ltr'>Καὶ</span> <span class='ocrx_word' id='word_1_192' title='bbox 1835 2667 1974 2729; x_wconf 75' lang='grc' dir='ltr'>οὕτω</span> <span class='ocrx_word' id='word_1_193' title='bbox 2020 2670 2118 2747; x_wconf 87' lang='grc' dir='ltr'>μέν</span> <span class='ocrx_word' id='word_1_194' title='bbox 2163 2691 2304 2735; x_wconf 86' lang='grc' dir='ltr'>τινες</span> 
     </span>
     <span class='ocr_line' id='line_1_26' title="bbox 665 2755 2303 2839; baseline -0.004 -17"><span class='ocrx_word' id='word_1_195' title='bbox 665 2783 717 2822; x_wconf 72' lang='lat' dir='ltr'>aa</span> <span class='ocrx_word' id='word_1_196' title='bbox 747 2759 990 2839; x_wconf 78' lang='grc' dir='ltr'>περὶτῶν</span> <span class='ocrx_word' id='word_1_197' title='bbox 1014 2759 1155 2820; x_wconf 73' lang='grc' dir='ltr'>κατὰ</span> <span class='ocrx_word' id='word_1_198' title='bbox 1187 2758 1278 2820; x_wconf 85' lang='grc' dir='ltr'>τὸν</span> <span class='ocrx_word' id='word_1_199' title='bbox 1315 2755 1598 2839; x_wconf 80' lang='grc' dir='ltr'>Ἀχελῷον.</span> <span class='ocrx_word' id='word_1_200' title='bbox 1687 2760 1903 2839; x_wconf 83' lang='grc' dir='ltr'>Ἔτεροι</span> <span class='ocrx_word' id='word_1_201' title='bbox 1935 2758 1990 2818; x_wconf 71' lang='grc' dir='ltr'>δὲ</span> <span class='ocrx_word' id='word_1_202' title='bbox 2027 2759 2180 2819; x_wconf 77' lang='grc' dir='ltr'>αὐτὸν</span> <span class='ocrx_word' id='word_1_203' title='bbox 2207 2759 2303 2837; x_wconf 76' lang='grc' dir='ltr'>μὲν</span> 
     </span>
     <span class='ocr_line' id='line_1_27' title="bbox 743 2844 2303 2930; baseline -0.001 -22"><span class='ocrx_word' id='word_1_204' title='bbox 743 2851 950 2930; x_wconf 73' lang='grc' dir='ltr'>ἀφῆκαν</span> <span class='ocrx_word' id='word_1_205' title='bbox 973 2845 1094 2909; x_wconf 71' lang='grc' dir='ltr'>ὅποι</span> <span class='ocrx_word' id='word_1_206' title='bbox 1123 2847 1362 2928; x_wconf 80' lang='grc' dir='ltr'>βόύλοιτο</span> <span class='ocrx_word' id='word_1_207' title='bbox 1394 2845 1548 2930; x_wconf 82' lang='grc' dir='ltr'>ῥέειν,</span> <span class='ocrx_word' id='word_1_208' title='bbox 1577 2845 1638 2905; x_wconf 87' lang='grc' dir='ltr'>τὸ</span> <span class='ocrx_word' id='word_1_209' title='bbox 1666 2845 1720 2905; x_wconf 70' lang='grc' dir='ltr'>δὲ</span> <span class='ocrx_word' id='word_1_210' title='bbox 1751 2850 1844 2918; x_wconf 79' lang='grc' dir='ltr'>τῆς</span> <span class='ocrx_word' id='word_1_211' title='bbox 1872 2844 2182 2924; x_wconf 78' lang='grc' dir='ltr'>Ἀμαλθείας</span> <span class='ocrx_word' id='word_1_212' title='bbox 2213 2847 2303 2923; x_wconf 86' lang='grc' dir='ltr'>μό-</span> 
     </span>
     <span class='ocr_line' id='line_1_28' title="bbox 736 2933 2303 3016; baseline -0.001 -20"><span class='ocrx_word' id='word_1_213' title='bbox 736 2959 822 2996; x_wconf 90' lang='grc' dir='ltr'>νον</span> <span class='ocrx_word' id='word_1_214' title='bbox 855 2935 1015 3015; x_wconf 77' lang='grc' dir='ltr'>κέρας</span> <span class='ocrx_word' id='word_1_215' title='bbox 1048 2935 1110 2996; x_wconf 87' lang='grc' dir='ltr'>τὸ</span> <span class='ocrx_word' id='word_1_216' title='bbox 1147 2935 1394 3014; x_wconf 79' lang='grc' dir='ltr'>εὔδαιμον</span> <span class='ocrx_word' id='word_1_217' title='bbox 1438 2939 1492 2994; x_wconf 76' lang='grc' dir='ltr'>έν</span> <span class='ocrx_word' id='word_1_218' title='bbox 1519 2935 1660 3016; x_wconf 83' lang='grc' dir='ltr'>λόγῳ</span> <span class='ocrx_word' id='word_1_219' title='bbox 1694 2934 1898 3008; x_wconf 76' lang='grc' dir='ltr'>ἔθεντο,</span> <span class='ocrx_word' id='word_1_220' title='bbox 1917 2934 2010 2993; x_wconf 77' lang='grc' dir='ltr'>καὶ</span> <span class='ocrx_word' id='word_1_221' title='bbox 2039 2933 2100 2995; x_wconf 88' lang='grc' dir='ltr'>τὸ</span> <span class='ocrx_word' id='word_1_222' title='bbox 2126 2937 2303 2995; x_wconf 82' lang='grc' dir='ltr'>αὗτόθι</span> 
     </span>
     <span class='ocr_line' id='line_1_29' title="bbox 736 3022 2301 3106; baseline -0.005 -20"><span class='ocrx_word' id='word_1_223' title='bbox 736 3027 826 3086; x_wconf 75' lang='grc' dir='ltr'>τοῦ</span> <span class='ocrx_word' id='word_1_224' title='bbox 852 3023 1018 3102; x_wconf 75' lang='grc' dir='ltr'>μύθου</span> <span class='ocrx_word' id='word_1_225' title='bbox 1047 3030 1230 3086; x_wconf 78' lang='grc' dir='ltr'>νοσοῦν</span> <span class='ocrx_word' id='word_1_226' title='bbox 1263 3023 1694 3106; x_wconf 62' lang='grc' dir='ltr'>ἐκθεραπεύοντες</span> <span class='ocrx_word' id='word_1_227' title='bbox 1719 3026 1982 3105; x_wconf 78' lang='grc' dir='ltr'>ἱστοροῦσι</span> <span class='ocrx_word' id='word_1_228' title='bbox 2004 3026 2172 3104; x_wconf 73' lang='grc' dir='ltr'>γραῦν</span> <span class='ocrx_word' id='word_1_229' title='bbox 2206 3022 2301 3093; x_wconf 67' lang='grc' dir='ltr'>τὴν</span> 
     </span>
     <span class='ocr_line' id='line_1_30' title="bbox 737 3109 2286 3192; baseline -0.005 -18"><span class='ocrx_word' id='word_1_230' title='bbox 737 3112 1044 3192; x_wconf 78' lang='grc' dir='ltr'>Ἀμάλθειαν</span> <span class='ocrx_word' id='word_1_231' title='bbox 1065 3111 1305 3192; x_wconf 87' lang='grc' dir='ltr'>γενέσθαι</span> <span class='ocrx_word' id='word_1_232' title='bbox 1347 3109 1670 3190; x_wconf 80' lang='grc' dir='ltr'>κερδαλέαν,</span> <span class='ocrx_word' id='word_1_233' title='bbox 1699 3109 2024 3190; x_wconf 62' lang='grc' dir='ltr'>ἐμπορικὴν,</span> <span class='ocrx_word' id='word_1_234' title='bbox 2054 3109 2118 3170; x_wconf 84' lang='grc' dir='ltr'>τὸ</span> <span class='ocrx_word' id='word_1_235' title='bbox 2151 3111 2286 3170; x_wconf 74' lang='grc' dir='ltr'>πολὺ</span> 
     </span>
     <span class='ocr_line' id='line_1_31' title="bbox 661 3197 2299 3280; baseline -0.003 -20"><span class='ocrx_word' id='word_1_236' title='bbox 661 3219 716 3260; x_wconf 78' lang='lat' dir='ltr'>ao</span> <span class='ocrx_word' id='word_1_237' title='bbox 739 3205 828 3272; x_wconf 72' lang='grc' dir='ltr'>τῆς</span> <span class='ocrx_word' id='word_1_238' title='bbox 849 3201 1083 3278; x_wconf 66' lang='grc' dir='ltr'>ἐμπολῆς</span> <span class='ocrx_word' id='word_1_239' title='bbox 1097 3203 1384 3260; x_wconf 73' lang='grc' dir='ltr'>ἕντιθεῖσαν</span> <span class='ocrx_word' id='word_1_240' title='bbox 1401 3200 1614 3280; x_wconf 75' lang='grc' dir='ltr'>κέρατι,</span> <span class='ocrx_word' id='word_1_241' title='bbox 1642 3197 1672 3258; x_wconf 81' lang='grc'><strong>8</strong></span> <span class='ocrx_word' id='word_1_242' title='bbox 1700 3199 1784 3258; x_wconf 77' lang='grc' dir='ltr'>διὰ</span> <span class='ocrx_word' id='word_1_243' title='bbox 1808 3206 1956 3259; x_wconf 80' lang='grc' dir='ltr'>τοῦτο</span> <span class='ocrx_word' id='word_1_244' title='bbox 1979 3197 2299 3273; x_wconf 82' lang='grc' dir='ltr'>Ἀμαλθείας</span> 
     </span>
     <span class='ocr_line' id='line_1_32' title="bbox 739 3283 2295 3369; baseline -0.003 -21"><span class='ocrx_word' id='word_1_245' title='bbox 739 3289 890 3368; x_wconf 83' lang='grc' dir='ltr'>κέρας</span> <span class='ocrx_word' id='word_1_246' title='bbox 919 3289 1200 3369; x_wconf 74' lang='grc' dir='ltr'>ἔφημίζετο</span> <span class='ocrx_word' id='word_1_247' title='bbox 1216 3332 1234 3364; x_wconf 79' lang='grc'>,</span> <span class='ocrx_word' id='word_1_248' title='bbox 1279 3285 1625 3348; x_wconf 81' lang='grc' dir='ltr'>πλουτοποιὸν</span> <span class='ocrx_word' id='word_1_249' title='bbox 1651 3286 1742 3346; x_wconf 79' lang='grc' dir='ltr'>καὶ</span> <span class='ocrx_word' id='word_1_250' title='bbox 1773 3284 2046 3366; x_wconf 66' lang='grc' dir='ltr'>βιωφελές.</span> <span class='ocrx_word' id='word_1_251' title='bbox 2139 3283 2295 3345; x_wconf 83' lang='grc' dir='ltr'>Ἐπεὶ</span> 
     </span>
     <span class='ocr_line' id='line_1_33' title="bbox 740 3372 2294 3458; baseline -0.003 -22"><span class='ocrx_word' id='word_1_252' title='bbox 740 3377 794 3436; x_wconf 65' lang='grc' dir='ltr'>δὲ</span> <span class='ocrx_word' id='word_1_253' title='bbox 825 3375 1094 3456; x_wconf 72' lang='grc' dir='ltr'>Ἡρακλῆς</span> <span class='ocrx_word' id='word_1_254' title='bbox 1131 3376 1446 3458; x_wconf 70' lang='grc' dir='ltr'>ἀφελόμενος</span> <span class='ocrx_word' id='word_1_255' title='bbox 1476 3373 1603 3434; x_wconf 77' lang='grc' dir='ltr'>αὐτὸ</span> <span class='ocrx_word' id='word_1_256' title='bbox 1645 3375 1842 3450; x_wconf 80' lang='grc' dir='ltr'>πλῆρες</span> <span class='ocrx_word' id='word_1_257' title='bbox 1867 3378 1956 3432; x_wconf 80' lang='grc' dir='ltr'>τοῦ</span> <span class='ocrx_word' id='word_1_258' title='bbox 1989 3372 2294 3452; x_wconf 73' lang='grc' dir='ltr'>ἕγκειμένου</span> 
     </span>
     <span class='ocr_line' id='line_1_34' title="bbox 740 3459 2294 3545; baseline -0.001 -23"><span class='ocrx_word' id='word_1_259' title='bbox 740 3461 996 3545; x_wconf 83' lang='grc' dir='ltr'>κέρματος</span> <span class='ocrx_word' id='word_1_260' title='bbox 1030 3465 1122 3522; x_wconf 76' lang='grc' dir='ltr'>καὶ</span> <span class='ocrx_word' id='word_1_261' title='bbox 1147 3463 1480 3543; x_wconf 77' lang='grc' dir='ltr'>χρησάμενος</span> <span class='ocrx_word' id='word_1_262' title='bbox 1527 3465 1685 3534; x_wconf 77' lang='grc' dir='ltr'>ἔζησε</span> <span class='ocrx_word' id='word_1_263' title='bbox 1712 3459 1840 3542; x_wconf 87' lang='grc' dir='ltr'>πρὸς</span> <span class='ocrx_word' id='word_1_264' title='bbox 1872 3460 2102 3542; x_wconf 70' lang='grc' dir='ltr'>τρυφὴν,</span> <span class='ocrx_word' id='word_1_265' title='bbox 2145 3459 2294 3539; x_wconf 81' lang='grc' dir='ltr'>λόγος</span> 
     </span>
     <span class='ocr_line' id='line_1_35' title="bbox 742 3545 2294 3629; baseline -0.003 -17"><span class='ocrx_word' id='word_1_266' title='bbox 742 3554 968 3612; x_wconf 69' lang='grc' dir='ltr'>ἐντεῦθεν</span> <span class='ocrx_word' id='word_1_267' title='bbox 995 3551 1198 3624; x_wconf 82' lang='grc' dir='ltr'>διεδόθη</span> <span class='ocrx_word' id='word_1_268' title='bbox 1231 3551 1458 3620; x_wconf 81' lang='grc' dir='ltr'>ἀστεῖος,</span> <span class='ocrx_word' id='word_1_269' title='bbox 1500 3553 1570 3616; x_wconf 81' lang='grc' dir='ltr'>ὡς</span> <span class='ocrx_word' id='word_1_270' title='bbox 1599 3547 1704 3629; x_wconf 79' lang='grc' dir='ltr'>ἄρα</span> <span class='ocrx_word' id='word_1_271' title='bbox 1729 3551 1806 3629; x_wconf 80' lang='grc' dir='ltr'>τῷ</span> <span class='ocrx_word' id='word_1_272' title='bbox 1828 3545 2090 3628; x_wconf 76' lang='grc' dir='ltr'>Ἡρακλεῖ</span> <span class='ocrx_word' id='word_1_273' title='bbox 2116 3547 2177 3608; x_wconf 90' lang='grc' dir='ltr'>τὸ</span> <span class='ocrx_word' id='word_1_274' title='bbox 2197 3553 2294 3621; x_wconf 81' lang='grc' dir='ltr'>τῆς</span> 
     </span>
     <span class='ocr_line' id='line_1_36' title="bbox 661 3636 2294 3721; baseline -0.003 -18"><span class='ocrx_word' id='word_1_275' title='bbox 661 3667 714 3709; x_wconf 71' lang='lat' dir='ltr'>as</span> <span class='ocrx_word' id='word_1_276' title='bbox 740 3641 1052 3720; x_wconf 82' lang='grc' dir='ltr'>Ἀμαλθείας</span> <span class='ocrx_word' id='word_1_277' title='bbox 1077 3641 1232 3721; x_wconf 86' lang='grc' dir='ltr'>κέρας</span> <span class='ocrx_word' id='word_1_278' title='bbox 1260 3639 1498 3704; x_wconf 70' lang='grc' dir='ltr'>έκὸλῦζει</span> <span class='ocrx_word' id='word_1_279' title='bbox 1518 3649 1625 3698; x_wconf 70' lang='grc' dir='ltr'>πᾶν</span> <span class='ocrx_word' id='word_1_280' title='bbox 1651 3639 1868 3718; x_wconf 71' lang='grc' dir='ltr'>ἀγαθὸν,</span> <span class='ocrx_word' id='word_1_281' title='bbox 1895 3639 1952 3699; x_wconf 82' lang='grc' dir='ltr'>οὗ</span> <span class='ocrx_word' id='word_1_282' title='bbox 1977 3636 2154 3708; x_wconf 78' lang='grc' dir='ltr'>τὸτῆς</span> <span class='ocrx_word' id='word_1_283' title='bbox 2189 3662 2294 3715; x_wconf 77' lang='grc' dir='ltr'>μυ-</span> 
     </span>
     <span class='ocr_line' id='line_1_37' title="bbox 741 3724 2291 3810; baseline -0.005 -20"><span class='ocrx_word' id='word_1_284' title='bbox 741 3735 888 3802; x_wconf 75' lang='grc' dir='ltr'>θικῆς</span> <span class='ocrx_word' id='word_1_285' title='bbox 915 3729 1060 3809; x_wconf 74' lang='grc' dir='ltr'>αἰγὸς</span> <span class='ocrx_word' id='word_1_286' title='bbox 1093 3733 1187 3800; x_wconf 77' lang='grc' dir='ltr'>τῆς</span> <span class='ocrx_word' id='word_1_287' title='bbox 1214 3726 1540 3810; x_wconf 71' lang='grc' dir='ltr'>θρεψαμένης</span> <span class='ocrx_word' id='word_1_288' title='bbox 1567 3728 1656 3787; x_wconf 86' lang='grc' dir='ltr'>τὸν</span> <span class='ocrx_word' id='word_1_289' title='bbox 1691 3727 1934 3808; x_wconf 76' lang='grc' dir='ltr'>Αἰγίοχον</span> <span class='ocrx_word' id='word_1_290' title='bbox 1971 3727 2105 3799; x_wconf 86' lang='grc' dir='ltr'>Δία,</span> <span class='ocrx_word' id='word_1_291' title='bbox 2153 3724 2291 3784; x_wconf 73' lang='grc' dir='ltr'>ἀλλὰ</span> 
     </span>
     <span class='ocr_line' id='line_1_38' title="bbox 739 3811 2292 3899; baseline -0.004 -21"><span class='ocrx_word' id='word_1_292' title='bbox 739 3818 800 3878; x_wconf 83' lang='grc' dir='ltr'>τὸ</span> <span class='ocrx_word' id='word_1_293' title='bbox 826 3824 918 3894; x_wconf 75' lang='grc' dir='ltr'>τῆς</span> <span class='ocrx_word' id='word_1_294' title='bbox 947 3817 1190 3899; x_wconf 82' lang='grc' dir='ltr'>ῥηθείσης</span> <span class='ocrx_word' id='word_1_295' title='bbox 1214 3816 1388 3896; x_wconf 79' lang='grc' dir='ltr'>γραός.</span> <span class='ocrx_word' id='word_1_296' title='bbox 1469 3813 1649 3878; x_wconf 77' lang='grc' dir='ltr'>Ἄλλοι</span> <span class='ocrx_word' id='word_1_297' title='bbox 1679 3817 1734 3877; x_wconf 76' lang='grc' dir='ltr'>δὲ</span> <span class='ocrx_word' id='word_1_298' title='bbox 1763 3816 1822 3875; x_wconf 88' lang='grc' dir='ltr'>τὸ</span> <span class='ocrx_word' id='word_1_299' title='bbox 1849 3821 1940 3888; x_wconf 76' lang='grc' dir='ltr'>τῆς</span> <span class='ocrx_word' id='word_1_300' title='bbox 1981 3811 2292 3889; x_wconf 80' lang='grc' dir='ltr'>Ἀμαλθείας</span> 
     </span>
     <span class='ocr_line' id='line_1_39' title="bbox 738 3898 2288 3990; baseline -0.003 -22"><span class='ocrx_word' id='word_1_301' title='bbox 738 3909 926 3990; x_wconf 72' lang='grc' dir='ltr'>κέρας,</span> <span class='ocrx_word' id='word_1_302' title='bbox 975 3910 1040 3968; x_wconf 77' lang='grc' dir='ltr'>δι’</span> <span class='ocrx_word' id='word_1_303' title='bbox 1069 3898 1232 3988; x_wconf 72' lang='grc' dir='ltr'>οὗπερ</span> <span class='ocrx_word' id='word_1_304' title='bbox 1261 3898 1319 3967; x_wconf 65' lang='grc' dir='ltr'>εὖ</span> <span class='ocrx_word' id='word_1_305' title='bbox 1343 3905 1456 3986; x_wconf 75' lang='grc' dir='ltr'>ἔχει</span> <span class='ocrx_word' id='word_1_306' title='bbox 1492 3903 1560 3964; x_wconf 66' lang='grc' dir='ltr'>τὰ</span> <span class='ocrx_word' id='word_1_307' title='bbox 1597 3905 1736 3966; x_wconf 75' lang='grc' dir='ltr'>κατὰ</span> <span class='ocrx_word' id='word_1_308' title='bbox 1775 3905 1862 3964; x_wconf 88' lang='grc' dir='ltr'>τὸν</span> <span class='ocrx_word' id='word_1_309' title='bbox 1891 3902 2166 3984; x_wconf 78' lang='grc' dir='ltr'>Ἡρακλέα</span> <span class='ocrx_word' id='word_1_310' title='bbox 2185 3947 2202 3974; x_wconf 94' lang='grc'>,</span> <span class='ocrx_word' id='word_1_311' title='bbox 2224 3903 2288 3963; x_wconf 89' lang='grc' dir='ltr'>τὸ</span> 
     </span>
     <span class='ocr_line' id='line_1_40' title="bbox 738 3993 2290 4080; baseline -0.006 -22"><span class='ocrx_word' id='word_1_312' title='bbox 738 3999 964 4077; x_wconf 83' lang='grc' dir='ltr'>σκληρόν</span> <span class='ocrx_word' id='word_1_313' title='bbox 990 4020 1122 4080; x_wconf 74' lang='grc' dir='ltr'>φασι</span> <span class='ocrx_word' id='word_1_314' title='bbox 1161 4001 1256 4069; x_wconf 78' lang='grc' dir='ltr'>τῆς</span> <span class='ocrx_word' id='word_1_315' title='bbox 1297 3995 1498 4068; x_wconf 84' lang='grc' dir='ltr'>διαίτης</span> <span class='ocrx_word' id='word_1_316' title='bbox 1523 3994 1722 4055; x_wconf 74' lang='grc' dir='ltr'>ἔκείνου</span> <span class='ocrx_word' id='word_1_317' title='bbox 1765 3993 1856 4052; x_wconf 78' lang='grc' dir='ltr'>καὶ</span> <span class='ocrx_word' id='word_1_318' title='bbox 1889 3995 1977 4052; x_wconf 82' lang='grc' dir='ltr'>τόν</span> <span class='ocrx_word' id='word_1_319' title='bbox 2006 4015 2134 4052; x_wconf 88' lang='grc' dir='ltr'>ποτε</span> <span class='ocrx_word' id='word_1_320' title='bbox 2167 3993 2290 4050; x_wconf 83' lang='grc' dir='ltr'>κατ’</span> 
     </span>
     <span class='ocr_line' id='line_1_41' title="bbox 655 4078 2287 4168; baseline -0.007 -17"><span class='ocrx_word' id='word_1_321' title='bbox 655 4109 712 4151; x_wconf 73' lang='grc'>40</span> <span class='ocrx_word' id='word_1_322' title='bbox 738 4088 930 4168; x_wconf 73' lang='grc' dir='ltr'>ἀρετὴν</span> <span class='ocrx_word' id='word_1_323' title='bbox 972 4086 1084 4167; x_wconf 91' lang='grc' dir='ltr'>βίον</span> <span class='ocrx_word' id='word_1_324' title='bbox 1115 4085 1436 4147; x_wconf 81' lang='grc' dir='ltr'>αἰνίττεσθαι</span> <span class='ocrx_word' id='word_1_325' title='bbox 1455 4131 1472 4158; x_wconf 97' lang='grc'>,</span> <span class='ocrx_word' id='word_1_326' title='bbox 1507 4085 1734 4153; x_wconf 78' lang='grc' dir='ltr'>ὁπηνίκα</span> <span class='ocrx_word' id='word_1_327' title='bbox 1762 4083 2054 4162; x_wconf 66' lang='grc' dir='ltr'>ἡμίγυμνος</span> <span class='ocrx_word' id='word_1_328' title='bbox 2072 4078 2287 4158; x_wconf 76' lang='grc' dir='ltr'>περιῖὼν</span> 
     </span>
     <span class='ocr_line' id='line_1_42' title="bbox 733 4160 2291 4256; baseline -0.006 -20"><span class='ocrx_word' id='word_1_329' title='bbox 733 4174 826 4236; x_wconf 75' lang='grc' dir='ltr'>καὶ</span> <span class='ocrx_word' id='word_1_330' title='bbox 855 4176 1184 4256; x_wconf 82' lang='grc' dir='ltr'>ἐκκαθαίρων</span> <span class='ocrx_word' id='word_1_331' title='bbox 1228 4175 1418 4242; x_wconf 81' lang='grc' dir='ltr'>κακίας</span> <span class='ocrx_word' id='word_1_332' title='bbox 1443 4173 1539 4247; x_wconf 79' lang='grc' dir='ltr'>τὴν</span> <span class='ocrx_word' id='word_1_333' title='bbox 1577 4177 1677 4252; x_wconf 73' lang='grc' dir='ltr'>γῆν</span> <span class='ocrx_word' id='word_1_334' title='bbox 1718 4175 1775 4232; x_wconf 86' lang='grc' dir='ltr'>οὗ</span> <span class='ocrx_word' id='word_1_335' title='bbox 1806 4174 2084 4249; x_wconf 77' lang='grc' dir='ltr'>μαλθακῶς</span> <span class='ocrx_word' id='word_1_336' title='bbox 2121 4160 2291 4250; x_wconf 70' lang='grc' dir='ltr'>εἶχεν,</span> 
     </span>
     <span class='ocr_line' id='line_1_43' title="bbox 734 4257 2295 4344; baseline -0.004 -24"><span class='ocrx_word' id='word_1_337' title='bbox 734 4263 872 4323; x_wconf 78' lang='grc' dir='ltr'>ἀλλὰ</span> <span class='ocrx_word' id='word_1_338' title='bbox 919 4263 1274 4344; x_wconf 86' lang='grc' dir='ltr'>σκληρότερον</span> <span class='ocrx_word' id='word_1_339' title='bbox 1315 4263 1424 4334; x_wconf 67' lang='grc' dir='ltr'>τοῖς</span> <span class='ocrx_word' id='word_1_340' title='bbox 1461 4262 1676 4344; x_wconf 81' lang='grc' dir='ltr'>φαύλοις</span> <span class='ocrx_word' id='word_1_341' title='bbox 1727 4259 2100 4342; x_wconf 55' lang='grc' dir='ltr'>προσεφέρετο.</span> <span class='ocrx_word' id='word_1_342' title='bbox 2189 4257 2295 4318; x_wconf 72' lang='grc' dir='ltr'>Καὶ</span> 
     </span>
     <span class='ocr_line' id='line_1_44' title="bbox 731 4342 2295 4430; baseline -0.003 -22"><span class='ocrx_word' id='word_1_343' title='bbox 731 4356 885 4410; x_wconf 77' lang='grc' dir='ltr'>τοῦτο</span> <span class='ocrx_word' id='word_1_344' title='bbox 911 4342 976 4424; x_wconf 68' lang='grc' dir='ltr'>ἦν</span> <span class='ocrx_word' id='word_1_345' title='bbox 1024 4349 1086 4410; x_wconf 88' lang='grc' dir='ltr'>τὸ</span> <span class='ocrx_word' id='word_1_346' title='bbox 1135 4353 1230 4422; x_wconf 76' lang='grc' dir='ltr'>τῆς</span> <span class='ocrx_word' id='word_1_347' title='bbox 1269 4349 1586 4428; x_wconf 81' lang='grc' dir='ltr'>Ἀμαλθείας</span> <span class='ocrx_word' id='word_1_348' title='bbox 1633 4349 1824 4430; x_wconf 83' lang='grc' dir='ltr'>κέρας,</span> <span class='ocrx_word' id='word_1_349' title='bbox 1877 4355 1912 4422; x_wconf 77' lang='grc' dir='ltr'>ἡ</span> <span class='ocrx_word' id='word_1_350' title='bbox 1956 4345 2295 4424; x_wconf 77' lang='grc' dir='ltr'>ἆμᾶλθακτος</span> 
     </span>
     <span class='ocr_line' id='line_1_45' title="bbox 732 4433 2295 4518; baseline -0.003 -22"><span class='ocrx_word' id='word_1_351' title='bbox 732 4439 860 4518; x_wconf 79' lang='grc' dir='ltr'>πρὸς</span> <span class='ocrx_word' id='word_1_352' title='bbox 886 4439 1072 4506; x_wconf 86' lang='grc' dir='ltr'>πόνους</span> <span class='ocrx_word' id='word_1_353' title='bbox 1104 4437 1382 4498; x_wconf 73' lang='grc' dir='ltr'>ἀντιτυπία</span> <span class='ocrx_word' id='word_1_354' title='bbox 1409 4445 1505 4499; x_wconf 82' lang='grc' dir='ltr'>τοῦ</span> <span class='ocrx_word' id='word_1_355' title='bbox 1530 4436 1724 4518; x_wconf 74' lang='grc' dir='ltr'>ἥρωος.</span> <span class='ocrx_word' id='word_1_356' title='bbox 1747 4433 1886 4497; x_wconf 83' lang='grc' dir='ltr'>Ὅτε</span> <span class='ocrx_word' id='word_1_357' title='bbox 1913 4437 2089 4514; x_wconf 86' lang='grc' dir='ltr'>μέντοι</span> <span class='ocrx_word' id='word_1_358' title='bbox 2110 4433 2295 4512; x_wconf 75' lang='grc' dir='ltr'>έμελέ·</span> 
     </span>
     <span class='ocr_line' id='line_1_46' title="bbox 656 4523 2292 4607; baseline -0.004 -19"><span class='ocrx_word' id='word_1_359' title='bbox 656 4547 709 4588; x_wconf 74' lang='grc' dir='ltr'>ιο</span> <span class='ocrx_word' id='word_1_360' title='bbox 733 4549 888 4600; x_wconf 85' lang='grc' dir='ltr'>τησεν</span> <span class='ocrx_word' id='word_1_361' title='bbox 911 4529 1165 4607; x_wconf 70' lang='grc' dir='ltr'>οἰκουρεῖν</span> <span class='ocrx_word' id='word_1_362' title='bbox 1183 4569 1200 4599; x_wconf 94' lang='grc'>,</span> <span class='ocrx_word' id='word_1_363' title='bbox 1237 4524 1568 4593; x_wconf 79' lang='grc' dir='ltr'>ἀναπεισθεὶς</span> <span class='ocrx_word' id='word_1_364' title='bbox 1595 4526 1698 4583; x_wconf 77' lang='grc' dir='ltr'>ὑπὸ</span> <span class='ocrx_word' id='word_1_365' title='bbox 1721 4525 1962 4604; x_wconf 85' lang='grc' dir='ltr'>γυναικὸς</span> <span class='ocrx_word' id='word_1_366' title='bbox 1981 4568 1997 4595; x_wconf 96' lang='grc'>,</span> <span class='ocrx_word' id='word_1_367' title='bbox 2025 4523 2116 4582; x_wconf 75' lang='grc' dir='ltr'>καὶ</span> <span class='ocrx_word' id='word_1_368' title='bbox 2135 4545 2292 4582; x_wconf 91' lang='grc' dir='ltr'>σκια-</span> 
     </span>
     <span class='ocr_line' id='line_1_47' title="bbox 733 4611 2290 4698; baseline -0.002 -24"><span class='ocrx_word' id='word_1_369' title='bbox 733 4613 1085 4698; x_wconf 74' lang='grc' dir='ltr'>τραφούμενος</span> <span class='ocrx_word' id='word_1_370' title='bbox 1115 4615 1302 4692; x_wconf 76' lang='grc' dir='ltr'>ἱμάτια</span> <span class='ocrx_word' id='word_1_371' title='bbox 1334 4612 1714 4695; x_wconf 74' lang='grc' dir='ltr'>περιεόἄλλετο</span> <span class='ocrx_word' id='word_1_372' title='bbox 1742 4613 2040 4685; x_wconf 77' lang='grc' dir='ltr'>θάλποντα,</span> <span class='ocrx_word' id='word_1_373' title='bbox 2069 4611 2159 4671; x_wconf 75' lang='grc' dir='ltr'>καὶ</span> <span class='ocrx_word' id='word_1_374' title='bbox 2197 4614 2290 4671; x_wconf 85' lang='grc' dir='ltr'>οὖ-</span> 
     </span>
    </p>
   </div>
   <div class='ocr_carea' id='block_1_3' title="bbox 729 4804 2294 5441">
    <p class='ocr_par' dir='ltr' id='par_1_3' title="bbox 729 4804 2294 5441">
     <span class='ocr_line' id='line_1_48' title="bbox 739 4804 2289 4886; baseline -0.006 -18"><span class='ocrx_word' id='word_1_375' title='bbox 739 4821 792 4868; x_wconf 84' lang='lat' dir='ltr'>C.</span> <span class='ocrx_word' id='word_1_376' title='bbox 831 4815 944 4886; x_wconf 83' lang='lat' dir='ltr'>ss—</span> <span class='ocrx_word' id='word_1_377' title='bbox 974 4831 1024 4870; x_wconf 86' lang='lat'>1.</span> <span class='ocrx_word' id='word_1_378' title='bbox 1055 4814 1235 4886; x_wconf 68' lang='grc' dir='ltr'>πόντον</span> <span class='ocrx_word' id='word_1_379' title='bbox 1263 4815 1466 4869; x_wconf 81' lang='lat' dir='ltr'><em>CKFK</em></span> <span class='ocrx_word' id='word_1_380' title='bbox 1470 4816 1529 4867; x_wconf 83' lang='lat' dir='ltr'><em>M</em></span> <span class='ocrx_word' id='word_1_381' title='bbox 1539 4811 1671 4867; x_wconf 76' lang='lat' dir='ltr'>Ylm.</span> <span class='ocrx_word' id='word_1_382' title='bbox 1703 4808 1958 4863; x_wconf 74' lang='grc' dir='ltr'>ἔκὸάλλειν</span> <span class='ocrx_word' id='word_1_383' title='bbox 1987 4825 2098 4863; x_wconf 90' lang='lat' dir='ltr'>om.</span> <span class='ocrx_word' id='word_1_384' title='bbox 2131 4804 2289 4862; x_wconf 82' lang='lat' dir='ltr'>ENd.</span> 
     </span>
     <span class='ocr_line' id='line_1_49' title="bbox 741 4887 2288 4968; baseline -0.008 -17"><span class='ocrx_word' id='word_1_385' title='bbox 741 4897 762 4966; x_wconf 85' lang='grc' dir='ltr'>ΙΙ</span> <span class='ocrx_word' id='word_1_386' title='bbox 783 4924 857 4937; x_wconf 85' lang='lat'>-—</span> <span class='ocrx_word' id='word_1_387' title='bbox 875 4899 928 4950; x_wconf 88' lang='grc'>6.</span> <span class='ocrx_word' id='word_1_388' title='bbox 957 4895 1062 4956; x_wconf 76' lang='grc' dir='ltr'>τοῖς</span> <span class='ocrx_word' id='word_1_389' title='bbox 1077 4894 1316 4968; x_wconf 75' lang='grc' dir='ltr'>χρῄζουσι</span> <span class='ocrx_word' id='word_1_390' title='bbox 1332 4891 1388 4949; x_wconf 83' lang='lat' dir='ltr'>d.</span> <span class='ocrx_word' id='word_1_391' title='bbox 1419 4894 1531 4964; x_wconf 80' lang='grc'>11-</span> <span class='ocrx_word' id='word_1_392' title='bbox 1552 4895 1606 4947; x_wconf 89' lang='grc'>8.</span> <span class='ocrx_word' id='word_1_393' title='bbox 1640 4889 1920 4960; x_wconf 78' lang='grc' dir='ltr'>βιὸάζοντες</span> <span class='ocrx_word' id='word_1_394' title='bbox 1937 4889 2071 4942; x_wconf 77' lang='grc' dir='ltr'>ΜΠ.</span> <span class='ocrx_word' id='word_1_395' title='bbox 2097 4887 2119 4956; x_wconf 86' lang='grc' dir='ltr'>ΙΙ</span> <span class='ocrx_word' id='word_1_396' title='bbox 2144 4916 2214 4926; x_wconf 91' lang='grc'>-</span> <span class='ocrx_word' id='word_1_397' title='bbox 2234 4905 2288 4955; x_wconf 84' lang='grc'>9.</span> 
     </span>
     <span class='ocr_line' id='line_1_50' title="bbox 732 4963 2294 5041; baseline -0.006 -15"><span class='ocrx_word' id='word_1_398' title='bbox 732 4973 846 5036; x_wconf 63' lang='grc' dir='ltr'>τοὺς</span> <span class='ocrx_word' id='word_1_399' title='bbox 861 4990 971 5028; x_wconf 87' lang='lat' dir='ltr'>om.</span> <span class='ocrx_word' id='word_1_400' title='bbox 1012 4977 1078 5029; x_wconf 87' lang='lat' dir='ltr'>U.</span> <span class='ocrx_word' id='word_1_401' title='bbox 1104 4975 1186 5026; x_wconf 93' lang='lat' dir='ltr'>De</span> <span class='ocrx_word' id='word_1_402' title='bbox 1211 4991 1268 5026; x_wconf 88' lang='lat' dir='ltr'>re</span> <span class='ocrx_word' id='word_1_403' title='bbox 1288 4989 1338 5028; x_wconf 80' lang='lat' dir='ltr'>v.</span> <span class='ocrx_word' id='word_1_404' title='bbox 1367 4969 1555 5025; x_wconf 86' lang='lat' dir='ltr'>Strabo</span> <span class='ocrx_word' id='word_1_405' title='bbox 1568 4987 1622 5041; x_wconf 88' lang='lat' dir='ltr'>p.</span> <span class='ocrx_word' id='word_1_406' title='bbox 1654 4967 1758 5034; x_wconf 73' lang='lat'>458</span> <span class='ocrx_word' id='word_1_407' title='bbox 1776 4988 1792 5034; x_wconf 90' lang='lat'>;</span> <span class='ocrx_word' id='word_1_408' title='bbox 1812 4965 1872 5033; x_wconf 81' lang='grc' dir='ltr'>δὴ</span> <span class='ocrx_word' id='word_1_409' title='bbox 1890 5005 1906 5032; x_wconf 83' lang='grc'>,</span> <span class='ocrx_word' id='word_1_410' title='bbox 1923 4963 2070 5037; x_wconf 91' lang='lat' dir='ltr'>quod</span> <span class='ocrx_word' id='word_1_411' title='bbox 2095 4964 2294 5019; x_wconf 82' lang='lat' dir='ltr'>hahent</span> 
     </span>
     <span class='ocr_line' id='line_1_51' title="bbox 737 5045 2283 5122; baseline -0.008 -16"><span class='ocrx_word' id='word_1_412' title='bbox 737 5055 1156 5117; x_wconf 73' lang='lat' dir='ltr'>GDEFLMNJ&#39;,</span> <span class='ocrx_word' id='word_1_413' title='bbox 1186 5051 1340 5122; x_wconf 78' lang='lat' dir='ltr'>vulgo</span> <span class='ocrx_word' id='word_1_414' title='bbox 1361 5068 1472 5104; x_wconf 89' lang='lat' dir='ltr'>om.</span> <span class='ocrx_word' id='word_1_415' title='bbox 1519 5049 1642 5120; x_wconf 65' lang='grc'>11-</span> <span class='ocrx_word' id='word_1_416' title='bbox 1682 5065 1764 5104; x_wconf 79' lang='grc' dir='ltr'>ιο.</span> <span class='ocrx_word' id='word_1_417' title='bbox 1807 5050 1979 5100; x_wconf 79' lang='grc' dir='ltr'>τοῦτον</span> <span class='ocrx_word' id='word_1_418' title='bbox 2007 5061 2123 5098; x_wconf 87' lang='lat' dir='ltr'>om.</span> <span class='ocrx_word' id='word_1_419' title='bbox 2161 5048 2232 5098; x_wconf 88' lang='lat' dir='ltr'>E.</span> <span class='ocrx_word' id='word_1_420' title='bbox 2261 5045 2283 5120; x_wconf 78' lang='lat' dir='ltr'>fl</span> 
     </span>
     <span class='ocr_line' id='line_1_52' title="bbox 729 5123 2287 5203; baseline -0.007 -17"><span class='ocrx_word' id='word_1_421' title='bbox 729 5160 804 5173; x_wconf 89' lang='lat'>—·</span> <span class='ocrx_word' id='word_1_422' title='bbox 829 5148 912 5185; x_wconf 78' lang='grc' dir='ltr'>ιι.</span> <span class='ocrx_word' id='word_1_423' title='bbox 936 5133 1184 5203; x_wconf 80' lang='grc' dir='ltr'>καμπταῗς</span> <span class='ocrx_word' id='word_1_424' title='bbox 1214 5136 1270 5188; x_wconf 85' lang='lat' dir='ltr'>C.</span> <span class='ocrx_word' id='word_1_425' title='bbox 1301 5131 1324 5203; x_wconf 85' lang='grc' dir='ltr'>ΙΙ</span> <span class='ocrx_word' id='word_1_426' title='bbox 1345 5160 1418 5172; x_wconf 92' lang='grc'>--</span> <span class='ocrx_word' id='word_1_427' title='bbox 1441 5131 1524 5184; x_wconf 87' lang='lat'>15.</span> <span class='ocrx_word' id='word_1_428' title='bbox 1551 5127 1855 5198; x_wconf 72' lang='grc' dir='ltr'>εὐχαριστίαν</span> <span class='ocrx_word' id='word_1_429' title='bbox 1885 5128 1936 5189; x_wconf 91' lang='lat' dir='ltr'>C,</span> <span class='ocrx_word' id='word_1_430' title='bbox 1961 5123 2287 5194; x_wconf 77' lang='grc' dir='ltr'>εὖχαρηοτίαν</span> 
     </span>
     <span class='ocr_line' id='line_1_53' title="bbox 729 5201 2288 5284; baseline -0.006 -19"><span class='ocrx_word' id='word_1_431' title='bbox 729 5209 785 5264; x_wconf 81' lang='lat' dir='ltr'>d.</span> <span class='ocrx_word' id='word_1_432' title='bbox 818 5211 938 5282; x_wconf 69' lang='grc'>[1-</span> <span class='ocrx_word' id='word_1_433' title='bbox 967 5214 1054 5267; x_wconf 86' lang='lat'>18.</span> <span class='ocrx_word' id='word_1_434' title='bbox 1081 5211 1338 5284; x_wconf 83' lang='grc' dir='ltr'>μαλθακόν</span> <span class='ocrx_word' id='word_1_435' title='bbox 1451 5206 1736 5269; x_wconf 79' lang='grc' dir='ltr'>δεξιώτατον</span> <span class='ocrx_word' id='word_1_436' title='bbox 1762 5203 1878 5268; x_wconf 83' lang='lat' dir='ltr'>Dd,·</span> <span class='ocrx_word' id='word_1_437' title='bbox 1907 5201 2013 5256; x_wconf 78' lang='grc' dir='ltr'>οἷον</span> <span class='ocrx_word' id='word_1_438' title='bbox 2041 5201 2192 5256; x_wconf 78' lang='grc' dir='ltr'>εἰπεῖν</span> <span class='ocrx_word' id='word_1_439' title='bbox 2221 5207 2288 5262; x_wconf 89' lang='lat' dir='ltr'>C,-</span> 
     </span>
     <span class='ocr_line' id='line_1_54' title="bbox 733 5285 2283 5362; baseline -0.004 -20"><span class='ocrx_word' id='word_1_440' title='bbox 733 5288 1120 5362; x_wconf 75' lang='grc' dir='ltr'>ἆντιπεριέστησε</span> <span class='ocrx_word' id='word_1_441' title='bbox 1148 5289 1443 5352; x_wconf 74' lang='lat' dir='ltr'>CEMUIm,</span> <span class='ocrx_word' id='word_1_442' title='bbox 1484 5286 1858 5358; x_wconf 75' lang='grc' dir='ltr'>ἀντιπαρέοτησε</span> <span class='ocrx_word' id='word_1_443' title='bbox 1898 5295 2017 5337; x_wconf 88' lang='lat' dir='ltr'>cett.</span> <span class='ocrx_word' id='word_1_444' title='bbox 2059 5285 2283 5352; x_wconf 75' lang='lat'>11—21.</span> 
     </span>
     <span class='ocr_line' id='line_1_55' title="bbox 733 5363 2287 5441; baseline -0.007 -19"><span class='ocrx_word' id='word_1_445' title='bbox 733 5367 1019 5441; x_wconf 72' lang='grc' dir='ltr'>έγνώρισται</span> <span class='ocrx_word' id='word_1_446' title='bbox 1043 5369 1221 5440; x_wconf 56' lang='grc'><strong>1211-</strong></span> <span class='ocrx_word' id='word_1_447' title='bbox 1242 5384 1330 5424; x_wconf 78' lang='lat'>22.</span> <span class='ocrx_word' id='word_1_448' title='bbox 1357 5367 1636 5438; x_wconf 81' lang='grc' dir='ltr'>ποταμείων</span> <span class='ocrx_word' id='word_1_449' title='bbox 1665 5363 1882 5435; x_wconf 78' lang='lat' dir='ltr'>Ed.u—</span> <span class='ocrx_word' id='word_1_450' title='bbox 1909 5363 1996 5417; x_wconf 83' lang='lat'>23.</span> <span class='ocrx_word' id='word_1_451' title='bbox 2020 5379 2287 5431; x_wconf 78' lang='grc' dir='ltr'>ταυροκρα-</span> 
     </span>
    </p>
   </div>
   <div class='ocr_carea' id='block_1_4' title="bbox 3851 547 3965 598">
    <p class='ocr_par' dir='ltr' id='par_1_4' title="bbox 3851 547 3965 598">
     <span class='ocr_line' id='line_1_56' title="bbox 3851 547 3965 598; baseline 0 0"><span class='ocrx_word' id='word_1_452' title='bbox 3851 547 3965 598; x_wconf 77' lang='lat'>299</span> 
     </span>
    </p>
   </div>
   <div class='ocr_carea' id='block_1_5' title="bbox 2392 648 3975 2070">
    <p class='ocr_par' dir='ltr' id='par_1_5' title="bbox 2392 648 3975 2070">
     <span class='ocr_line' id='line_1_57' title="bbox 2403 648 3970 729; baseline 0.008 -27"><span class='ocrx_word' id='word_1_453' title='bbox 2403 648 2577 704; x_wconf 77' lang='lat' dir='ltr'>Sicilia</span> <span class='ocrx_word' id='word_1_454' title='bbox 2600 649 2887 704; x_wconf 79' lang='lat' dir='ltr'>Thrinacia</span> <span class='ocrx_word' id='word_1_455' title='bbox 2916 653 3191 719; x_wconf 86' lang='lat' dir='ltr'>vocitetur,</span> <span class='ocrx_word' id='word_1_456' title='bbox 3214 666 3399 726; x_wconf 84' lang='lat' dir='ltr'>postea</span> <span class='ocrx_word' id='word_1_457' title='bbox 3424 657 3795 729; x_wconf 74' lang='lat' dir='ltr'>explicabitur.</span> <span class='ocrx_word' id='word_1_458' title='bbox 3859 659 3970 714; x_wconf 71' lang='lat'>011·</span> 
     </span>
     <span class='ocr_line' id='line_1_58' title="bbox 2402 730 3971 811; baseline 0.008 -29"><span class='ocrx_word' id='word_1_459' title='bbox 2402 746 2575 784; x_wconf 76' lang='lat' dir='ltr'>serves</span> <span class='ocrx_word' id='word_1_460' title='bbox 2602 747 2729 785; x_wconf 80' lang='lat' dir='ltr'>vero</span> <span class='ocrx_word' id='word_1_461' title='bbox 2766 730 3057 787; x_wconf 81' lang='lat' dir='ltr'>secundum</span> <span class='ocrx_word' id='word_1_462' title='bbox 3093 733 3469 807; x_wconf 80' lang='lat' dir='ltr'>Geographum</span> <span class='ocrx_word' id='word_1_463' title='bbox 3494 741 3514 804; x_wconf 91' lang='lat'>(</span> <span class='ocrx_word' id='word_1_464' title='bbox 3534 755 3596 811; x_wconf 82' lang='lat' dir='ltr'>p.</span> <span class='ocrx_word' id='word_1_465' title='bbox 3630 737 3769 810; x_wconf 88' lang='grc'>335)</span> <span class='ocrx_word' id='word_1_466' title='bbox 3797 739 3971 794; x_wconf 79' lang='lat' dir='ltr'>Ache-</span> 
     </span>
     <span class='ocr_line' id='line_1_59' title="bbox 2402 807 3969 882; baseline 0.009 -20"><span class='ocrx_word' id='word_1_467' title='bbox 2402 807 2547 864; x_wconf 87' lang='lat' dir='ltr'>loum</span> <span class='ocrx_word' id='word_1_468' title='bbox 2589 827 2698 864; x_wconf 90' lang='lat' dir='ltr'>non</span> <span class='ocrx_word' id='word_1_469' title='bbox 2748 810 2803 866; x_wconf 90' lang='lat' dir='ltr'>in</span> <span class='ocrx_word' id='word_1_470' title='bbox 2850 812 3027 866; x_wconf 83' lang='lat' dir='ltr'>sinum</span> <span class='ocrx_word' id='word_1_471' title='bbox 3074 812 3309 868; x_wconf 88' lang='lat' dir='ltr'>Siculum</span> <span class='ocrx_word' id='word_1_472' title='bbox 3354 817 3520 882; x_wconf 83' lang='lat' dir='ltr'>exire,</span> <span class='ocrx_word' id='word_1_473' title='bbox 3568 817 3659 872; x_wconf 85' lang='lat' dir='ltr'>sed</span> <span class='ocrx_word' id='word_1_474' title='bbox 3713 819 3766 873; x_wconf 88' lang='lat' dir='ltr'>in</span> <span class='ocrx_word' id='word_1_475' title='bbox 3796 821 3969 876; x_wconf 86' lang='lat' dir='ltr'>sinum</span> 
     </span>
     <span class='ocr_line' id='line_1_60' title="bbox 2403 888 3973 956; baseline 0.01 -16"><span class='ocrx_word' id='word_1_476' title='bbox 2403 888 2771 955; x_wconf 85' lang='lat' dir='ltr'>Corinthium,</span> <span class='ocrx_word' id='word_1_477' title='bbox 2826 892 2898 946; x_wconf 88' lang='lat' dir='ltr'>ita</span> <span class='ocrx_word' id='word_1_478' title='bbox 2932 903 3003 951; x_wconf 85' lang='lat' dir='ltr'>,ut</span> <span class='ocrx_word' id='word_1_479' title='bbox 3052 891 3191 948; x_wconf 84' lang='lat' dir='ltr'>idem</span> <span class='ocrx_word' id='word_1_480' title='bbox 3247 896 3315 949; x_wconf 88' lang='lat' dir='ltr'>sit</span> <span class='ocrx_word' id='word_1_481' title='bbox 3363 897 3510 950; x_wconf 84' lang='lat' dir='ltr'>sinus</span> <span class='ocrx_word' id='word_1_482' title='bbox 3564 908 3619 953; x_wconf 90' lang='lat' dir='ltr'>et</span> <span class='ocrx_word' id='word_1_483' title='bbox 3667 899 3973 956; x_wconf 79' lang='lat' dir='ltr'>Corinthius</span> 
     </span>
     <span class='ocr_line' id='line_1_61' title="bbox 2400 967 3971 1043; baseline 0.008 -22"><span class='ocrx_word' id='word_1_484' title='bbox 2400 967 2691 1023; x_wconf 78' lang='lat' dir='ltr'>secundum</span> <span class='ocrx_word' id='word_1_485' title='bbox 2732 970 3141 1043; x_wconf 78' lang='lat' dir='ltr'>Geographum,</span> <span class='ocrx_word' id='word_1_486' title='bbox 3169 983 3223 1027; x_wconf 90' lang='lat' dir='ltr'>et</span> <span class='ocrx_word' id='word_1_487' title='bbox 3265 973 3470 1028; x_wconf 82' lang='lat' dir='ltr'>Siculus</span> <span class='ocrx_word' id='word_1_488' title='bbox 3504 974 3799 1031; x_wconf 85' lang='lat' dir='ltr'>secundum</span> <span class='ocrx_word' id='word_1_489' title='bbox 3840 980 3971 1033; x_wconf 88' lang='lat' dir='ltr'>Dio-</span> 
     </span>
     <span class='ocr_line' id='line_1_62' title="bbox 2404 1048 3975 1127; baseline 0.007 -29"><span class='ocrx_word' id='word_1_490' title='bbox 2404 1048 2633 1117; x_wconf 78' lang='lat' dir='ltr'>nysium.</span> <span class='ocrx_word' id='word_1_491' title='bbox 2760 1048 3025 1104; x_wconf 72' lang='lat' dir='ltr'>Achelous</span> <span class='ocrx_word' id='word_1_492' title='bbox 3068 1059 3245 1106; x_wconf 89' lang='lat' dir='ltr'>autem</span> <span class='ocrx_word' id='word_1_493' title='bbox 3276 1051 3363 1106; x_wconf 90' lang='lat' dir='ltr'>bic</span> <span class='ocrx_word' id='word_1_494' title='bbox 3396 1063 3476 1107; x_wconf 81' lang='lat' dir='ltr'>est</span> <span class='ocrx_word' id='word_1_495' title='bbox 3507 1053 3819 1127; x_wconf 87' lang='lat' dir='ltr'>qui,·quum</span> <span class='ocrx_word' id='word_1_496' title='bbox 3848 1057 3975 1110; x_wconf 86' lang='lat' dir='ltr'>sini-</span> 
     </span>
     <span class='ocr_line' id='line_1_63' title="bbox 2402 1129 3972 1202; baseline 0.006 -24"><span class='ocrx_word' id='word_1_497' title='bbox 2402 1136 2575 1182; x_wconf 88' lang='lat' dir='ltr'>strum</span> <span class='ocrx_word' id='word_1_498' title='bbox 2624 1129 2672 1182; x_wconf 92' lang='lat' dir='ltr'>ei</span> <span class='ocrx_word' id='word_1_499' title='bbox 2718 1148 2887 1184; x_wconf 89' lang='lat' dir='ltr'>cornu</span> <span class='ocrx_word' id='word_1_500' title='bbox 2932 1130 3181 1184; x_wconf 87' lang='lat' dir='ltr'>Hercules</span> <span class='ocrx_word' id='word_1_501' title='bbox 3222 1129 3484 1202; x_wconf 75' lang='lat' dir='ltr'>fregisset,</span> <span class='ocrx_word' id='word_1_502' title='bbox 3532 1145 3688 1187; x_wconf 83' lang='lat' dir='ltr'>suurn</span> <span class='ocrx_word' id='word_1_503' title='bbox 3736 1143 3797 1187; x_wconf 91' lang='lat' dir='ltr'>ut</span> <span class='ocrx_word' id='word_1_504' title='bbox 3840 1136 3972 1188; x_wconf 75' lang='lat' dir='ltr'>reci-</span> 
     </span>
     <span class='ocr_line' id='line_1_64' title="bbox 2398 1207 3971 1282; baseline 0.005 -23"><span class='ocrx_word' id='word_1_505' title='bbox 2398 1216 2565 1277; x_wconf 84' lang='lat' dir='ltr'>peret,</span> <span class='ocrx_word' id='word_1_506' title='bbox 2612 1207 2899 1264; x_wconf 73' lang='lat' dir='ltr'>Amaltheae</span> <span class='ocrx_word' id='word_1_507' title='bbox 2937 1227 3103 1263; x_wconf 90' lang='lat' dir='ltr'>cornu</span> <span class='ocrx_word' id='word_1_508' title='bbox 3152 1207 3415 1276; x_wconf 78' lang='lat' dir='ltr'>reddidit,</span> <span class='ocrx_word' id='word_1_509' title='bbox 3470 1227 3580 1282; x_wconf 88' lang='lat' dir='ltr'>quo</span> <span class='ocrx_word' id='word_1_510' title='bbox 3614 1209 3756 1265; x_wconf 83' lang='lat' dir='ltr'>bona</span> <span class='ocrx_word' id='word_1_511' title='bbox 3792 1215 3971 1268; x_wconf 78' lang='lat' dir='ltr'>omnia</span> 
     </span>
     <span class='ocr_line' id='line_1_65' title="bbox 2398 1284 3959 1360; baseline 0.004 -23"><span class='ocrx_word' id='word_1_512' title='bbox 2398 1284 2653 1356; x_wconf 81' lang='lat' dir='ltr'>indigenti</span> <span class='ocrx_word' id='word_1_513' title='bbox 2680 1287 3175 1360; x_wconf 71' lang='lat' dir='ltr'>suppeditabantur.</span> <span class='ocrx_word' id='word_1_514' title='bbox 3214 1289 3331 1343; x_wconf 84' lang='lat' dir='ltr'>Hoc</span> <span class='ocrx_word' id='word_1_515' title='bbox 3363 1306 3489 1344; x_wconf 83' lang='lat' dir='ltr'>vero</span> <span class='ocrx_word' id='word_1_516' title='bbox 3532 1287 3831 1344; x_wconf 78' lang='lat' dir='ltr'>fabularum</span> <span class='ocrx_word' id='word_1_517' title='bbox 3864 1309 3959 1344; x_wconf 85' lang='lat' dir='ltr'>cn·</span> 
     </span>
     <span class='ocr_line' id='line_1_66' title="bbox 2398 1367 3973 1441; baseline 0.004 -23"><span class='ocrx_word' id='word_1_518' title='bbox 2398 1376 2594 1420; x_wconf 88' lang='lat' dir='ltr'>ratores</span> <span class='ocrx_word' id='word_1_519' title='bbox 2618 1367 2685 1422; x_wconf 88' lang='lat' dir='ltr'>ad</span> <span class='ocrx_word' id='word_1_520' title='bbox 2704 1369 2977 1439; x_wconf 74' lang='lat' dir='ltr'>veritatem</span> <span class='ocrx_word' id='word_1_521' title='bbox 3005 1368 3338 1424; x_wconf 78' lang='lat' dir='ltr'>traducentes</span> <span class='ocrx_word' id='word_1_522' title='bbox 3362 1368 3465 1424; x_wconf 88' lang='lat' dir='ltr'>tale</span> <span class='ocrx_word' id='word_1_523' title='bbox 3484 1368 3619 1441; x_wconf 86' lang='lat' dir='ltr'>quid</span> <span class='ocrx_word' id='word_1_524' title='bbox 3636 1369 3973 1426; x_wconf 70' lang='lat' dir='ltr'>subindicare</span> 
     </span>
     <span class='ocr_line' id='line_1_67' title="bbox 2397 1443 3961 1522; baseline 0.005 -25"><span class='ocrx_word' id='word_1_525' title='bbox 2397 1443 2609 1503; x_wconf 86' lang='lat' dir='ltr'>dicunt.</span> <span class='ocrx_word' id='word_1_526' title='bbox 2689 1446 2943 1502; x_wconf 63' lang='lat' dir='ltr'>net-cutm</span> <span class='ocrx_word' id='word_1_527' title='bbox 2961 1489 2976 1515; x_wconf 87' lang='lat'>‚</span> <span class='ocrx_word' id='word_1_528' title='bbox 3006 1450 3099 1522; x_wconf 88' lang='lat' dir='ltr'>qui</span> <span class='ocrx_word' id='word_1_529' title='bbox 3146 1451 3202 1505; x_wconf 90' lang='lat' dir='ltr'>in</span> <span class='ocrx_word' id='word_1_530' title='bbox 3228 1466 3415 1504; x_wconf 75' lang='lat' dir='ltr'>omnes</span> <span class='ocrx_word' id='word_1_531' title='bbox 3454 1447 3662 1522; x_wconf 83' lang='lat' dir='ltr'>ubique</span> <span class='ocrx_word' id='word_1_532' title='bbox 3700 1458 3961 1505; x_wconf 84' lang='lat' dir='ltr'>terrarum</span> 
     </span>
     <span class='ocr_line' id='line_1_68' title="bbox 2397 1524 3967 1599; baseline 0.004 -24"><span class='ocrx_word' id='word_1_533' title='bbox 2397 1524 2641 1576; x_wconf 77' lang='lat' dir='ltr'>mortales</span> <span class='ocrx_word' id='word_1_534' title='bbox 2702 1525 2954 1581; x_wconf 79' lang='lat' dir='ltr'>beneficia</span> <span class='ocrx_word' id='word_1_535' title='bbox 3000 1525 3239 1582; x_wconf 80' lang='lat' dir='ltr'>conferre</span> <span class='ocrx_word' id='word_1_536' title='bbox 3304 1528 3687 1594; x_wconf 79' lang='lat' dir='ltr'>consuevisset,</span> <span class='ocrx_word' id='word_1_537' title='bbox 3753 1538 3967 1599; x_wconf 83' lang='lat' dir='ltr'>postea-</span> 
     </span>
     <span class='ocr_line' id='line_1_69' title="bbox 2396 1604 3969 1679; baseline 0.004 -23"><span class='ocrx_word' id='word_1_538' title='bbox 2396 1620 2555 1672; x_wconf 83' lang='lat' dir='ltr'>quam</span> <span class='ocrx_word' id='word_1_539' title='bbox 2591 1622 2801 1659; x_wconf 86' lang='lat' dir='ltr'>amnem</span> <span class='ocrx_word' id='word_1_540' title='bbox 2832 1605 2979 1660; x_wconf 88' lang='lat' dir='ltr'>hunc</span> <span class='ocrx_word' id='word_1_541' title='bbox 3005 1604 3261 1662; x_wconf 81' lang='lat' dir='ltr'>intellexit</span> <span class='ocrx_word' id='word_1_542' title='bbox 3294 1608 3481 1661; x_wconf 81' lang='lat' dir='ltr'>vitiose</span> <span class='ocrx_word' id='word_1_543' title='bbox 3527 1605 3711 1674; x_wconf 85' lang='lat' dir='ltr'>fluere,</span> <span class='ocrx_word' id='word_1_544' title='bbox 3742 1608 3969 1679; x_wconf 79' lang='lat' dir='ltr'>suisque</span> 
     </span>
     <span class='ocr_line' id='line_1_70' title="bbox 2398 1682 3965 1764; baseline 0.006 -32"><span class='ocrx_word' id='word_1_545' title='bbox 2398 1682 2619 1736; x_wconf 82' lang='lat' dir='ltr'>flexibus</span> <span class='ocrx_word' id='word_1_546' title='bbox 2665 1701 2907 1764; x_wconf 73' lang='lat' dir='ltr'>magnam</span> <span class='ocrx_word' id='word_1_547' title='bbox 2940 1686 3140 1740; x_wconf 78' lang='lat' dir='ltr'>AEtotiae</span> <span class='ocrx_word' id='word_1_548' title='bbox 3188 1698 3391 1760; x_wconf 86' lang='lat' dir='ltr'>partem</span> <span class='ocrx_word' id='word_1_549' title='bbox 3434 1685 3738 1741; x_wconf 82' lang='lat' dir='ltr'>rescindere</span> <span class='ocrx_word' id='word_1_550' title='bbox 3787 1699 3843 1742; x_wconf 88' lang='lat' dir='ltr'>et</span> <span class='ocrx_word' id='word_1_551' title='bbox 3885 1689 3965 1742; x_wconf 87' lang='lat' dir='ltr'>sic</span> 
     </span>
     <span class='ocr_line' id='line_1_71' title="bbox 2394 1761 3971 1838; baseline 0.006 -26"><span class='ocrx_word' id='word_1_552' title='bbox 2394 1761 2709 1818; x_wconf 81' lang='lat' dir='ltr'>damnosum</span> <span class='ocrx_word' id='word_1_553' title='bbox 2748 1783 2895 1830; x_wconf 86' lang='lat' dir='ltr'>esse,</span> <span class='ocrx_word' id='word_1_554' title='bbox 2941 1767 3215 1836; x_wconf 78' lang='lat' dir='ltr'>aggeribus</span> <span class='ocrx_word' id='word_1_555' title='bbox 3256 1765 3579 1838; x_wconf 82' lang='lat' dir='ltr'>quibusdam</span> <span class='ocrx_word' id='word_1_556' title='bbox 3626 1776 3694 1821; x_wconf 84' lang='lat' dir='ltr'>et-</span> <span class='ocrx_word' id='word_1_557' title='bbox 3718 1767 3873 1821; x_wconf 79' lang='lat' dir='ltr'>sossis</span> <span class='ocrx_word' id='word_1_558' title='bbox 3917 1780 3971 1822; x_wconf 93' lang='lat' dir='ltr'>et</span> 
     </span>
     <span class='ocr_line' id='line_1_72' title="bbox 2394 1840 3969 1918; baseline 0.006 -27"><span class='ocrx_word' id='word_1_559' title='bbox 2394 1857 2543 1911; x_wconf 68' lang='lat' dir='ltr'>aquae</span> <span class='ocrx_word' id='word_1_560' title='bbox 2569 1840 2816 1898; x_wconf 85' lang='lat' dir='ltr'>ductibus</span> <span class='ocrx_word' id='word_1_561' title='bbox 2856 1845 3029 1915; x_wconf 85' lang='lat' dir='ltr'>ipsum</span> <span class='ocrx_word' id='word_1_562' title='bbox 3064 1847 3331 1911; x_wconf 87' lang='lat' dir='ltr'>coercuit;</span> <span class='ocrx_word' id='word_1_563' title='bbox 3362 1862 3641 1918; x_wconf 74' lang='lat' dir='ltr'>quumque</span> <span class='ocrx_word' id='word_1_564' title='bbox 3668 1863 3790 1900; x_wconf 78' lang='lat' dir='ltr'>curn</span> <span class='ocrx_word' id='word_1_565' title='bbox 3820 1864 3969 1900; x_wconf 81' lang='lat' dir='ltr'>aver-</span> 
     </span>
     <span class='ocr_line' id='line_1_73' title="bbox 2394 1918 3968 1992; baseline 0.005 -22"><span class='ocrx_word' id='word_1_566' title='bbox 2394 1918 2539 1972; x_wconf 84' lang='lat' dir='ltr'>tisset</span> <span class='ocrx_word' id='word_1_567' title='bbox 2581 1919 2955 1992; x_wconf 82' lang='lat' dir='ltr'>moderateque</span> <span class='ocrx_word' id='word_1_568' title='bbox 2984 1921 3149 1977; x_wconf 70' lang='lat' dir='ltr'>{luere</span> <span class='ocrx_word' id='word_1_569' title='bbox 3204 1923 3432 1987; x_wconf 72' lang='lat' dir='ltr'>fecisset,</span> <span class='ocrx_word' id='word_1_570' title='bbox 3465 1933 3659 1977; x_wconf 82' lang='lat' dir='ltr'>terram</span> <span class='ocrx_word' id='word_1_571' title='bbox 3689 1925 3968 1978; x_wconf 82' lang='lat' dir='ltr'>resiccavit</span> 
     </span>
     <span class='ocr_line' id='line_1_74' title="bbox 2392 2000 3966 2070; baseline 0.006 -20"><span class='ocrx_word' id='word_1_572' title='bbox 2392 2009 2551 2070; x_wconf 85' lang='lat' dir='ltr'>atque</span> <span class='ocrx_word' id='word_1_573' title='bbox 2573 2000 2639 2053; x_wconf 86' lang='lat' dir='ltr'>ad</span> <span class='ocrx_word' id='word_1_574' title='bbox 2666 2001 3005 2056; x_wconf 85' lang='lat' dir='ltr'>commodum</span> <span class='ocrx_word' id='word_1_575' title='bbox 3032 2001 3371 2057; x_wconf 83' lang='lat' dir='ltr'>serendorum</span> <span class='ocrx_word' id='word_1_576' title='bbox 3393 2001 3663 2058; x_wconf 87' lang='lat' dir='ltr'>honorum</span> <span class='ocrx_word' id='word_1_577' title='bbox 3691 2021 3845 2059; x_wconf 84' lang='lat' dir='ltr'>usum</span> <span class='ocrx_word' id='word_1_578' title='bbox 3873 2006 3966 2058; x_wconf 84' lang='lat' dir='ltr'>ad-</span> 
     </span>
    </p>
   </div>
   <div class='ocr_carea' id='block_1_6' title="bbox 2360 2077 3965 2154">
    <p class='ocr_par' dir='ltr' id='par_1_6' title="bbox 2360 2077 3965 2154">
     <span class='ocr_line' id='line_1_75' title="bbox 2360 2077 3965 2154; baseline 0.006 -24"><span class='ocrx_word' id='word_1_579' title='bbox 2360 2094 2367 2100; x_wconf 87' lang='lat'><strong>·</strong></span> <span class='ocrx_word' id='word_1_580' title='bbox 2392 2077 2573 2145; x_wconf 88' lang='lat' dir='ltr'>duxit,</span> <span class='ocrx_word' id='word_1_581' title='bbox 2604 2097 2656 2135; x_wconf 90' lang='lat' dir='ltr'>et</span> <span class='ocrx_word' id='word_1_582' title='bbox 2682 2082 2826 2154; x_wconf 82' lang='lat' dir='ltr'>quod</span> <span class='ocrx_word' id='word_1_583' title='bbox 2855 2082 3045 2137; x_wconf 89' lang='lat' dir='ltr'>incolis</span> <span class='ocrx_word' id='word_1_584' title='bbox 3074 2084 3345 2138; x_wconf 86' lang='lat' dir='ltr'>sinistrum</span> <span class='ocrx_word' id='word_1_585' title='bbox 3366 2093 3475 2138; x_wconf 87' lang='lat' dir='ltr'>erat</span> <span class='ocrx_word' id='word_1_586' title='bbox 3508 2083 3746 2138; x_wconf 81' lang='lat' dir='ltr'>fluminis</span> <span class='ocrx_word' id='word_1_587' title='bbox 3772 2104 3965 2150; x_wconf 81' lang='lat' dir='ltr'>cornu,</span> 
     </span>
    </p>
   </div>
   <div class='ocr_carea' id='block_1_7' title="bbox 2381 2156 3964 4377">
    <p class='ocr_par' dir='ltr' id='par_1_7' title="bbox 2381 2156 3964 4377">
     <span class='ocr_line' id='line_1_76' title="bbox 2394 2156 3955 2234; baseline 0.004 -25"><span class='ocrx_word' id='word_1_588' title='bbox 2394 2156 2747 2213; x_wconf 85' lang='lat' dir='ltr'>inordinatam</span> <span class='ocrx_word' id='word_1_589' title='bbox 2788 2161 3041 2216; x_wconf 86' lang='lat' dir='ltr'>nimirum</span> <span class='ocrx_word' id='word_1_590' title='bbox 3071 2171 3437 2228; x_wconf 77' lang='lat' dir='ltr'>curvaturam,</span> <span class='ocrx_word' id='word_1_591' title='bbox 3463 2179 3625 2234; x_wconf 89' lang='lat' dir='ltr'>quam</span> <span class='ocrx_word' id='word_1_592' title='bbox 3656 2161 3955 2227; x_wconf 83' lang='lat' dir='ltr'>duriorem,</span> 
     </span>
     <span class='ocr_line' id='line_1_77' title="bbox 2396 2239 3962 2317; baseline 0.004 -26"><span class='ocrx_word' id='word_1_593' title='bbox 2396 2247 2455 2291; x_wconf 92' lang='lat' dir='ltr'>ut</span> <span class='ocrx_word' id='word_1_594' title='bbox 2476 2239 2549 2293; x_wconf 91' lang='lat' dir='ltr'>ita</span> <span class='ocrx_word' id='word_1_595' title='bbox 2574 2239 2767 2306; x_wconf 84' lang='lat' dir='ltr'>dicam,</span> <span class='ocrx_word' id='word_1_596' title='bbox 2790 2251 2949 2313; x_wconf 88' lang='lat' dir='ltr'>atque</span> <span class='ocrx_word' id='word_1_597' title='bbox 2971 2243 3292 2315; x_wconf 77' lang='lat' dir='ltr'>asperiorem</span> <span class='ocrx_word' id='word_1_598' title='bbox 3316 2243 3501 2296; x_wconf 78' lang='lat' dir='ltr'>incolae</span> <span class='ocrx_word' id='word_1_599' title='bbox 3528 2243 3962 2317; x_wconf 78' lang='lat' dir='ltr'>experiebantur,</span> 
     </span>
     <span class='ocr_line' id='line_1_78' title="bbox 2392 2316 3959 2398; baseline 0.004 -24"><span class='ocrx_word' id='word_1_600' title='bbox 2392 2319 2460 2374; x_wconf 85' lang='lat' dir='ltr'>ad</span> <span class='ocrx_word' id='word_1_601' title='bbox 2490 2321 2699 2376; x_wconf 88' lang='lat' dir='ltr'>mollem</span> <span class='ocrx_word' id='word_1_602' title='bbox 2726 2323 2885 2378; x_wconf 80' lang='lat' dir='ltr'>veluti</span> <span class='ocrx_word' id='word_1_603' title='bbox 2931 2316 3295 2378; x_wconf 72' lang='lat' dir='ltr'>dexteritatem</span> <span class='ocrx_word' id='word_1_604' title='bbox 3324 2323 3545 2394; x_wconf 75' lang='lat' dir='ltr'>redegit.</span> <span class='ocrx_word' id='word_1_605' title='bbox 3640 2326 3819 2398; x_wconf 77' lang='lat' dir='ltr'>Atque.</span> <span class='ocrx_word' id='word_1_606' title='bbox 3850 2325 3959 2380; x_wconf 76' lang='lat' dir='ltr'>haec</span> 
     </span>
     <span class='ocr_line' id='line_1_79' title="bbox 2393 2401 3963 2474; baseline 0.004 -21"><span class='ocrx_word' id='word_1_607' title='bbox 2393 2415 2591 2455; x_wconf 84' lang='lat' dir='ltr'>cornua</span> <span class='ocrx_word' id='word_1_608' title='bbox 2630 2413 2755 2457; x_wconf 84' lang='lat' dir='ltr'>sunt</span> <span class='ocrx_word' id='word_1_609' title='bbox 2792 2401 3038 2467; x_wconf 77' lang='lat' dir='ltr'>Acheloi,</span> <span class='ocrx_word' id='word_1_610' title='bbox 3100 2412 3215 2456; x_wconf 88' lang='lat' dir='ltr'>tum</span> <span class='ocrx_word' id='word_1_611' title='bbox 3262 2401 3393 2456; x_wconf 90' lang='lat' dir='ltr'>illud</span> <span class='ocrx_word' id='word_1_612' title='bbox 3434 2401 3724 2457; x_wconf 79' lang='lat' dir='ltr'>violentum</span> <span class='ocrx_word' id='word_1_613' title='bbox 3749 2443 3765 2468; x_wconf 92' lang='lat'>,</span> <span class='ocrx_word' id='word_1_614' title='bbox 3814 2404 3963 2474; x_wconf 83' lang='lat' dir='ltr'>quod</span> 
     </span>
     <span class='ocr_line' id='line_1_80' title="bbox 2394 2478 3960 2546; baseline 0.003 -15"><span class='ocrx_word' id='word_1_615' title='bbox 2394 2489 2470 2533; x_wconf 79' lang='lat' dir='ltr'>est</span> <span class='ocrx_word' id='word_1_616' title='bbox 2494 2478 2843 2546; x_wconf 87' lang='lat' dir='ltr'>debilitatum,</span> <span class='ocrx_word' id='word_1_617' title='bbox 2876 2492 2993 2534; x_wconf 86' lang='lat' dir='ltr'>tum</span> <span class='ocrx_word' id='word_1_618' title='bbox 3022 2481 3149 2538; x_wconf 83' lang='lat' dir='ltr'>illud</span> <span class='ocrx_word' id='word_1_619' title='bbox 3180 2481 3449 2536; x_wconf 85' lang='lat' dir='ltr'>lucrosum</span> <span class='ocrx_word' id='word_1_620' title='bbox 3474 2481 3625 2536; x_wconf 83' lang='lat' dir='ltr'>alteri</span> <span class='ocrx_word' id='word_1_621' title='bbox 3654 2481 3741 2535; x_wconf 89' lang='lat' dir='ltr'>isti</span> <span class='ocrx_word' id='word_1_622' title='bbox 3768 2481 3960 2536; x_wconf 84' lang='lat' dir='ltr'>substi-</span> 
     </span>
     <span class='ocr_line' id='line_1_81' title="bbox 2396 2561 3964 2633; baseline 0.003 -22"><span class='ocrx_word' id='word_1_623' title='bbox 2396 2568 2592 2627; x_wconf 87' lang='lat' dir='ltr'>tutum,</span> <span class='ocrx_word' id='word_1_624' title='bbox 2618 2580 2729 2633; x_wconf 89' lang='lat' dir='ltr'>quo</span> <span class='ocrx_word' id='word_1_625' title='bbox 2754 2561 3005 2616; x_wconf 83' lang='lat' dir='ltr'>Hercules</span> <span class='ocrx_word' id='word_1_626' title='bbox 3026 2561 3317 2615; x_wconf 81' lang='lat' dir='ltr'>beneficum</span> <span class='ocrx_word' id='word_1_627' title='bbox 3351 2579 3463 2614; x_wconf 87' lang='lat' dir='ltr'>sese</span> <span class='ocrx_word' id='word_1_628' title='bbox 3488 2561 3761 2632; x_wconf 82' lang='lat' dir='ltr'>proestitit.</span> <span class='ocrx_word' id='word_1_629' title='bbox 3858 2564 3964 2616; x_wconf 89' lang='lat' dir='ltr'>Dc-</span> 
     </span>
     <span class='ocr_line' id='line_1_82' title="bbox 2395 2641 3957 2715; baseline 0 -21"><span class='ocrx_word' id='word_1_630' title='bbox 2395 2641 2722 2696; x_wconf 86' lang='lat' dir='ltr'>currentium</span> <span class='ocrx_word' id='word_1_631' title='bbox 2748 2659 2980 2715; x_wconf 87' lang='lat' dir='ltr'>namque</span> <span class='ocrx_word' id='word_1_632' title='bbox 3002 2642 3237 2695; x_wconf 87' lang='lat' dir='ltr'>amnium</span> <span class='ocrx_word' id='word_1_633' title='bbox 3260 2651 3567 2695; x_wconf 79' lang='lat' dir='ltr'>curvaturas</span> <span class='ocrx_word' id='word_1_634' title='bbox 3592 2659 3795 2695; x_wconf 89' lang='lat' dir='ltr'>cornua</span> <span class='ocrx_word' id='word_1_635' title='bbox 3816 2653 3957 2694; x_wconf 81' lang='lat' dir='ltr'>vete-</span> 
     </span>
     <span class='ocr_line' id='line_1_83' title="bbox 2394 2718 3960 2793; baseline 0 -20"><span class='ocrx_word' id='word_1_636' title='bbox 2394 2737 2478 2773; x_wconf 72' lang='lat' dir='ltr'>re·</span> <span class='ocrx_word' id='word_1_637' title='bbox 2504 2720 2802 2793; x_wconf 79' lang='lat' dir='ltr'>vocabant,</span> <span class='ocrx_word' id='word_1_638' title='bbox 2824 2739 2887 2775; x_wconf 82' lang='lat' dir='ltr'>ac</span> <span class='ocrx_word' id='word_1_639' title='bbox 2912 2731 3193 2793; x_wconf 85' lang='lat' dir='ltr'>propterea</span> <span class='ocrx_word' id='word_1_640' title='bbox 3214 2718 3429 2773; x_wconf 85' lang='lat' dir='ltr'>taurino</span> <span class='ocrx_word' id='word_1_641' title='bbox 3455 2737 3545 2772; x_wconf 89' lang='lat' dir='ltr'>eos</span> <span class='ocrx_word' id='word_1_642' title='bbox 3571 2719 3745 2792; x_wconf 87' lang='lat' dir='ltr'>capite</span> <span class='ocrx_word' id='word_1_643' title='bbox 3769 2719 3960 2791; x_wconf 64' lang='lat' dir='ltr'>praedi-</span> 
     </span>
     <span class='ocr_line' id='line_1_84' title="bbox 2396 2795 3959 2872; baseline -0.001 -20"><span class='ocrx_word' id='word_1_644' title='bbox 2396 2809 2479 2853; x_wconf 75' lang='lat' dir='ltr'>tos</span> <span class='ocrx_word' id='word_1_645' title='bbox 2504 2810 2663 2872; x_wconf 89' lang='lat' dir='ltr'>atque</span> <span class='ocrx_word' id='word_1_646' title='bbox 2687 2800 2991 2870; x_wconf 76' lang='lat' dir='ltr'>cornigeros</span> <span class='ocrx_word' id='word_1_647' title='bbox 3018 2797 3333 2869; x_wconf 78' lang='lat' dir='ltr'>figurabant.</span> <span class='ocrx_word' id='word_1_648' title='bbox 3431 2802 3609 2870; x_wconf 83' lang='lat' dir='ltr'>Atque</span> <span class='ocrx_word' id='word_1_649' title='bbox 3636 2799 3709 2852; x_wconf 89' lang='lat' dir='ltr'>ita</span> <span class='ocrx_word' id='word_1_650' title='bbox 3740 2795 3959 2868; x_wconf 86' lang='lat' dir='ltr'>quidem</span> 
     </span>
     <span class='ocr_line' id='line_1_85' title="bbox 2392 2876 3959 2950; baseline -0.002 -19"><span class='ocrx_word' id='word_1_651' title='bbox 2392 2877 2553 2950; x_wconf 85' lang='lat' dir='ltr'>aliqui</span> <span class='ocrx_word' id='word_1_652' title='bbox 2580 2876 2649 2931; x_wconf 89' lang='lat' dir='ltr'>de</span> <span class='ocrx_word' id='word_1_653' title='bbox 2674 2877 2926 2934; x_wconf 78' lang='lat' dir='ltr'>Acheloo.</span> <span class='ocrx_word' id='word_1_654' title='bbox 2970 2877 3075 2935; x_wconf 76' lang='lat' dir='ltr'>Alii</span> <span class='ocrx_word' id='word_1_655' title='bbox 3098 2893 3248 2942; x_wconf 77' lang='lat' dir='ltr'>vero,</span> <span class='ocrx_word' id='word_1_656' title='bbox 3278 2893 3449 2949; x_wconf 85' lang='lat' dir='ltr'>quum</span> <span class='ocrx_word' id='word_1_657' title='bbox 3475 2876 3639 2931; x_wconf 85' lang='lat' dir='ltr'>ssuere</span> <span class='ocrx_word' id='word_1_658' title='bbox 3662 2893 3783 2929; x_wconf 86' lang='lat' dir='ltr'>eum</span> <span class='ocrx_word' id='word_1_659' title='bbox 3802 2916 3817 2942; x_wconf 85' lang='lat'><strong>‚</strong></span> <span class='ocrx_word' id='word_1_660' title='bbox 3849 2893 3959 2948; x_wconf 82' lang='lat' dir='ltr'>quo</span> 
     </span>
     <span class='ocr_line' id='line_1_86' title="bbox 2394 2953 3959 3023; baseline 0.001 -14"><span class='ocrx_word' id='word_1_661' title='bbox 2394 2957 2563 3023; x_wconf 82' lang='lat' dir='ltr'>vellet,</span> <span class='ocrx_word' id='word_1_662' title='bbox 2592 2957 2755 3012; x_wconf 84' lang='lat' dir='ltr'>libere</span> <span class='ocrx_word' id='word_1_663' title='bbox 2770 2957 3005 3020; x_wconf 80' lang='lat' dir='ltr'>siverint,</span> <span class='ocrx_word' id='word_1_664' title='bbox 3036 2955 3312 3010; x_wconf 64' lang='lat' dir='ltr'>Amalthea!</span> <span class='ocrx_word' id='word_1_665' title='bbox 3330 2954 3502 3009; x_wconf 87' lang='lat' dir='ltr'>solum</span> <span class='ocrx_word' id='word_1_666' title='bbox 3531 2970 3719 3019; x_wconf 88' lang='lat' dir='ltr'>cornu,</span> <span class='ocrx_word' id='word_1_667' title='bbox 3746 2953 3959 3010; x_wconf 85' lang='lat' dir='ltr'>beatum</span> 
     </span>
     <span class='ocr_line' id='line_1_87' title="bbox 2392 3033 3955 3108; baseline 0 -20"><span class='ocrx_word' id='word_1_668' title='bbox 2392 3034 2544 3108; x_wconf 84' lang='lat' dir='ltr'>illud,</span> <span class='ocrx_word' id='word_1_669' title='bbox 2574 3055 2639 3090; x_wconf 89' lang='lat' dir='ltr'>co</span> <span class='ocrx_word' id='word_1_670' title='bbox 2662 3035 3005 3090; x_wconf 83' lang='lat' dir='ltr'>nsiderarunt</span> <span class='ocrx_word' id='word_1_671' title='bbox 3022 3075 3038 3100; x_wconf 92' lang='lat'>,</span> <span class='ocrx_word' id='word_1_672' title='bbox 3070 3045 3124 3088; x_wconf 88' lang='lat' dir='ltr'>et</span> <span class='ocrx_word' id='word_1_673' title='bbox 3148 3033 3337 3089; x_wconf 75' lang='lat' dir='ltr'>fabulae</span> <span class='ocrx_word' id='word_1_674' title='bbox 3378 3035 3549 3088; x_wconf 85' lang='lat' dir='ltr'>labem</span> <span class='ocrx_word' id='word_1_675' title='bbox 3579 3033 3652 3088; x_wconf 87' lang='lat' dir='ltr'>ita</span> <span class='ocrx_word' id='word_1_676' title='bbox 3679 3045 3955 3100; x_wconf 82' lang='lat' dir='ltr'>curarunt,</span> 
     </span>
     <span class='ocr_line' id='line_1_88' title="bbox 2389 3113 3955 3186; baseline -0.004 -14"><span class='ocrx_word' id='word_1_677' title='bbox 2389 3129 2452 3172; x_wconf 91' lang='lat' dir='ltr'>ut</span> <span class='ocrx_word' id='word_1_678' title='bbox 2477 3117 2744 3172; x_wconf 82' lang='lat' dir='ltr'>traderent</span> <span class='ocrx_word' id='word_1_679' title='bbox 2778 3117 3105 3172; x_wconf 79' lang='lat' dir='ltr'>Amaltheam</span> <span class='ocrx_word' id='word_1_680' title='bbox 3130 3113 3483 3185; x_wconf 59' lang='lat' dir='ltr'>anumj&#39;uisse</span> <span class='ocrx_word' id='word_1_681' title='bbox 3518 3122 3871 3186; x_wconf 64' lang='lat' dir='ltr'>quaestuosatn</span> <span class='ocrx_word' id='word_1_682' title='bbox 3904 3124 3955 3166; x_wconf 89' lang='lat' dir='ltr'>et</span> 
     </span>
     <span class='ocr_line' id='line_1_89' title="bbox 2388 3189 3958 3266; baseline -0.003 -18"><span class='ocrx_word' id='word_1_683' title='bbox 2388 3197 2729 3265; x_wconf 77' lang='lat' dir='ltr'>negotiationi</span> <span class='ocrx_word' id='word_1_684' title='bbox 2769 3193 3026 3261; x_wconf 84' lang='lat' dir='ltr'>deditam,</span> <span class='ocrx_word' id='word_1_685' title='bbox 3073 3211 3190 3266; x_wconf 78' lang='lat' dir='ltr'>quae</span> <span class='ocrx_word' id='word_1_686' title='bbox 3228 3191 3362 3246; x_wconf 87' lang='lat' dir='ltr'>lucri</span> <span class='ocrx_word' id='word_1_687' title='bbox 3390 3209 3456 3245; x_wconf 84' lang='lat' dir='ltr'>ex</span> <span class='ocrx_word' id='word_1_688' title='bbox 3483 3190 3570 3246; x_wconf 86' lang='lat' dir='ltr'>illa</span> <span class='ocrx_word' id='word_1_689' title='bbox 3595 3189 3958 3260; x_wconf 76' lang='lat' dir='ltr'>negotiatione</span> 
     </span>
     <span class='ocr_line' id='line_1_90' title="bbox 2389 3266 3954 3346; baseline -0.004 -20"><span class='ocrx_word' id='word_1_690' title='bbox 2389 3275 2671 3328; x_wconf 79' lang='lat' dir='ltr'>maximam</span> <span class='ocrx_word' id='word_1_691' title='bbox 2699 3284 2901 3346; x_wconf 86' lang='lat' dir='ltr'>partem</span> <span class='ocrx_word' id='word_1_692' title='bbox 2928 3275 2985 3327; x_wconf 90' lang='lat' dir='ltr'>in</span> <span class='ocrx_word' id='word_1_693' title='bbox 3010 3289 3177 3326; x_wconf 89' lang='lat' dir='ltr'>cornu</span> <span class='ocrx_word' id='word_1_694' title='bbox 3202 3269 3525 3324; x_wconf 84' lang='lat' dir='ltr'>immitteret</span> <span class='ocrx_word' id='word_1_695' title='bbox 3546 3306 3561 3331; x_wconf 88' lang='lat'>,</span> <span class='ocrx_word' id='word_1_696' title='bbox 3603 3266 3751 3340; x_wconf 90' lang='lat' dir='ltr'>quod</span> <span class='ocrx_word' id='word_1_697' title='bbox 3774 3268 3954 3322; x_wconf 71' lang='lat' dir='ltr'>Annal-</span> 
     </span>
     <span class='ocr_line' id='line_1_91' title="bbox 2388 3344 3957 3424; baseline -0.003 -19"><span class='ocrx_word' id='word_1_698' title='bbox 2388 3351 2519 3405; x_wconf 81' lang='lat' dir='ltr'>tbeae</span> <span class='ocrx_word' id='word_1_699' title='bbox 2554 3361 2835 3424; x_wconf 88' lang='lat' dir='ltr'>propterea</span> <span class='ocrx_word' id='word_1_700' title='bbox 2880 3367 3059 3404; x_wconf 89' lang='lat' dir='ltr'>cornu</span> <span class='ocrx_word' id='word_1_701' title='bbox 3096 3357 3337 3403; x_wconf 77' lang='lat' dir='ltr'>vocatum</span> <span class='ocrx_word' id='word_1_702' title='bbox 3364 3356 3477 3411; x_wconf 87' lang='lat' dir='ltr'>est,</span> <span class='ocrx_word' id='word_1_703' title='bbox 3510 3344 3817 3399; x_wconf 80' lang='lat' dir='ltr'>divitiarum</span> <span class='ocrx_word' id='word_1_704' title='bbox 3844 3345 3957 3400; x_wconf 83' lang='lat' dir='ltr'>effi·</span> 
     </span>
     <span class='ocr_line' id='line_1_92' title="bbox 2386 3424 3943 3502; baseline -0.005 -18"><span class='ocrx_word' id='word_1_705' title='bbox 2386 3432 2529 3484; x_wconf 87' lang='lat' dir='ltr'>ciens</span> <span class='ocrx_word' id='word_1_706' title='bbox 2564 3428 3059 3502; x_wconf 66' lang='lat' dir='ltr'>viteque-perutile.</span> <span class='ocrx_word' id='word_1_707' title='bbox 3160 3424 3430 3494; x_wconf 87' lang='lat' dir='ltr'>Quoniam</span> <span class='ocrx_word' id='word_1_708' title='bbox 3486 3439 3611 3476; x_wconf 80' lang='lat' dir='ltr'>vero</span> <span class='ocrx_word' id='word_1_709' title='bbox 3652 3425 3943 3477; x_wconf 80' lang='lat' dir='ltr'>nummulis</span> 
     </span>
     <span class='ocr_line' id='line_1_93' title="bbox 2384 3501 3945 3584; baseline -0.006 -19"><span class='ocrx_word' id='word_1_710' title='bbox 2384 3511 2644 3584; x_wconf 85' lang='lat' dir='ltr'>repletum</span> <span class='ocrx_word' id='word_1_711' title='bbox 2672 3509 2923 3564; x_wconf 83' lang='lat' dir='ltr'>Hercules</span> <span class='ocrx_word' id='word_1_712' title='bbox 2953 3505 3248 3562; x_wconf 83' lang='lat' dir='ltr'>abstulisset</span> <span class='ocrx_word' id='word_1_713' title='bbox 3264 3542 3279 3568; x_wconf 90' lang='lat'>,</span> <span class='ocrx_word' id='word_1_714' title='bbox 3305 3519 3475 3574; x_wconf 89' lang='lat' dir='ltr'>eoque</span> <span class='ocrx_word' id='word_1_715' title='bbox 3515 3519 3642 3555; x_wconf 86' lang='lat' dir='ltr'>usus</span> <span class='ocrx_word' id='word_1_716' title='bbox 3666 3501 3945 3556; x_wconf 85' lang='lat' dir='ltr'>delicatam</span> 
     </span>
     <span class='ocr_line' id='line_1_94' title="bbox 2384 3579 3952 3661; baseline -0.005 -19"><span class='ocrx_word' id='word_1_717' title='bbox 2384 3594 2541 3644; x_wconf 80' lang='lat' dir='ltr'>vitam</span> <span class='ocrx_word' id='word_1_718' title='bbox 2564 3590 2772 3661; x_wconf 85' lang='lat' dir='ltr'>egisset,</span> <span class='ocrx_word' id='word_1_719' title='bbox 2804 3603 3103 3641; x_wconf 79' lang='lat' dir='ltr'>sermonem</span> <span class='ocrx_word' id='word_1_720' title='bbox 3132 3581 3257 3638; x_wconf 89' lang='lat' dir='ltr'>inde</span> <span class='ocrx_word' id='word_1_721' title='bbox 3282 3579 3549 3636; x_wconf 84' lang='lat' dir='ltr'>urbanum</span> <span class='ocrx_word' id='word_1_722' title='bbox 3570 3597 3682 3635; x_wconf 84' lang='lat' dir='ltr'>esse</span> <span class='ocrx_word' id='word_1_723' title='bbox 3704 3579 3952 3635; x_wconf 87' lang='lat' dir='ltr'>dissemi-</span> 
     </span>
     <span class='ocr_line' id='line_1_95' title="bbox 2384 3659 3949 3738; baseline -0.005 -13"><span class='ocrx_word' id='word_1_724' title='bbox 2384 3681 2599 3738; x_wconf 88' lang='lat' dir='ltr'>natum,</span> <span class='ocrx_word' id='word_1_725' title='bbox 2646 3668 2933 3726; x_wconf 68' lang='lat' dir='ltr'>Amaltheae</span> <span class='ocrx_word' id='word_1_726' title='bbox 2965 3682 3133 3721; x_wconf 90' lang='lat' dir='ltr'>cornu</span> <span class='ocrx_word' id='word_1_727' title='bbox 3164 3661 3381 3718; x_wconf 86' lang='lat' dir='ltr'>Herculi</span> <span class='ocrx_word' id='word_1_728' title='bbox 3434 3661 3575 3717; x_wconf 86' lang='lat' dir='ltr'>bona</span> <span class='ocrx_word' id='word_1_729' title='bbox 3603 3663 3785 3717; x_wconf 84' lang='lat' dir='ltr'>omnia</span> <span class='ocrx_word' id='word_1_730' title='bbox 3812 3659 3949 3718; x_wconf 72' lang='lat' dir='ltr'>effu·</span> 
     </span>
     <span class='ocr_line' id='line_1_96' title="bbox 2382 3739 3953 3819; baseline -0.007 -14"><span class='ocrx_word' id='word_1_731' title='bbox 2382 3749 2551 3816; x_wconf 86' lang='lat' dir='ltr'>disse,</span> <span class='ocrx_word' id='word_1_732' title='bbox 2594 3767 2704 3804; x_wconf 88' lang='lat' dir='ltr'>non</span> <span class='ocrx_word' id='word_1_733' title='bbox 2730 3763 2899 3803; x_wconf 88' lang='lat' dir='ltr'>cornu</span> <span class='ocrx_word' id='word_1_734' title='bbox 2924 3743 3139 3819; x_wconf 90' lang='lat' dir='ltr'>quidem</span> <span class='ocrx_word' id='word_1_735' title='bbox 3164 3759 3335 3815; x_wconf 81' lang='lat' dir='ltr'>caprae</span> <span class='ocrx_word' id='word_1_736' title='bbox 3364 3741 3505 3796; x_wconf 79' lang='lat' dir='ltr'>illius</span> <span class='ocrx_word' id='word_1_737' title='bbox 3532 3739 3802 3807; x_wconf 70' lang='lat' dir='ltr'>fabulosae,</span> <span class='ocrx_word' id='word_1_738' title='bbox 3832 3759 3953 3813; x_wconf 62' lang='lat' dir='ltr'>quae</span> 
     </span>
     <span class='ocr_line' id='line_1_97' title="bbox 2381 3819 3953 3901; baseline -0.007 -17"><span class='ocrx_word' id='word_1_739' title='bbox 2381 3828 2694 3901; x_wconf 80' lang='lat' dir='ltr'>AEgiochum</span> <span class='ocrx_word' id='word_1_740' title='bbox 2719 3830 2905 3882; x_wconf 80' lang='lat' dir='ltr'>Jovem</span> <span class='ocrx_word' id='word_1_741' title='bbox 2933 3823 3183 3890; x_wconf 85' lang='lat' dir='ltr'>nutrivit,</span> <span class='ocrx_word' id='word_1_742' title='bbox 3212 3821 3306 3876; x_wconf 86' lang='lat' dir='ltr'>sed</span> <span class='ocrx_word' id='word_1_743' title='bbox 3343 3837 3516 3876; x_wconf 86' lang='lat' dir='ltr'>cornu</span> <span class='ocrx_word' id='word_1_744' title='bbox 3546 3837 3679 3874; x_wconf 82' lang='lat' dir='ltr'>anus</span> <span class='ocrx_word' id='word_1_745' title='bbox 3706 3819 3863 3887; x_wconf 89' lang='lat' dir='ltr'>illius,</span> <span class='ocrx_word' id='word_1_746' title='bbox 3885 3820 3953 3874; x_wconf 88' lang='lat' dir='ltr'>de</span> 
     </span>
     <span class='ocr_line' id='line_1_98' title="bbox 2381 3899 3948 3982; baseline -0.006 -18"><span class='ocrx_word' id='word_1_747' title='bbox 2381 3927 2486 3982; x_wconf 84' lang='lat' dir='ltr'>qua</span> <span class='ocrx_word' id='word_1_748' title='bbox 2510 3908 2761 3963; x_wconf 87' lang='lat' dir='ltr'>diximus.</span> <span class='ocrx_word' id='word_1_749' title='bbox 2819 3904 2924 3961; x_wconf 80' lang='lat' dir='ltr'>Alii</span> <span class='ocrx_word' id='word_1_750' title='bbox 2952 3914 3127 3959; x_wconf 85' lang='lat' dir='ltr'>tamen</span> <span class='ocrx_word' id='word_1_751' title='bbox 3158 3919 3329 3958; x_wconf 88' lang='lat' dir='ltr'>cornu</span> <span class='ocrx_word' id='word_1_752' title='bbox 3352 3901 3457 3956; x_wconf 89' lang='lat' dir='ltr'>hoc</span> <span class='ocrx_word' id='word_1_753' title='bbox 3483 3899 3776 3956; x_wconf 70' lang='lat' dir='ltr'>Amaltheae</span> <span class='ocrx_word' id='word_1_754' title='bbox 3792 3939 3809 3964; x_wconf 87' lang='lat'>,</span> <span class='ocrx_word' id='word_1_755' title='bbox 3836 3916 3948 3971; x_wconf 86' lang='lat' dir='ltr'>quo</span> 
     </span>
     <span class='ocr_line' id='line_1_99' title="bbox 2384 3977 3941 4059; baseline -0.008 -13"><span class='ocrx_word' id='word_1_756' title='bbox 2384 3991 2519 4046; x_wconf 87' lang='lat' dir='ltr'>bene</span> <span class='ocrx_word' id='word_1_757' title='bbox 2550 4007 2633 4045; x_wconf 85' lang='lat' dir='ltr'>res</span> <span class='ocrx_word' id='word_1_758' title='bbox 2658 3985 2873 4042; x_wconf 80' lang='lat' dir='ltr'>Herculi</span> <span class='ocrx_word' id='word_1_759' title='bbox 2918 3977 3548 4059; x_wconf 71' lang='lat' dir='ltr'>procoeserunt,&#39;volunt</span> <span class='ocrx_word' id='word_1_760' title='bbox 3586 3981 3814 4036; x_wconf 88' lang='lat' dir='ltr'>innuere</span> <span class='ocrx_word' id='word_1_761' title='bbox 3839 3979 3941 4034; x_wconf 85' lang='lat' dir='ltr'>du-</span> 
     </span>
     <span class='ocr_line' id='line_1_100' title="bbox 2385 4058 3945 4135; baseline -0.006 -11"><span class='ocrx_word' id='word_1_762' title='bbox 2385 4088 2503 4124; x_wconf 86' lang='lat' dir='ltr'>rum</span> <span class='ocrx_word' id='word_1_763' title='bbox 2527 4070 2645 4123; x_wconf 77' lang='lat' dir='ltr'>vitae</span> <span class='ocrx_word' id='word_1_764' title='bbox 2672 4067 2807 4121; x_wconf 88' lang='lat' dir='ltr'>illius</span> <span class='ocrx_word' id='word_1_765' title='bbox 2826 4067 3149 4130; x_wconf 88' lang='lat' dir='ltr'>institutum,</span> <span class='ocrx_word' id='word_1_766' title='bbox 3178 4063 3446 4135; x_wconf 80' lang='lat' dir='ltr'>vitamque</span> <span class='ocrx_word' id='word_1_767' title='bbox 3470 4060 3539 4115; x_wconf 86' lang='lat' dir='ltr'>ab</span> <span class='ocrx_word' id='word_1_768' title='bbox 3563 4059 3653 4114; x_wconf 89' lang='lat' dir='ltr'>illo</span> <span class='ocrx_word' id='word_1_769' title='bbox 3680 4058 3751 4114; x_wconf 84' lang='lat' dir='ltr'>ad</span> <span class='ocrx_word' id='word_1_770' title='bbox 3780 4063 3945 4114; x_wconf 80' lang='lat' dir='ltr'>virtu-</span> 
     </span>
     <span class='ocr_line' id='line_1_101' title="bbox 2386 4140 3942 4221; baseline -0.006 -18"><span class='ocrx_word' id='word_1_771' title='bbox 2386 4149 2451 4204; x_wconf 88' lang='lat' dir='ltr'>tis</span> <span class='ocrx_word' id='word_1_772' title='bbox 2498 4147 2782 4221; x_wconf 88' lang='lat' dir='ltr'>aliquando</span> <span class='ocrx_word' id='word_1_773' title='bbox 2840 4145 3045 4217; x_wconf 78' lang='lat' dir='ltr'>regulas</span> <span class='ocrx_word' id='word_1_774' title='bbox 3094 4155 3360 4207; x_wconf 82' lang='lat' dir='ltr'>exactam,</span> <span class='ocrx_word' id='word_1_775' title='bbox 3416 4158 3585 4214; x_wconf 85' lang='lat' dir='ltr'>quum</span> <span class='ocrx_word' id='word_1_776' title='bbox 3632 4140 3942 4195; x_wconf 84' lang='lat' dir='ltr'>seminudus</span> 
     </span>
     <span class='ocr_line' id='line_1_102' title="bbox 2384 4221 3945 4292; baseline -0.008 -8"><span class='ocrx_word' id='word_1_777' title='bbox 2384 4229 2635 4284; x_wconf 86' lang='lat' dir='ltr'>oberrans</span> <span class='ocrx_word' id='word_1_778' title='bbox 2664 4239 2715 4282; x_wconf 89' lang='lat' dir='ltr'>et</span> <span class='ocrx_word' id='word_1_779' title='bbox 2736 4225 2921 4282; x_wconf 86' lang='lat' dir='ltr'>orbem</span> <span class='ocrx_word' id='word_1_780' title='bbox 2957 4235 3216 4279; x_wconf 86' lang='lat' dir='ltr'>terrarum</span> <span class='ocrx_word' id='word_1_781' title='bbox 3242 4241 3274 4277; x_wconf 90' lang='lat' dir='ltr'>a</span> <span class='ocrx_word' id='word_1_782' title='bbox 3302 4221 3452 4276; x_wconf 85' lang='lat' dir='ltr'>malis</span> <span class='ocrx_word' id='word_1_783' title='bbox 3478 4235 3805 4292; x_wconf 80' lang='lat' dir='ltr'>repurgans,</span> <span class='ocrx_word' id='word_1_784' title='bbox 3832 4236 3945 4273; x_wconf 88' lang='lat' dir='ltr'>non</span> 
     </span>
     <span class='ocr_line' id='line_1_103' title="bbox 2386 4299 3949 4377; baseline -0.007 -13"><span class='ocrx_word' id='word_1_785' title='bbox 2386 4308 2545 4366; x_wconf 86' lang='lat' dir='ltr'>molle</span> <span class='ocrx_word' id='word_1_786' title='bbox 2570 4306 2778 4362; x_wconf 77' lang='lat' dir='ltr'>vivendi</span> <span class='ocrx_word' id='word_1_787' title='bbox 2805 4323 2968 4377; x_wconf 76' lang='lat' dir='ltr'>genus</span> <span class='ocrx_word' id='word_1_788' title='bbox 3000 4303 3295 4358; x_wconf 85' lang='lat' dir='ltr'>sectabatur</span> <span class='ocrx_word' id='word_1_789' title='bbox 3311 4343 3327 4368; x_wconf 92' lang='lat'>,</span> <span class='ocrx_word' id='word_1_790' title='bbox 3358 4299 3451 4354; x_wconf 85' lang='lat' dir='ltr'>sed</span> <span class='ocrx_word' id='word_1_791' title='bbox 3480 4299 3667 4353; x_wconf 85' lang='lat' dir='ltr'>durius</span> <span class='ocrx_word' id='word_1_792' title='bbox 3694 4315 3807 4353; x_wconf 87' lang='lat' dir='ltr'>sese</span> <span class='ocrx_word' id='word_1_793' title='bbox 3830 4316 3949 4370; x_wconf 81' lang='lat' dir='ltr'>erga</span> 
     </span>
    </p>
   </div>
   <div class='ocr_carea' id='block_1_8' title="bbox 2384 4376 3949 4598">
    <p class='ocr_par' dir='ltr' id='par_1_8' title="bbox 2384 4376 3949 4598">
     <span class='ocr_line' id='line_1_104' title="bbox 2384 4376 3945 4461; baseline -0.008 -17"><span class='ocrx_word' id='word_1_794' title='bbox 2384 4388 2657 4461; x_wconf 86' lang='lat' dir='ltr'>improbos</span> <span class='ocrx_word' id='word_1_795' title='bbox 2686 4385 2915 4458; x_wconf 73' lang='lat' dir='ltr'>gerebat.</span> <span class='ocrx_word' id='word_1_796' title='bbox 2962 4389 3135 4456; x_wconf 80' lang='lat' dir='ltr'>Atque</span> <span class='ocrx_word' id='word_1_797' title='bbox 3158 4381 3262 4436; x_wconf 89' lang='lat' dir='ltr'>hoc</span> <span class='ocrx_word' id='word_1_798' title='bbox 3291 4390 3405 4436; x_wconf 83' lang='lat' dir='ltr'>erat</span> <span class='ocrx_word' id='word_1_799' title='bbox 3430 4395 3603 4436; x_wconf 83' lang='lat' dir='ltr'>cornu</span> <span class='ocrx_word' id='word_1_800' title='bbox 3621 4376 3945 4442; x_wconf 51' lang='lat' dir='ltr'>Amalthea,</span> 
     </span>
     <span class='ocr_line' id='line_1_105' title="bbox 2387 4449 3948 4530; baseline -0.01 -11"><span class='ocrx_word' id='word_1_801' title='bbox 2387 4464 2560 4519; x_wconf 86' lang='lat' dir='ltr'>herois</span> <span class='ocrx_word' id='word_1_802' title='bbox 2584 4463 2721 4518; x_wconf 89' lang='lat' dir='ltr'>illius</span> <span class='ocrx_word' id='word_1_803' title='bbox 2745 4461 2937 4515; x_wconf 87' lang='lat' dir='ltr'>duritia</span> <span class='ocrx_word' id='word_1_804' title='bbox 2957 4456 3235 4530; x_wconf 82' lang='lat' dir='ltr'>proculab</span> <span class='ocrx_word' id='word_1_805' title='bbox 3272 4454 3419 4510; x_wconf 85' lang='lat' dir='ltr'>omni</span> <span class='ocrx_word' id='word_1_806' title='bbox 3442 4452 3662 4507; x_wconf 83' lang='lat' dir='ltr'>mollitie</span> <span class='ocrx_word' id='word_1_807' title='bbox 3694 4449 3763 4506; x_wconf 87' lang='lat' dir='ltr'>ad</span> <span class='ocrx_word' id='word_1_808' title='bbox 3798 4449 3948 4505; x_wconf 82' lang='lat' dir='ltr'>labo·</span> 
     </span>
     <span class='ocr_line' id='line_1_106' title="bbox 2385 4525 3949 4598; baseline -0.011 -5"><span class='ocrx_word' id='word_1_809' title='bbox 2385 4557 2468 4593; x_wconf 86' lang='lat' dir='ltr'>res</span> <span class='ocrx_word' id='word_1_810' title='bbox 2498 4538 2719 4592; x_wconf 83' lang='lat' dir='ltr'>firmiter</span> <span class='ocrx_word' id='word_1_811' title='bbox 2744 4534 3101 4590; x_wconf 70' lang='lat' dir='ltr'>sustinendos.</span> <span class='ocrx_word' id='word_1_812' title='bbox 3186 4532 3383 4584; x_wconf 85' lang='lat' dir='ltr'>Verum</span> <span class='ocrx_word' id='word_1_813' title='bbox 3423 4539 3759 4598; x_wconf 78' lang='lat' dir='ltr'>posteaquam</span> <span class='ocrx_word' id='word_1_814' title='bbox 3794 4525 3949 4580; x_wconf 86' lang='lat' dir='ltr'>uxori</span> 
     </span>
    </p>
   </div>
   <div class='ocr_carea' id='block_1_9' title="bbox 2384 4603 3949 4675">
    <p class='ocr_par' dir='ltr' id='par_1_9' title="bbox 2384 4603 3949 4675">
     <span class='ocr_line' id='line_1_107' title="bbox 2384 4603 3949 4675; baseline -0.012 -5"><span class='ocrx_word' id='word_1_815' title='bbox 2384 4615 2669 4670; x_wconf 82' lang='lat' dir='ltr'>obsecutus</span> <span class='ocrx_word' id='word_1_816' title='bbox 2714 4611 2857 4664; x_wconf 77' lang='lat' dir='ltr'>(lomi</span> <span class='ocrx_word' id='word_1_817' title='bbox 2888 4629 2943 4662; x_wconf 81' lang='lat' dir='ltr'>se</span> <span class='ocrx_word' id='word_1_818' title='bbox 2969 4609 3239 4661; x_wconf 68' lang='lat' dir='ltr'>mintium-e</span> <span class='ocrx_word' id='word_1_819' title='bbox 3281 4614 3536 4675; x_wconf 57' lang='lat' dir='ltr'>‹ssipen-at,</span> <span class='ocrx_word' id='word_1_820' title='bbox 3586 4603 3801 4670; x_wconf 81' lang='lat' dir='ltr'>otioque</span> <span class='ocrx_word' id='word_1_821' title='bbox 3828 4615 3949 4652; x_wconf 88' lang='lat' dir='ltr'>um·</span> 
     </span>
    </p>
   </div>
   <div class='ocr_carea' id='block_1_10' title="bbox 3738 4727 3924 4742">
    <p class='ocr_par' dir='ltr' id='par_1_10' title="bbox 3738 4727 3924 4742">
     <span class='ocr_line' id='line_1_108' title="bbox 3738 4727 3924 4742; baseline 0 1542"><span class='ocrx_word' id='word_1_822' title='bbox 3738 4727 3924 4742; x_wconf 95' lang='lat' dir='ltr'> </span> 
     </span>
    </p>
   </div>
   <div class='ocr_carea' id='block_1_11' title="bbox 3192 4729 3731 4744">
    <p class='ocr_par' dir='ltr' id='par_1_11' title="bbox 3192 4729 3731 4744">
     <span class='ocr_line' id='line_1_109' title="bbox 3192 4729 3731 4744; baseline -0.011 0"><span class='ocrx_word' id='word_1_823' title='bbox 3192 4735 3249 4744; x_wconf 82' lang='lat'>-—-</span> <span class='ocrx_word' id='word_1_824' title='bbox 3268 4729 3731 4743; x_wconf 66' lang='lat'><strong>--—.-·—-·——.———-</strong></span> 
     </span>
    </p>
   </div>
   <div class='ocr_carea' id='block_1_12' title="bbox 3023 4736 3186 4747">
    <p class='ocr_par' dir='ltr' id='par_1_12' title="bbox 3023 4736 3186 4747">
     <span class='ocr_line' id='line_1_110' title="bbox 3023 4736 3186 4747; baseline 0 1537"><span class='ocrx_word' id='word_1_825' title='bbox 3023 4736 3186 4747; x_wconf 95' lang='lat' dir='ltr'> </span> 
     </span>
    </p>
   </div>
   <div class='ocr_carea' id='block_1_13' title="bbox 2376 4793 3947 5420">
    <p class='ocr_par' dir='ltr' id='par_1_13' title="bbox 2376 4793 3947 5420">
     <span class='ocr_line' id='line_1_111' title="bbox 2383 4793 3945 4874; baseline -0.01 -15"><span class='ocrx_word' id='word_1_826' title='bbox 2383 4806 2511 4867; x_wconf 83' lang='grc' dir='ltr'>νίους</span> <span class='ocrx_word' id='word_1_827' title='bbox 2528 4803 2621 4860; x_wconf 76' lang='lat' dir='ltr'>Ed</span> <span class='ocrx_word' id='word_1_828' title='bbox 2663 4803 2685 4874; x_wconf 82' lang='lat' dir='ltr'>ss</span> <span class='ocrx_word' id='word_1_829' title='bbox 2718 4833 2787 4844; x_wconf 89' lang='lat'>·-</span> <span class='ocrx_word' id='word_1_830' title='bbox 2809 4801 2899 4856; x_wconf 78' lang='lat'>25.</span> <span class='ocrx_word' id='word_1_831' title='bbox 2925 4798 3114 4870; x_wconf 74' lang='grc' dir='ltr'>περὶτὰ</span> <span class='ocrx_word' id='word_1_832' title='bbox 3132 4801 3171 4852; x_wconf 83' lang='grc' dir='ltr'>ἱ.</span> <span class='ocrx_word' id='word_1_833' title='bbox 3189 4837 3203 4861; x_wconf 94' lang='grc'>,</span> <span class='ocrx_word' id='word_1_834' title='bbox 3226 4797 3311 4849; x_wconf 83' lang='grc' dir='ltr'>τὸν</span> <span class='ocrx_word' id='word_1_835' title='bbox 3328 4813 3433 4848; x_wconf 87' lang='lat' dir='ltr'>om.</span> <span class='ocrx_word' id='word_1_836' title='bbox 3468 4796 3667 4848; x_wconf 82' lang='lat' dir='ltr'>CDFL.</span> <span class='ocrx_word' id='word_1_837' title='bbox 3704 4793 3726 4862; x_wconf 83' lang='grc' dir='ltr'>ΙΙ</span> <span class='ocrx_word' id='word_1_838' title='bbox 3756 4821 3833 4832; x_wconf 91' lang='lat'>-—</span> <span class='ocrx_word' id='word_1_839' title='bbox 3856 4793 3945 4844; x_wconf 77' lang='lat'>26.</span> 
     </span>
     <span class='ocr_line' id='line_1_112' title="bbox 2380 4869 3947 4955; baseline -0.01 -18"><span class='ocrx_word' id='word_1_840' title='bbox 2380 4886 2519 4955; x_wconf 75' lang='grc' dir='ltr'>κέρας</span> <span class='ocrx_word' id='word_1_841' title='bbox 2542 4885 2693 4954; x_wconf 85' lang='grc' dir='ltr'>μόνον</span> <span class='ocrx_word' id='word_1_842' title='bbox 2716 4881 2883 4951; x_wconf 55' lang='grc'>041-</span> <span class='ocrx_word' id='word_1_843' title='bbox 2895 4882 2984 4935; x_wconf 78' lang='lat'>28.</span> <span class='ocrx_word' id='word_1_844' title='bbox 3000 4880 3149 4949; x_wconf 78' lang='grc' dir='ltr'>γραῦν</span> <span class='ocrx_word' id='word_1_845' title='bbox 3172 4875 3421 4928; x_wconf 84' lang='lat' dir='ltr'>inlacuna</span> <span class='ocrx_word' id='word_1_846' title='bbox 3434 4889 3545 4926; x_wconf 86' lang='lat' dir='ltr'>om.</span> <span class='ocrx_word' id='word_1_847' title='bbox 3568 4877 3636 4933; x_wconf 85' lang='lat' dir='ltr'>C,·</span> <span class='ocrx_word' id='word_1_848' title='bbox 3660 4869 3947 4941; x_wconf 80' lang='grc' dir='ltr'>κερδαλείαν</span> 
     </span>
     <span class='ocr_line' id='line_1_113' title="bbox 2385 4947 3943 5025; baseline -0.011 -6"><span class='ocrx_word' id='word_1_849' title='bbox 2385 4969 2437 5018; x_wconf 85' lang='lat' dir='ltr'>C.</span> <span class='ocrx_word' id='word_1_850' title='bbox 2464 4967 2546 5018; x_wconf 88' lang='lat' dir='ltr'>De</span> <span class='ocrx_word' id='word_1_851' title='bbox 2573 4964 2672 5017; x_wconf 89' lang='lat' dir='ltr'>hac</span> <span class='ocrx_word' id='word_1_852' title='bbox 2692 4961 2991 5016; x_wconf 87' lang='lat' dir='ltr'>narratione</span> <span class='ocrx_word' id='word_1_853' title='bbox 3018 4957 3088 5012; x_wconf 75' lang='lat' dir='ltr'>cf.</span> <span class='ocrx_word' id='word_1_854' title='bbox 3118 4953 3439 5025; x_wconf 80' lang='lat' dir='ltr'>Palaephatus</span> <span class='ocrx_word' id='word_1_855' title='bbox 3457 4972 3506 5011; x_wconf 87' lang='lat' dir='ltr'>c.</span> <span class='ocrx_word' id='word_1_856' title='bbox 3530 4955 3618 5017; x_wconf 66' lang='lat'>46,</span> <span class='ocrx_word' id='word_1_857' title='bbox 3646 4970 3700 5024; x_wconf 87' lang='lat' dir='ltr'>p.</span> <span class='ocrx_word' id='word_1_858' title='bbox 3727 4951 3831 5019; x_wconf 85' lang='lat'>307</span> <span class='ocrx_word' id='word_1_859' title='bbox 3852 4947 3943 5002; x_wconf 91' lang='lat' dir='ltr'>ed.</span> 
     </span>
     <span class='ocr_line' id='line_1_114' title="bbox 2378 5027 3928 5111; baseline -0.012 -12"><span class='ocrx_word' id='word_1_860' title='bbox 2378 5045 2783 5111; x_wconf 59' lang='lat' dir='ltr'>W&#39;esterm.ss--</span> <span class='ocrx_word' id='word_1_861' title='bbox 2804 5041 2893 5094; x_wconf 76' lang='lat'>31,</span> <span class='ocrx_word' id='word_1_862' title='bbox 2919 5034 3161 5103; x_wconf 55' lang='grc' dir='ltr'>ἐπιδ-ἠὼ·</span> <span class='ocrx_word' id='word_1_863' title='bbox 3179 5034 3207 5087; x_wconf 85' lang='grc' dir='ltr'>ὁ</span> <span class='ocrx_word' id='word_1_864' title='bbox 3228 5031 3437 5105; x_wconf 81' lang='grc' dir='ltr'>Ἧρακλ.</span> <span class='ocrx_word' id='word_1_865' title='bbox 3452 5030 3635 5086; x_wconf 87' lang='lat' dir='ltr'>codd..</span> <span class='ocrx_word' id='word_1_866' title='bbox 3658 5048 3774 5084; x_wconf 75' lang='lat' dir='ltr'>exc.</span> <span class='ocrx_word' id='word_1_867' title='bbox 3797 5027 3928 5085; x_wconf 75' lang='lat' dir='ltr'>ctsd</span> 
     </span>
     <span class='ocr_line' id='line_1_115' title="bbox 2386 5106 3947 5194; baseline -0.012 -18"><span class='ocrx_word' id='word_1_868' title='bbox 2386 5125 2407 5194; x_wconf 76' lang='grc' dir='ltr'>ΙΙ</span> <span class='ocrx_word' id='word_1_869' title='bbox 2448 5152 2522 5165; x_wconf 91' lang='lat'>—-</span> <span class='ocrx_word' id='word_1_870' title='bbox 2548 5123 2635 5176; x_wconf 89' lang='grc'>38.</span> <span class='ocrx_word' id='word_1_871' title='bbox 2673 5115 2726 5173; x_wconf 74' lang='grc' dir='ltr'>εὖ</span> <span class='ocrx_word' id='word_1_872' title='bbox 2754 5116 2863 5188; x_wconf 79' lang='grc' dir='ltr'>εἶχε</span> <span class='ocrx_word' id='word_1_873' title='bbox 2891 5123 2945 5182; x_wconf 85' lang='lat' dir='ltr'>C,</span> <span class='ocrx_word' id='word_1_874' title='bbox 2978 5115 3083 5186; x_wconf 77' lang='grc' dir='ltr'>ἔχει</span> <span class='ocrx_word' id='word_1_875' title='bbox 3110 5108 3165 5168; x_wconf 71' lang='grc' dir='ltr'>εὖ</span> <span class='ocrx_word' id='word_1_876' title='bbox 3196 5110 3298 5168; x_wconf 76' lang='lat' dir='ltr'>Ed.</span> <span class='ocrx_word' id='word_1_877' title='bbox 3332 5113 3353 5182; x_wconf 90' lang='grc' dir='ltr'>ΙΙ</span> <span class='ocrx_word' id='word_1_878' title='bbox 3378 5141 3451 5152; x_wconf 90' lang='grc'>--</span> <span class='ocrx_word' id='word_1_879' title='bbox 3474 5111 3565 5180; x_wconf 84' lang='grc'>39.</span> <span class='ocrx_word' id='word_1_880' title='bbox 3590 5106 3717 5164; x_wconf 73' lang='grc' dir='ltr'>κατὰ.</span> <span class='ocrx_word' id='word_1_881' title='bbox 3731 5112 3805 5163; x_wconf 89' lang='lat' dir='ltr'>D.</span> <span class='ocrx_word' id='word_1_882' title='bbox 3828 5107 3851 5177; x_wconf 82' lang='grc' dir='ltr'>ΙΙ</span> <span class='ocrx_word' id='word_1_883' title='bbox 3876 5137 3947 5147; x_wconf 93' lang='grc'>-</span> 
     </span>
     <span class='ocr_line' id='line_1_116' title="bbox 2379 5183 3947 5268; baseline -0.012 -13"><span class='ocrx_word' id='word_1_884' title='bbox 2379 5206 2468 5264; x_wconf 75' lang='lat'>42.</span> <span class='ocrx_word' id='word_1_885' title='bbox 2492 5199 2703 5268; x_wconf 76' lang='grc' dir='ltr'>σκληρὸς</span> <span class='ocrx_word' id='word_1_886' title='bbox 2726 5203 2777 5252; x_wconf 87' lang='lat' dir='ltr'>C.</span> <span class='ocrx_word' id='word_1_887' title='bbox 2804 5199 2825 5266; x_wconf 75' lang='lat' dir='ltr'>ss</span> <span class='ocrx_word' id='word_1_888' title='bbox 2844 5226 2915 5236; x_wconf 95' lang='lat'><strong>—</strong></span> <span class='ocrx_word' id='word_1_889' title='bbox 2934 5197 3023 5256; x_wconf 66' lang='lat'>[03.</span> <span class='ocrx_word' id='word_1_890' title='bbox 3050 5191 3359 5262; x_wconf 71' lang='grc' dir='ltr'>ἀμάλθακτος</span> <span class='ocrx_word' id='word_1_891' title='bbox 3386 5185 3635 5244; x_wconf 69' lang='lat' dir='ltr'>coeam.</span> <span class='ocrx_word' id='word_1_892' title='bbox 3662 5183 3947 5257; x_wconf 76' lang='grc' dir='ltr'>ἀμάλθακος</span> 
     </span>
     <span class='ocr_line' id='line_1_117' title="bbox 2380 5253 3946 5340; baseline -0.011 -16"><span class='ocrx_word' id='word_1_893' title='bbox 2380 5270 2534 5340; x_wconf 74' lang='lat' dir='ltr'>vulgo</span> <span class='ocrx_word' id='word_1_894' title='bbox 2558 5280 2679 5322; x_wconf 89' lang='lat' dir='ltr'>ante</span> <span class='ocrx_word' id='word_1_895' title='bbox 2709 5267 2903 5322; x_wconf 72' lang='lat' dir='ltr'>Ber-nb.</span> <span class='ocrx_word' id='word_1_896' title='bbox 2931 5264 3127 5334; x_wconf 67' lang='lat' dir='ltr'>l!—-l05.</span> <span class='ocrx_word' id='word_1_897' title='bbox 3154 5260 3588 5331; x_wconf 64' lang='grc' dir='ltr'>σκιατροφοΰμενο..</span> <span class='ocrx_word' id='word_1_898' title='bbox 3622 5261 3693 5320; x_wconf 85' lang='lat' dir='ltr'>C,-</span> <span class='ocrx_word' id='word_1_899' title='bbox 3709 5253 3798 5309; x_wconf 73' lang='grc' dir='ltr'>καὶ</span> <span class='ocrx_word' id='word_1_900' title='bbox 3823 5266 3946 5308; x_wconf 71' lang='lat' dir='ltr'>arec</span> 
     </span>
     <span class='ocr_line' id='line_1_118' title="bbox 2376 5336 3941 5420; baseline -0.012 -18"><span class='ocrx_word' id='word_1_901' title='bbox 2376 5349 2549 5420; x_wconf 73' lang='grc' dir='ltr'>ἱμάτια</span> <span class='ocrx_word' id='word_1_902' title='bbox 2572 5346 2696 5402; x_wconf 81' lang='lat' dir='ltr'>add.</span> <span class='ocrx_word' id='word_1_903' title='bbox 2719 5345 2899 5408; x_wconf 62' lang='lat' dir='ltr'>codd„</span> <span class='ocrx_word' id='word_1_904' title='bbox 2929 5362 3043 5397; x_wconf 81' lang='lat' dir='ltr'>exc.</span> <span class='ocrx_word' id='word_1_905' title='bbox 3078 5340 3227 5398; x_wconf 69' lang='lat' dir='ltr'>mid.</span> <span class='ocrx_word' id='word_1_906' title='bbox 3266 5341 3457 5405; x_wconf 70' lang='lat'>11—46.</span> <span class='ocrx_word' id='word_1_907' title='bbox 3484 5336 3639 5390; x_wconf 69' lang='grc' dir='ltr'>οὗκέτε</span> <span class='ocrx_word' id='word_1_908' title='bbox 3670 5351 3941 5398; x_wconf 55' lang='grc' dir='ltr'>προαγομ-</span> 
     </span>
    </p>
   </div>
  </div>
 </body>
</html>
