4584 6284
2227 483 2607 549 EUSTATB!
2622 491 2641 549 1

829 606 1004 660 νεσθαι
1030 608 1065 678 ἡ
1093 629 1186 675 της
1208 606 1356 688 παρά
1385 613 1677 690 προθέσεως
1705 613 2086 693 παραλήγουσα
2104 660 2120 687 ,
2143 618 2384 698 καθάπερ
2476 623 2639 696 possit
2670 624 2956 695 penultima
2973 631 3355 700 prepositionis
3378 638 3524 708 παρά,
3548 641 3698 698 εἰσαεὶ
3720 648 3869 704 etiam
3882 655 4018 726 apud

821 688 914 749 καὶ
936 694 1064 771 παρ’
1087 691 1314 775 Ὁμήρῳ
1337 698 1390 756 ἕν
1412 699 1488 777 τῷ
1512 725 1537 751 α
1557 697 1742 775 αἴσιμα
1775 701 2046 782 παρειπών
2069 727 2119 765 υ.

899 798 1002 842 m.
1031 776 1164 842 'On
1190 783 1282 843 καὶ
1319 789 1547 847 ένταῢθα
1566 788 1628 847 τὸ
1669 790 1862 866 ἑκάστη
1897 792 2014 851 ἀντὶ
2045 799 2137 853 τοῦ
2159 792 2384 874 ἑκατέρα

817 865 1078 946 τέθεικεν,
1109 872 1274 934 εἰπὼν
1301 875 1426 954 περὶ
1463 879 1557 946 τῆς
1587 879 1839 960 Περσίδος
1873 881 1966 940 καὶ
1995 880 2246 961 Ἀραὸίας
2277 888 2383 942 θα-

770 951 1018 1029 ολάσσης
1058 987 1084 1014 ε
1117 961 1310 1040 άνεμον
1334 963 1390 1024 δέ
1412 965 1601 1050 ἔλαχεν
1625 967 1819 1041 ἑκάστη
1834 1016 1851 1045 ,
1878 969 2100 1051 Ἆραὸία
2125 973 2344 1056 ζέφυρον
2362 1017 2379 1046 ,

819 1046 1015 1126 Περσὶς
1043 1039 1217 1131 εὗρον.
1238 1078 1265 1106 ι
1297 1054 1380 1116 Τὸ
1404 1053 1461 1115 δὲ
1485 1057 1632 1139 ὀρθὸν
1658 1049 1720 1132 ἦν
1749 1059 1975 1142 ἑκατέρα
1998 1064 2164 1123 εἰπεῖν
2182 1108 2201 1140 ,
2227 1065 2274 1122 εἰ
2305 1062 2381 1142 μὴ

813 1133 874 1193 τὸ
903 1135 1090 1219 μέτρον
1121 1139 1408 1206 ἐκώλυσεν.

892 1243 995 1286 ⁹³³.
1028 1222 1163 1291 Ὀτι
1199 1231 1336 1292 πολὺ
1387 1236 1638 1317 καταχέει
1663 1241 1756 1310 τῆς
1792 1237 2093 1316 εὓδαίμονος
2131 1241 2383 1322 Ἀραὸίας

813 1310 1075 1391 ἐγκώμιον
1091 1362 1110 1394 ,
1154 1318 1491 1402 ἑνδιατρίὸων
1547 1327 1705 1406 αὐτῇ,
1749 1325 1839 1385 καὶ
1878 1326 1998 1395 τούς
2035 1350 2095 1387 τε
2145 1325 2380 1409 Ἀραὸας

735 1409 788 1450 lo
815 1398 1098 1480 ἇὸροὸίους
1135 1407 1326 1486 καλεῖ,
1365 1412 1436 1479 ὣς
1463 1412 1553 1472 καὶ
1581 1413 1684 1495 πρὸ
1730 1414 1906 1497 ὀλίγου
1942 1415 2215 1483 ὄλὸίστους
2236 1461 2255 1494 ,
2285 1417 2379 1476 καὶ

815 1488 978 1562 αὐτὴν
1006 1492 1263 1571 μεγίστην
1291 1498 1468 1578 λέγει,
1507 1503 1596 1562 καὶ
1620 1503 1791 1582 ἀγλαά
1823 1527 1952 1586 φησι
1978 1504 2071 1565 καὶ
2105 1503 2378 1567 πολύολὸα

813 1579 954 1658 φῦλα
980 1579 1232 1657 νέμεσθαι
1273 1587 1464 1660 αὐτήν.
1545 1589 1703 1653 Ἄλλο
1737 1591 1812 1662 δὲ,
1844 1592 1995 1675 φησὶ,
2031 1592 2167 1672 μέγα
2197 1599 2385 1668 θαῦμα·

811 1663 996 1746 ἔξοχον
1039 1669 1248 1752 έλαχεν.
1333 1679 1493 1737 Ποῖον
1527 1682 1720 1752 ἐκεῖνος
1767 1680 1849 1740 ἀεὶ
1884 1680 1984 1741 ὑπὸ
2033 1681 2169 1747 θόοις
2217 1682 2375 1761 λαρὸν

796 1753 1005 1821 ,ὄδωδεν
1028 1757 1064 1830 ἢ
1088 1764 1322 1846 σμύρνης
1339 1764 1375 1837 ἢ
1399 1768 1619 1837 εὐώδους
1651 1769 1893 1848 καλάμου
1915 1769 1952 1841 ἢ
1975 1770 2252 1831 θεσπεσίου
2278 1794 2373 1829 πε-

729 1847 782 1888 ¹⁸
814 1846 1132 1924 παινομένου
1160 1851 1378 1914 λιὸάνου
1396 1852 1433 1928 ἢ
1451 1855 1636 1923 κασίας
1652 1854 1689 1930 ἢ
1713 1856 1834 1919 θύου
1849 1905 1866 1932 ,
1891 1854 2019 1938 ὅπερ
2044 1856 2176 1933 ἐστὶ,
2196 1858 2374 1941 φασὶν,

809 1921 944 2002 εἶδος
974 1935 1182 2021 δένδρου
1206 1940 1447 2011 εζῶδους.
1533 1944 1642 2006 Καὶ
1662 1944 1766 2025 μὴν
1801 1945 1972 2014 ἄλλως
2015 1950 2133 2008 θῧον
2155 1951 2373 2026 γενικῶς

807 2020 952 2082 ἅπαν
1000 2023 1196 2106 ἄρωμα
1227 2028 1459 2108 λέγεται.
1541 2032 1638 2092 Διὸ
1673 2031 1764 2094 καὶ
1808 2029 1958 2100 αὐτὸς
1991 2032 2193 2116 φθάσας
2237 2033 2370 2117 ἔφη,

806 2110 1060 2183 κηώεσσα
1083 2115 1219 2186 θύοις
1237 2117 1368 2195 ὕπο,
1389 2119 1630 2181 τουτέστι
1650 2131 1757 2192 τοῖς
1783 2123 2126 2184 ἀποτελοῦσιν
2148 2121 2368 2184 εὗωδίαν

804 2201 1162 2283 θυμιάμασιν.
1249 2207 1446 2271 Ἰστέον
1480 2209 1534 2270 δὲ
1577 2207 1658 2269 ὅτι
1701 2213 1731 2269 ὁ
1772 2215 1862 2270 τοῦ
1902 2209 2120 2270 λι6άνου
2160 2210 2369 2292 δένδρου

724 2300 783 2342 ²⁰
808 2287 1010 2370 καρπὸς
1027 2292 1314 2366 λιὸανωτὸς
1341 2295 1550 2378 λέγεται
1568 2298 1715 2382 παρὰ
1740 2301 1846 2368 τοῖς
1868 2301 2113 2368 παλαιοῖς
2129 2345 2146 2374 ,
2174 2299 2266 2361 καὶ
2288 2305 2367 2361 ὅτι

803 2377 945 2440 οὕτω
987 2383 1150 2454 πολὺς
1181 2387 1357 2448 αὖτόθι
1397 2388 1686 2460 λιὸανωτὸς
1705 2435 1722 2458 ,
1763 2387 1898 2450 ὥστε
1940 2389 2090 2470 χίλια
2134 2387 2367 2448 τάλαντα

799 2465 1098 2533 λιόανωτοῢ
1127 2477 1176 2533 οἱ
1205 2473 1438 2556 Ἀράδιοι
1485 2467 1612 2556 ἦγον
1655 2482 1731 2560 τῷ
1778 2481 1990 2558 βασιλεῖ
2030 2478 2263 2545 έκόντες·
2306 2479 2365 2537 οὗ

798 2555 903 2637 γὰρ
932 2559 1268 2634 κατήκουσαν
1305 2573 1414 2631 τοῖς
1459 2565 1720 2647 Πέρσαις,
1751 2564 1821 2634 ὥς
1860 2589 2017 2648 φησιν
2049 2563 2364 2646 Ἡρόδοτος,

798 2645 888 2706 ἐπὶ
919 2647 1236 2734 δουλοσύνῃ,
1267 2653 1405 2712 ἀλλὰ
1431 2653 1563 2723 ξένοι
1597 2655 1856 2733 ἐγένοντο.
1941 2655 2101 2736 Λέγει
2123 2655 2178 2715 δὲ
2201 2658 2231 2715 ὁ
2259 2656 2366 2713 αὗ-

711 2749 768 2790 as
797 2730 888 2801 τὸς
925 2734 1018 2794 καὶ
1062 2739 1116 2797 έν
1143 2739 1278 2821 μόνῃ
1326 2745 1394 2823 τῇ
1426 2741 1648 2825 Ἄραὸίᾳ
1694 2743 1914 2827 φύεσθαι
1938 2742 2232 2804 λιὸανωτὸν
2273 2742 2367 2804 καὶ

795 2819 1030 2904 σμύρνην
1075 2826 1166 2887 καὶ
1213 2828 1407 2889 κασίαν
1452 2834 1542 2890 καὶ
1593 2833 1931 2911 κιννάμωμον
1974 2831 2064 2892 καὶ
2100 2830 2363 2930 λήδανον,
2398 2859 2403 2864 ·

793 2908 944 2992 ὅπερ,
965 2913 1145 2994 φησὶν,
1170 2915 1408 2999 Ἀράδιοι
1435 2921 1656 2980 καλοῦσι
1677 2921 1920 2983 λάδανον.

873 3021 972 3062 ⁹³⁸.
1001 3000 1150 3084 Ὅρα
1180 3003 1236 3066 δὲ
1265 3006 1409 3075 ὅπως
1435 3013 1618 3091 γενικῇ
1642 3009 1922 3070 συντάσσει
1951 3009 2012 3069 τὸ
2032 3009 2168 3084 ὄζει,
2201 3006 2364 3070 εἰπὼν

795 3085 956 3150 ὄδωδε
991 3091 1114 3152 θύου
1156 3092 1192 3166 ἢ
1225 3094 1462 3176 σμύρνης
1492 3098 1581 3157 καὶ
1623 3099 1691 3157 τὰ
1736 3097 1874 3170 ἑξῆς.
1960 3097 2271 3172 Σκοπητέον
2308 3096 2363 3157 δὲ

716 3189 772 3230 ³0
797 3173 902 3236 εἴτε
923 3181 950 3237 δ
974 3183 1196 3240 ἐνταῦθα
1227 3181 1423 3255 εὐώδης
1444 3187 1682 3264 κάλαμος
1709 3189 1738 3245 δ
1759 3183 1912 3254 αὗτός
1938 3188 2053 3245 έστι
2081 3189 2200 3255 ταῖς
2217 3189 2364 3269 παρὰ

797 3267 873 3344 τῷ
940 3268 1244 3351 Γεωγράφῳ
1273 3269 1519 3338 Ἰνδικαῖς
1571 3271 1853 3349 καλάμοις,
1907 3271 1967 3340 ἃς
2013 3274 2365 3350 μελιτοποιεῖν

799 3353 992 3420 ἐκεῖνός
1016 3377 1172 3435 φησιν
1190 3401 1209 3433 ,
1236 3354 1341 3416 εἴτε
1366 3358 1460 3416 καὶ
1483 3359 1712 3441 διαφέρει
1737 3359 1969 3437 μάλιστα
1988 3359 2198 3418 ἐκείνων
2222 3352 2366 3430 οὗτος

799 3442 871 3504 ὡς
897 3439 1094 3514 εὐώδης
1122 3441 1200 3519 μὴ
1223 3443 1490 3504 τοιούτων.
1571 3445 1766 3506 Ἰστέον
1787 3445 1842 3504 δὲ
1863 3444 1946 3506 ὅτι
1970 3443 2108 3506 κατὰ
2136 3445 2232 3520 τὴν
2259 3471 2363 3507 πα-

799 3525 958 3586 λαιὰν
996 3531 1230 3611 ἱστορίαν
1247 3576 1264 3606 ,
1308 3530 1636 3616 Ἀλέξανδρος
1683 3534 1926 3595 διενοεῖτο
1970 3532 2106 3612 μετὰ
2165 3534 2262 3608 τὴν
2313 3535 2365 3607 ἐξ

717 3635 774 3676 8⁸
803 3615 980 3678 Ἰνδῶν
1012 3620 1262 3681 ἐπάνοδον
1293 3621 1560 3703 βασίλειον
1589 3625 1779 3685 ἑαυτοῦ
1804 3622 1900 3698 τὴν
1924 3623 2173 3706 Ἀραὸίαν
2201 3629 2363 3699 ποιῆ-

799 3729 932 3782 σαι,
954 3707 1044 3770 καὶ
1075 3708 1157 3770 ὅτι
1183 3709 1284 3771 εἰσὶ
1308 3707 1401 3770 καὶ
1429 3713 1684 3788 Σκηνῖται
1709 3711 1931 3796 Ἇραὸες
1957 3713 2170 3796 περὶτὰ
2195 3713 2362 3796 πέραν

801 3797 1076 3880 Εὐφράτου
1100 3799 1197 3868 ἕως
1222 3801 1418 3875 Κοίλης
1447 3802 1663 3887 Συρίας.

865 3905 978 3949 ων.
1005 3884 1136 3950 Ὀτι
1166 3893 1194 3951 ὁ
1223 3893 1494 3962 Διονύσιος
1533 3891 1771 3975 έπινύμῳ
1807 3890 2054 3976 ἐγκωμίῳ
2082 3889 2182 3966 τὴν
2204 3893 2360 3972 Ἆρα-

795 3971 917 4035 θίαν
948 3974 1204 4054 σεμνύνας
1243 3982 1384 4042 κατὰ
1430 3979 1494 4041 τὸ
1536 3979 1791 4062 προσεχὲς
1833 3981 2017 4061 ἐπάγει
2053 3985 2213 4059 μῦθον
2231 4025 2248 4054 ,
2277 3979 2357 4039 ὅτι

711 4072 768 4116 ⁴⁰
791 4065 955 4131 ὅντως
977 4068 1087 4126 ἐκεῖ
1103 4067 1233 4138 Ζεὺς
1258 4072 1344 4132 τὸν
1374 4071 1626 4134 Διόνυσον
1655 4069 1878 4132 ἐλύσατο
1904 4070 2051 4151 παρὰ
2076 4075 2246 4152 μηροῦ
2271 4071 2357 4132 εὖ·

793 4156 1006 4238 ραφέος·
1025 4156 1113 4242 ἀφ’
1140 4150 1202 4219 οἶ
1227 4160 1319 4221 καὶ
1349 4160 1705 4244 Εἷραφιῶτης,
1733 4163 1805 4228 ὣς
1831 4160 2139 4242 προερρέθη,
2159 4158 2354 4232 ἐκλήθη

788 4245 928 4305 κατά
946 4269 1106 4316 τινας.
1191 4251 1362 4311 Τοῦτο
1391 4249 1447 4310 δὲ
1473 4249 1738 4331 Ἀρριανὸς
1763 4247 1850 4309 ini
1876 4249 2164 4332 Σαγγαρίῳ
2193 4254 2352 4326 μυθο-

789 4336 1016 4397 πλαστεῑ
1035 4383 1052 4413 ,
1084 4337 1253 4418 λέγων
1293 4337 1377 4399 ὅτι
1405 4338 1536 4420 πρὸς
1563 4340 1676 4406 ταῖς
1703 4335 1884 4420 ὄχθαις
1906 4340 1998 4398 τοῦ
2045 4336 2351 4418 Σαγγαρίου

791 4424 971 4508 ἔρρηξε
1001 4425 1118 4497 τοὺς
1147 4427 1366 4508 δεσμοὺς
1390 4433 1486 4488 τοῦ
1514 4427 1632 4494 Διὸς
1661 4429 1690 4488 ὁ
1716 4425 1964 4495 Διόνυσος
1978 4425 2083 4500 ἤδη
2100 4425 2352 4508 τρόφιμος

709 4522 764 4563 ⁴⁸
791 4514 886 4576 ὧν.
973 4515 1040 4578 Ὁ
1072 4516 1126 4577 δὲ
1153 4517 1424 4586 Διονύσιος
1452 4508 1527 4586 οἷς
1554 4505 1698 4577 εἶπεν
1727 4514 2020 4583 ἀκολούθως
2043 4513 2228 4592 ἐπάγει
2259 4537 2347 4592 γε·

786 4603 1062 4680 νεθλιακὴν
1091 4606 1388 4682 διασκευὴν,
1415 4604 1604 4687 λέγων,
1624 4608 1694 4674 ὡς
1721 4605 1775 4664 έν
1799 4603 2074 4687 έκφράσει,
2102 4594 2188 4663 οἶα
2213 4602 2351 4671 εἰκὸς

787 4687 852 4769 ἦν
878 4696 996 4758 τότε
1017 4700 1095 4779 τῷ
1124 4695 1342 4777 τοιούτῳ
1366 4695 1507 4775 τόκῳ
1542 4693 1918 4773 ἕπισυμὸἧναι.
2007 4691 2197 4753 Πάντα
2221 4688 2347 4770 γὰρ,

783 4883 896 4922 om.
920 4865 979 4923 d.
1005 4865 1028 4938 n
1059 4896 1134 4908 —
1160 4866 1211 4923 3.
1240 4863 1326 4920 καὶ
1351 4873 1405 4919 et
1427 4867 1516 4919 τοῦ
1542 4881 1650 4920 om.
1675 4868 1731 4917 C.
1779 4863 1801 4934 ΙΙ
1827 4892 1901 4905 -
1927 4865 1982 4918 6.
2019 4859 2250 4932 ἐκάτερον
2283 4864 2337 4916 C.

786 4946 810 5016 ΙΙ
842 4976 919 4988 -
941 4964 997 5017 7.
1021 4943 1233 4999 έκώλυεν
1256 4964 1314 5017 y.
1340 4945 1455 5012 11-
1481 4961 1565 4998 1α.
1604 4944 1765 5016 θαῦμα
1793 4943 1918 5014 μέγα
1945 4945 2107 5008 CDL,
2133 4940 2182 4994 θ.
2207 4943 2346 5014 μέγι·

777 5043 896 5080 στον
918 5043 972 5096 γ,
998 5024 1153 5097 ἔλαχε
1179 5025 1308 5097 μέγα
1329 5025 1492 5096 θαῦμα
1510 5022 1682 5096 ῐξοχον
1708 5022 1772 5081 d.
1799 5023 1821 5093 ΙΙ
1850 5051 1924 5064 -—
1945 5021 2030 5078 13.
2052 5019 2208 5092 λαρδν
2227 5037 2340 5074 om.

779 5109 834 5162 C.
864 5105 886 5175 ΙΙ
916 5135 992 5147 —
1020 5121 1112 5176 17.
1145 5103 1271 5177 ἔφη]
1301 5101 1410 5159 εἶπε
1432 5101 1488 5160 d.
1518 5103 1625 5174 ss—
1653 5105 1736 5160 18.
1755 5100 2010 5156 ἂτελοῦσιν
2027 5119 2088 5172 γς
2116 5099 2250 5154 εὐδία
2271 5098 2342 5163 d,-

773 5184 1015 5257 θυμίασον
1040 5183 1098 5240 d.
1130 5185 1252 5256 11-
1289 5201 1375 5258 19.
1419 5182 1449 5236 ὅ
1486 5200 1594 5237 om.
1626 5186 1699 5248 D,-
1723 5185 1812 5237 τοῦ
1835 5199 1945 5239 om.
1969 5185 2044 5236 H.
2079 5179 2102 5250 ss
2133 5209 2206 5222 —
2243 5182 2336 5243 24.

2472 708 2765 765 Homerum
2781 713 2877 784 (II.
2904 717 2955 786 ζ,
2979 717 3089 787 62)
3112 719 3169 772 in
3196 718 3297 774 illis
3326 722 3498 778 verbis
3526 743 3542 781 ι
3566 727 3737 803 αἴσιμα
3758 745 4015 810 παριών,

2546 814 2670 872 929·
2713 800 2831 854 Hoc
2868 801 2992 856 item
3036 803 3155 859 loeo
3208 811 3484 880 usurpavit
3526 809 3701 883 έκάστη
3720 857 3736 884 ,
3773 839 4013 899 amque-

2472 893 2587 948 que,
2618 893 2717 948 pro
2742 875 2943 950 ἐκπέρα
2958 919 2973 945 ,
2994 892 3234 956 utraque,
3274 883 3368 939 ubi
3402 883 3472 939 de
3508 887 3713 944 Persico
3726 905 3779 947 et
3801 900 4021 958 Arabim

2590 953 2603 966 “
2678 954 2690 968 “
2727 953 2741 968 ⁰
2808 972 2823 1009 ε
2874 977 2897 1004 ι
2929 957 3165 1012 Ventum
3200 961 3449 1015 sortitum
3495 973 3575 1016 est
3618 974 4022 1048 unumquodque

2472 1044 2645 1096 mare,
2666 1030 2947 1087 Arabicum
2973 1035 3289 1108 zephyrum,
3319 1039 3591 1094 Persicum
3616 1059 3821 1100 eurum.
3854 1072 3877 1094 2
3950 1056 4019 1107 At

2472 1105 2613 1159 enim
2654 1117 2857 1162 rectum
2885 1120 2998 1164 erat
3018 1110 3195 1166 dicere
3230 1111 3436 1188 έκατέρα
3478 1115 3721 1181 θάλασσα,
3762 1132 4025 1198 utrumque

2471 1197 2612 1236 mare
2625 1222 2642 1249 ,
2669 1183 2771 1238 nisi
2793 1193 3023 1240 metrum
3047 1188 3423 1259 prohibuisset.

2540 1261 2665 1332 933.
2692 1263 2945 1319 Profusus
2969 1264 3259 1322 admodum
3281 1271 3337 1323 in
3360 1268 3542 1324 laudes
3568 1271 3905 1328 celebrandas
3930 1278 4029 1334 Fe·

2467 1339 2579 1395 licis
2603 1343 2837 1408 Arabiae,
2864 1346 2921 1399 in
2943 1363 3004 1401 ea
3019 1344 3220 1402 diutius
3238 1348 3570 1415 immoratur,
3595 1361 3650 1404 et
3673 1351 3875 1407 Arabes
3892 1357 4030 1429 ἁθρο-

2468 1422 2605 1485 θίους
2654 1435 2838 1490 vocat,
2888 1436 2947 1480 ut
2988 1437 3043 1480 et
3075 1426 3234 1500 paulo
3275 1438 3397 1483 ante
3450 1427 3739 1497 ὀλὸίστους,
3785 1443 3840 1487 et
3866 1434 4025 1507 ipsam

2465 1503 2733 1571 regionem
2762 1502 2891 1558 dicit
2908 1506 3190 1560 maximam
3205 1546 3223 1573 ‚
3248 1505 3519 1578 clarasque
3538 1525 3656 1562 eam
3682 1509 3758 1564 ait
3774 1509 4028 1585 valdeque

2466 1579 2643 1635 beatas
2690 1593 2867 1653 gentes
2913 1584 3163 1640 incolere.
3244 1611 3269 1632 ι
3322 1586 3487 1642 Aliud
3532 1605 3747 1661 quoque
3764 1628 3780 1654 ,
3826 1590 4026 1664 inquit,

2466 1677 2717 1730 magnum
2738 1662 3099 1736 eximiumque
3122 1663 3434 1720 miraculum
3458 1668 3637 1720 sortita
3655 1677 3754 1723 est.
3782 1694 3805 1716 ο
3840 1671 4029 1742 Cujus·

2464 1739 2612 1794 modi
2638 1740 2802 1796 iliud?
2832 1742 3049 1816 Semper
3074 1745 3325 1799 uomatis
3349 1745 3579 1800 suaviter
3610 1745 3746 1809 olet.
3780 1748 3862 1803 vel
3888 1769 4028 1823 myr-

2463 1819 2559 1874 rha
2589 1821 2667 1876 vel
2695 1819 2919 1876 odorato
2944 1819 3145 1876 calamo
3168 1822 3251 1876 vel
3287 1822 3471 1878 divino
3496 1824 3737 1897 beneque
3776 1841 4029 1885 concccto

2463 1899 2650 1966 thure,
2682 1900 2765 1955 vel
2802 1903 2940 1956 casia
2984 1901 3065 1958 vel
3100 1901 3221 1978 θύῳ,
3250 1905 3402 1976 thy-o,
3442 1903 3587 1978 quod
3614 1905 3831 1978 quidem
3863 1927 4031 1980 genus

2461 1999 2571 2034 esse
2592 1982 2743 2036 aiunt
2758 1980 2963 2036 arboris
2982 1980 3118 2038 bene
3140 1981 3409 2050 odoratam
3437 2001 3739 2057 quanquam
3761 1986 3884 2042 alias
3906 1990 4022 2044 θΰον

2459 2062 2745 2130 generatim
2764 2059 2973 2117 dicatur
2988 2079 3153 2134 genus
3175 2081 3335 2119 omne
3350 2065 3619 2118 aromatis.
3694 2069 4030 2142 Quapropter

2458 2141 2617 2195 etiam
2656 2141 2768 2216 ipse
2794 2143 3053 2217 superiori
3070 2140 3183 2215 jam
3212 2161 3368 2198 versu
3394 2142 3602 2200 dixerat
3631 2147 3861 2214 κηῶεσσα
3891 2149 4020 2214 θύοις

2456 2219 2552 2276 ὕπο
2566 2261 2584 2290 ,
2600 2220 2864 2299 fmgmm
2902 2233 3189 2290 aromatis,
3236 2223 3297 2281 h.
3342 2242 3393 2280 e.
3437 2222 3754 2280 suffimentis
3800 2231 4033 2284 suaviter

2458 2302 2737 2360 olentibus.
2812 2301 3096 2358 Sciendum
3122 2313 3299 2358 autem
3328 2314 3408 2358 est
3432 2307 3519 2358 τοῦ
3554 2304 3755 2360 λιὸάνου
3772 2346 3787 2372 ,
3820 2309 3991 2364 thuris
4006 2350 4021 2372 ,

2456 2382 2660 2438 arboris
2699 2382 2933 2438 fructum
2971 2383 3077 2439 dici
3103 2382 3248 2458 apud
3280 2394 3480 2440 veteres
3515 2384 3793 2443 λιὸανωτόν
3809 2428 3827 2455 ,
3870 2390 3991 2444 thus
4006 2433 4021 2454 ,

2454 2460 2695 2536 adeoque
2720 2481 2909 2535 magna
2935 2464 3087 2537 copia
3110 2463 3237 2518 thus
3260 2461 3337 2518 ibi
3362 2465 3641 2537 provenire
3662 2475 3729 2520 ut
3749 2467 3888 2522 mille
3904 2469 4027 2524 thu-

2455 2546 2529 2597 ris
2554 2542 2747 2599 talenta
2777 2542 2976 2598 Arabes
3000 2541 3111 2614 regi
3136 2541 3279 2597 ultro
3314 2543 3600 2598 atmlerint.
3674 2545 3833 2613 Nam,
3857 2547 4025 2602 Hero-

2455 2621 2587 2678 doto
2630 2633 2759 2677 teste
2806 2622 2897 2692 (3,
2932 2620 3061 2694 88),
3088 2639 3199 2676 nou
3240 2633 3462 2696 propter
3514 2623 3819 2678 servitutem
3879 2623 4023 2680 dicto

2455 2701 2729 2757 audientes
2768 2702 2941 2756 Persis
2963 2711 3131 2768 erant,
3163 2699 3257 2754 sed
3283 2702 3527 2774 hospitali
3551 2719 3673 2756 cum
3718 2704 3781 2757 iis
3806 2707 4025 2760 necessi-

2455 2781 2641 2836 tudine
2679 2779 2970 2853 conjuncti.
3064 2779 3322 2853 Idemque
3378 2782 3535 2836 etiam
3588 2781 3773 2836 scribit
3824 2783 3879 2835 in
3916 2801 4021 2839 una

2452 2860 2666 2933 solaque
2688 2859 2881 2916 Arabia
2906 2859 3027 2915 thus
3046 2859 3188 2914 nasci
3210 2871 3263 2914 et
3275 2861 3466 2914 casiam
3492 2871 3546 2914 et
3566 2861 3941 2916 cinnamonum
3968 2876 4022 2919 et

2454 2939 2699 2994 ledanum
2716 2981 2735 3010 ,
2763 2938 2909 3010 quod
2936 2938 3108 3010 inquit
3123 2979 3139 3004 ,
3162 2937 3361 2994 Arabes
3386 2938 3636 2993 ladanum
3666 2950 3873 2996 vocant.

2522 3020 2649 3089 936.
2679 3017 2821 3072 Vide
2848 3035 2973 3070 vero
2989 3056 3005 3082 ,
3032 3027 3094 3070 ut
3117 3034 3240 3070 cum
3260 3017 3494 3086 genitivo
3520 3033 3641 3070 casu
3668 3021 3929 3074 construit
3962 3023 4019 3075 τὸ

2454 3103 2577 3169 ὄζει,
2594 3103 2716 3170 olet,
2739 3102 2796 3157 in
2813 3102 2895 3157 his
2910 3101 3081 3156 verbis
3103 3119 3117 3155 :
3148 3101 3304 3154 ὄδωδε
3320 3100 3435 3154 θύου
3457 3101 3489 3168 ἢ
3509 3102 3740 3174 σμύρνης.
3768 3104 4018 3160 conside.

2454 3186 2684 3243 randum
2712 3205 2839 3242 vero
2873 3205 2943 3242 an
2966 3189 3059 3258 qui
3093 3187 3199 3241 boc
3222 3186 3341 3240 loco
3385 3186 3583 3241 dicitur
3608 3186 3860 3244 odomtus
3884 3190 4018 3246 cala·

2454 3292 2601 3342 mus,
2632 3273 2773 3328 idem
2812 3275 2882 3328 sit
2907 3283 3064 3344 atque
3097 3271 3282 3326 calami
3310 3271 3383 3325 illi
3410 3272 3609 3338 Indici,
3632 3291 3765 3346 quos
3788 3277 4018 3347 Geogra·

2452 3360 2591 3434 phus
2626 3361 2719 3434 (p.
2749 3358 2890 3432 694)
2916 3359 2989 3413 ait
3012 3357 3117 3412 mel
3144 3358 3389 3429 gignere,
3415 3375 3485 3411 an
3514 3375 3639 3412 vero
3656 3357 3745 3413 hie
3763 3359 4009 3426 calamus,

2454 3448 2611 3503 veluti
2638 3447 2775 3502 bene
2808 3445 3056 3501 odoratus
3071 3484 3088 3513 ,
3118 3444 3187 3501 ab
3210 3445 3309 3500 illis
3332 3444 3544 3501 differat
3566 3457 3628 3500 ut
3644 3448 3737 3518 qui
3758 3465 3869 3502 non
3907 3450 4017 3506 sint

2453 3536 2598 3593 tales.
2691 3535 2973 3592 Sciendum
3034 3544 3211 3591 autem
3277 3544 3356 3589 est
3412 3553 3479 3588 ex
3529 3534 3747 3606 antiqua
3796 3533 4015 3590 historia

2452 3625 2810 3683 Alexandrum
2852 3636 2973 3700 post
2996 3623 3228 3680 reditum
3252 3642 3318 3679 ex
3344 3621 3501 3679 India
3523 3622 3777 3679 Arabiam
3816 3624 4013 3696 regiam

2449 3733 2604 3771 suam
2648 3713 2814 3770 facere
2852 3714 3129 3784 cogitasse3
3166 3721 3221 3766 et
3244 3710 3477 3765 Scenitas
3512 3727 3625 3764 esse
3648 3709 3849 3766 Arabes
3876 3711 4011 3767 ultra

2450 3805 2771 3878 Euphratem
2798 3820 2966 3875 usque
2988 3799 3057 3855 ad
3078 3799 3257 3855 (kalen
3278 3799 3505 3873 Syriam.

2518 3896 2645 3968 939.
2694 3891 2977 3964 Dionysius
3020 3907 3189 3964 quum
3244 3889 3394 3944 brevi
3441 3891 3711 3962 praeconio
3760 3890 4007 3947 Arabiam

2444 3978 2686 4050 proxime
2718 3984 2839 4028 ante
2864 3981 3165 4026 exornasset
3178 4009 3196 4036 ,
3228 3967 3457 4023 fabulam
3478 3966 3687 4042 subjicit
3710 3968 3779 4024 de
3802 3971 4014 4025 Baccho

2444 4075 2605 4131 quem
2647 4071 2767 4108 vere
2794 4051 2867 4106 ibi
2908 4051 3117 4125 Jupiter
3158 4068 3191 4104 e
3215 4049 3417 4104 femore
3454 4049 3678 4122 εὖραφεΐ,
3726 4051 3848 4105 bene
3868 4064 4007 4114 seno,

2443 4134 2762 4198 dissolverit,
2787 4131 2932 4187 unde
2949 4132 3106 4187 etiam
3130 4129 3370 4186 Bacchus
3385 4172 3402 4197 ,
3423 4139 3485 4185 ut
3499 4128 3702 4186 dictum
3726 4141 3805 4185 ωε
3828 4149 4004 4204 supra,

2444 4226 2657 4271 vocatus
2705 4223 2783 4268 est
2827 4210 3117 4268 secundum
3162 4209 3419 4283 quosdam
3470 4209 3805 4283 Εἰραφιιῖιτης,
3854 4212 4013 4266 Eira-

2436 4295 2647 4371 phiota,
2677 4293 2824 4365 quasi
2850 4295 3092 4347 Iuratus.
3166 4291 3284 4345 Hoc
3306 4300 3482 4345 autem
3510 4290 3765 4346 Arrianus
3790 4289 3857 4344 ad
3878 4291 4007 4344 San·

2440 4379 2641 4450 garium
2671 4375 2867 4430 iactum
2888 4373 3326 4438 comminiscitur,
3354 4371 3538 4425 dicens
3564 4369 3649 4426 ille
3674 4368 3741 4426 ad
3774 4371 4006 4442 sangarii

2438 4461 2579 4531 ripas
2603 4455 2865 4511 Bacchum
2878 4450 2993 4526 jam
3028 4453 3237 4508 vitalem
3272 4453 3421 4508 Iovis
3453 4451 3660 4506 vincula
3684 4453 4003 4523 perrupisse.

2439 4539 2684 4592 Ceterum
2712 4535 2995 4606 Dionysius
3020 4533 3075 4587 in
3102 4530 3444 4604 sequentibus
3461 4541 3768 4604 apparatum
3788 4527 4008 4600 subjun-

2438 4619 2515 4690 git
2554 4615 2845 4671 natalitium
2862 4653 2877 4677 ,
2920 4612 3269 4684 distincteque
3294 4620 3535 4676 enarrat,
3576 4627 3695 4683 quae
3727 4609 4007 4663 verisimile

2437 4708 2552 4753 erat
2573 4707 2704 4752 tunc
2728 4697 2783 4749 in
2810 4694 2911 4748 isto
2938 4703 3093 4766 partu
3116 4692 3418 4762 contigisse.
3492 4691 3687 4744 Omnia
3712 4689 3856 4743 enim
3874 4729 3890 4754 ,
3920 4690 4001 4742 in-

2434 4888 2508 4900 —-
2527 4858 2616 4912 30.
2642 4855 2823 4923 εὖώδης
2845 4851 3051 4907 ἐνταῦθα
3071 4850 3138 4916 d,·
3158 4850 3262 4906 icti
3282 4851 3367 4906 καὶ
3382 4851 3493 4914 ταῖς
3513 4848 3581 4914 d,·
3604 4851 3715 4912 ταῖς
3736 4866 3849 4903 om.
3882 4851 3997 4904 DL.

2441 4939 2463 5008 ΙΙ
2492 4967 2567 4979 -
2586 4937 2674 4990 31.
2699 4934 2953 5008 μελιττοπ.
2990 4930 3048 4987 d.
3074 4933 3099 5004 ss
3127 4962 3204 4975 -
3222 4929 3313 4986 35.
3342 4928 3493 4984 αὖτοῦ
3516 4927 3574 4986 d.
3610 4929 3633 5000 ΙΙ
3658 4959 3733 4971 -
3751 4929 3841 4982 36.
3872 4926 3998 4995 Σκηο

2434 5020 2579 5084 νῆται
2605 5014 2763 5070 codd.
2800 5015 2911 5085 ss·—
2937 5014 3026 5069 38.
3055 5011 3085 5065 ὅ
3109 5030 3219 5069 om.
3236 5029 3295 5083 y.
3333 5011 3357 5083 ΙΙ
3382 5041 3459 5053 -
3484 5013 3575 5075 41.
3602 5009 3678 5081 ἐφ’
3698 5005 3759 5062 οὗ
3782 5006 3855 5071 d,·
3874 5025 3994 5076 προ·

2433 5095 2612 5167 ερρήθη
2634 5113 2735 5168 pro
2758 5111 2905 5148 more
2924 5096 3005 5149 M.
3037 5092 3060 5163 ΙΙ
3089 5094 3275 5157 -42,
3304 5092 3333 5146 ὁ
3367 5088 3495 5162 Ἇρρ.
3532 5087 3715 5153 codd„
3754 5105 3870 5141 exc.
3895 5089 3993 5153 Or,-

2434 5172 3118 5249 μυθοπλαστεῖ...Σαγγαρίου
3144 5189 3253 5228 om.
3293 5169 3353 5226 d.
3389 5172 3412 5243 ΙΙ
3434 5199 3507 5213 -
3526 5173 3615 5235 44.
3642 5167 3753 5222 ἐκεῖ
3782 5163 3991 5236 διέρρηξε

770 5261 826 5318 δὲ
853 5263 938 5317 καὶ
965 5262 1110 5328 αὗτδς
1131 5263 1198 5327 ὣς
1221 5261 1272 5318 ἔν
1312 5261 1375 5320 d.
1419 5263 1442 5335 ss
1473 5293 1546 5306 —
1567 5279 1654 5334 27.
1682 5279 1823 5336 φασιν
1844 5279 1912 5332 gr,-
1940 5259 2099 5328 ληδᾶν
2130 5257 2188 5322 d,
2214 5257 2337 5311 λαύ-
2427 5257 2483 5313 d.
2522 5257 2545 5328 ss
2574 5288 2647 5301 —
2675 5256 2763 5321 45.
2795 5253 2931 5311 εἶπεν
2962 5253 3094 5320 cm,
3122 5269 3239 5309 om.
3277 5251 3345 5318 d,
3396 5247 3541 5305 εἶπον
3572 5259 3694 5304 cett.
3738 5246 3761 5316 ΙΙ
3810 5249 3987 5316 -47,

767 5343 920 5399 δανον
945 5346 1026 5399 Μ.
1059 5345 1082 5412 ΙΙ
1104 5374 1180 5386 —
1196 5347 1287 5398 28.
1315 5341 1368 5398 δὲ
1393 5360 1502 5397 om.
1530 5347 1593 5407 0,·
1619 5347 1718 5406 πῶς
1744 5340 1810 5406 d‚·
1833 5345 2034 5414 γενικῶς
2057 5337 2251 5395 Halm.
2310 5339 2331 5408 ΙΙ
2427 5335 2543 5392 ποτὲ
2563 5337 2606 5390 d
