4584 6284
1783 395 1887 454 DE
1925 392 2295 454 mommo
2339 392 2788 456 PERIEGETE.

685 530 909 595 tientes
950 528 1066 591 sibi
1109 527 1304 590 habet
1334 526 1604 609 aequales
1640 543 1788 590 suos
1831 527 2136 589 Senecam
2177 530 2241 586 et

695 616 1004 679 Valerium
1027 615 1324 679 Flaccum
1347 659 1364 688 ,
1388 613 1543 677 adeo
1567 618 1638 676 ut
1671 613 1820 676 hinc
1859 611 2112 676 serioris
2132 610 2244 674 aevi

689 704 995 768 indicium
1023 701 1152 785 peti
1193 707 1462 784 nequeat
1509 704 1604 786 (v.
1653 709 1784 764 not.
1831 700 1914 763 ad
1953 719 2045 764 vs.
2083 704 2242 777 305,

771 879 956 946 Aliud
985 878 1311 943 sententioe
1334 898 1462 943 suoe
1481 887 1923 959 argumentum
1943 875 2251 940 Bernhar-

691 971 850 1052 dyus
895 966 1193 1032 assumsit
1245 986 1321 1030 ex
1348 965 1552 1031 verbis
1592 969 1854 1029 Αὐσονίου
1921 966 2252 1048 βασιλῆος

697 1061 787 1136 (ν.
815 1060 970 1121 1052
987 1059 1044 1137 );
1085 1077 1116 1114 «
1151 1073 1299 1120 nam
1337 1057 1746 1138 imperatores
1769 1055 1980 1138 paullo
2017 1051 2254 1116 seriore

693 1154 1008 1227 tempore,
1059 1143 1126 1206 id
1179 1149 1274 1206 est
1313 1144 1390 1207 ab
1433 1142 1762 1207 Antoninis
1805 1141 1986 1217 inde,
2023 1143 2254 1222 βασιλεῖς

694 1231 903 1296 vocari
935 1231 1368 1295 demonstrant
1401 1231 1525 1294 loci
1548 1249 1586 1294 a
1614 1229 1996 1314 Spanhemio
2023 1232 2115 1293 De
2138 1246 2256 1292 usu

696 1327 759 1384 et
799 1327 1008 1404 praest.
1053 1318 1230 1385 num.
1263 1320 1380 1383 vol.
1413 1324 1476 1400 2,
1509 1339 1548 1401 p
1595 1323 1711 1384 397
1759 1339 1854 1402 sq.
1887 1318 2249 1400 congesti.»

693 1412 846 1472 Haec
873 1428 1020 1472 vero
1049 1425 1272 1491 parum
1298 1415 1586 1472 accurate
1613 1406 1782 1472 dicta
1807 1415 1984 1482 sunt;
2016 1425 2164 1470 nam
2195 1405 2260 1467 in

697 1499 908 1563 numis
925 1499 1182 1582 quidem
1195 1497 1449 1581 βασιλέως
1465 1497 1684 1562 titulus
1701 1497 1848 1562 inde
1865 1517 1902 1562 a
1923 1494 2258 1562 Commodi

697 1588 960 1651 demum
987 1587 1376 1670 temporibus
1399 1585 1618 1650 obvius
1638 1592 1734 1649 est
1751 1631 1770 1664 ,
1793 1586 1902 1650 sed
1920 1587 2054 1668 jam
2081 1589 2262 1647 antea

699 1675 797 1739 usi
817 1692 894 1738 eo
916 1683 1061 1739 sunt
1079 1675 1412 1756 scriptores
1431 1675 1528 1740 vel
1549 1675 1828 1756 Dionysii
1851 1672 2153 1740 coaetanei
2166 1672 2264 1736 vel

699 1761 911 1846 paullo
943 1761 1240 1826 duntaxat
1267 1781 1345 1827 eo
1379 1763 1698 1844 juniores,
1731 1763 1848 1826 Dio
1899 1760 2268 1842 Chrysosto-

697 1869 863 1930 mus,
894 1850 1246 1933 Appianus,
1302 1852 1760 1932 Athenagoras,
1819 1848 2130 1912 Aristides
2152 1844 2262 1928 (1).

778 1938 1088 2002 Praeterea
1109 1939 1544 2022 Bernhardyus
1571 1939 1757 2003 affert
1781 1935 2269 2018 significationes

699 2026 1004 2104 quasdam
1031 2027 1361 2109 regionum
1407 2046 1481 2092 ac
1531 2027 1946 2110 populorum,
1987 2043 2133 2109 quae
2174 2023 2269 2086 ci-

701 2114 931 2178 teriore
968 2114 1228 2178 demum
1279 2123 1460 2180 aetate
1508 2116 1778 2198 proferri
1825 2113 2176 2196 potuerint,
2203 2119 2269 2175 ut

705 2207 1073 2282 Moesorum,
1126 2203 1498 2269 commercii
1541 2204 1770 2277 serici,
1827 2201 2092 2276 Coliaci,
2137 2208 2270 2264 tum

707 2312 852 2358 vero
905 2295 1328 2357 Nasamonum
1371 2292 1568 2356 cladis
1616 2300 1682 2356 et
1722 2290 2061 2373 Cycladum
2107 2289 2272 2352 Asiae

711 2382 1165 2462 adscriptarum
1195 2381 1454 2445 menti0.
1476 2382 1718 2444 Eodem
1737 2379 1940 2462 spatio
1967 2377 2273 2443 contineri

713 2470 800 2536 ait
827 2470 896 2534 id
923 2468 1093 2552 quod
1124 2469 1204 2534 dc
1231 2469 1624 2553 Indoscythis
1649 2475 1848 2533 exstat
1872 2487 1929 2532 v.
1965 2471 2146 2545 1088,
2177 2473 2277 2530 ut-

714 2566 859 2644 pote
889 2579 925 2623 a
953 2557 1368 2641 scriptoribus
1396 2557 1592 2622 seculi
1619 2557 1915 2634 secundi,
1937 2557 2277 2621 Ptolemaeo

715 2656 778 2713 et
808 2648 1102 2725 Arriano,
1147 2665 1343 2731 quem
1390 2646 1636 2726 serunt,
1669 2647 1948 2728 primum
1994 2645 2272 2729 prolatis.

713 2737 994 2821 Denique
1022 2738 1363 2800 decursum
1389 2736 1504 2800 aevi
1535 2735 1792 2799 serioris
1835 2733 2105 2816 prodere
2144 2735 2282 2798 Coe-

713 2826 956 2908 lesyriae
988 2829 1359 2906 potestatem
1383 2823 1838 2906 amplissimam
1859 2822 2060 2904 (889),
2091 2839 2278 2903 quam

716 2913 1044 2997 Ulpianus,
1075 2911 1396 2993 Eunapius
1423 2929 1772 2996 eorumque
1813 2910 2088 2994 aequales
2131 2928 2283 2973 con-

717 3002 997 3075 firment,
1048 3008 1113 3064 et
1159 2999 1473 3064 Chalcidis
1521 3018 1753 3064 nomen
1808 2998 1884 3082 (v.
1935 3003 2100 3076 803),
2155 3017 2280 3080 quo

717 3090 1167 3155 chalcedonem
1185 3089 1754 3155 ecclesiasticorum
1776 3087 2096 3154 volumina
2117 3088 2282 3152 cele·

721 3181 1052 3245 braverint.
1509 3211 1516 3218 ·

797 3269 869 3331 ln
893 3267 992 3331 his
1022 3266 1192 3347 quod
1216 3267 1436 3331 attinet
1465 3269 1849 3331 Nasamones
1871 3274 1934 3331 et
1959 3263 2280 3346 Cyclades,

725 3356 1022 3438 probatur
1041 3355 1119 3417 iis
1151 3353 1514 3436 Dionysium
1545 3354 1869 3434 scripsisse
1889 3358 2030 3436 post
2047 3369 2282 3415 annum

725 3446 804 3508 86
831 3462 897 3525 p.
931 3445 1024 3518 C.;
1055 3461 1170 3505 cur
1197 3443 1426 3506 Moesos
1447 3441 1512 3504 in
1545 3440 1825 3505 medium
1847 3439 2284 3522 Bernhardyus

725 3531 1032 3606 attulerit,
1071 3548 1199 3594 non
1227 3548 1558 3614 assequor;
1592 3549 1734 3614 qum
1779 3548 1928 3594 vero
1967 3528 2050 3594 de
2095 3529 2284 3592 rebus

729 3619 956 3685 Indicis
982 3617 1138 3683 dixit
1153 3664 1172 3692 ,
1195 3636 1271 3682 ea
1296 3619 1575 3700 pendent
1594 3637 1672 3681 ex
1698 3618 1854 3681 falsa
1880 3617 2177 3697 opinione
2205 3617 2286 3680 de

719 3711 904 3769 atate
942 3703 1466 3767 Pseudo-Arriani
1521 3703 1646 3765 sive
1675 3703 1948 3766 auctoris
1993 3702 2282 3782 anonymi

727 3790 960 3870 Peripli
1003 3789 1195 3852 maris
1235 3787 1578 3870 Erythraei3
1616 3789 1784 3850 hunc
1813 3788 1984 3850 enim
2013 3807 2089 3850 ex
2117 3787 2290 3851 Dod-

731 3876 897 3938 welli
943 3873 1250 3936 sententia
1287 3873 1574 3954 plerique
1623 3873 1946 3938 Pausaniae
1979 3874 2286 3956 oequalem

735 3960 925 4020 ruisse
973 3959 1274 4036 putabant
1291 4001 1310 4033 ‚
1343 3975 1720 4038 quamquam
1761 3965 1932 4036 patet
1973 3959 2288 4038 periplum

737 4041 854 4099 sub
896 4039 1252 4099 Domitiano
1285 4041 1534 4112 (80·90,
1566 4059 1628 4117 p.
1672 4039 1784 4116 C.)
1821 4041 2124 4117 scriptum
2157 4059 2292 4102 esse

735 4119 959 4177 eodem
979 4119 1108 4178 rere
1135 4125 1418 4195 tempore
1441 4136 1567 4199 quo
1595 4120 1924 4198 Dionysius
1947 4121 2295 4200 periegesin

735 4199 933 4263 edidit
965 4199 1062 4284 (v.
1099 4209 1255 4265 tom.
1285 4204 1332 4279 l,
1366 4221 1431 4284 p.
1461 4204 1674 4288 xcu).
1722 4207 2011 4270 Ceterum
2039 4208 2296 4290 Scythas

798 4371 866 4434 (1)
893 4371 1153 4423 Eckhelius
1195 4375 1364 4424 Doctr.
1395 4387 1535 4425 num.
1568 4375 1667 4427 vol.
1700 4381 1748 4438 8,
1777 4390 1826 4442 p.
1861 4383 1990 4430 aas:
2025 4399 2048 4422 ιι
2075 4379 2295 4432 ‘ritulmn

737 4441 988 4502 βασιὶέως,
1009 4442 1162 4501 rems,
1194 4441 1316 4491 satis
1343 4445 1538 4494 mature
1563 4445 1826 4508 scriptores
1842 4447 2006 4510 graeci,
2027 4447 2120 4498 Dio
2137 4449 2294 4510 Chry·

735 4509 997 4586 sostomus,
1030 4508 1300 4570 Appianus,
1319 4509 1670 4574 Athenagoras,
1689 4513 1931 4564 Aristides
1962 4515 2144 4579 aliique
2169 4517 2299 4580 prin·

737 4573 926 4656 cipibus
951 4576 1176 4626 Romanis
1203 4590 1294 4640 pro
1323 4577 1520 4629 nomine
1558 4578 1778 4644 legitimo
1807 4583 2147 4647 αὐτοκράτορος
2181 4587 2300 4636 sunt

737 4643 1000 4708 impertiti,
1026 4647 1171 4728 cnjus
1213 4645 1334 4698 sacti
1357 4647 1637 4700 testimonia
1669 4662 1875 4714 possum
1915 4651 2138 4716 reticere,
2179 4653 2299 4718 quia

739 4727 960 4778 magnam
989 4713 1174 4778 pridem
1195 4729 1366 4768 eorum
1381 4717 1569 4782 copiam
1592 4718 1784 4785 colleglt
1797 4723 1849 4772 et
1865 4735 1924 4772 ex
1938 4722 2183 4788 locuplete
2199 4737 2295 4776 suo

741 4795 895 4862 cornu
911 4789 1163 4849 proposuit
1177 4786 1454 4839 indefessus
1471 4789 1795 4853 spanhemius
1816 4792 1874 4856 (t.
1890 4799 1938 4854 2,
1963 4805 2014 4856 p.
2043 4794 2175 4854 397).
2205 4796 2298 4843 Ne-

729 4865 839 4914 que
851 4864 960 4911 ejus
973 4851 1024 4900 iu
1053 4853 1218 4903 nnmis
1243 4857 1524 4906 Groecorum
1541 4857 1722 4908 desum
1745 4861 1979 4921 aernpla,
2000 4859 2090 4909 sed
2118 4861 2291 4909 admo-

737 4917 860 4968 dum
876 4929 1000 4965 rara.
1019 4919 1176 4967 Notus
1191 4932 1370 4969 numus
1388 4923 1600 4982 caphya
1622 4923 1862 4982 Arcadio,
1881 4925 1971 4986 qui
1987 4926 2290 4974 caracallam

735 4983 947 5047 appellat
967 4987 1329 5037 ANTONlNON
1350 4989 1631 5050 ΒΑΣΙΛΕΑ,
1663 4992 1772 5041 tum
1790 4994 1842 5043 et
1857 4991 1996 5042 numi
2013 4991 2290 5055 commodi,

725 5053 916 5103 Nicaea)
942 5054 1086 5104 etCii
1117 5055 1356 5119 Bithynia
1385 5057 1600 5120 urbium,
1621 5061 1732 5109 tum
1757 5063 1808 5110 et
1835 5061 2076 5112 cassat-ein
2107 5063 2294 5127 cappa-

725 5121 890 5173 ,socias
907 5122 1082 5188 signati
1096 5137 1212 5175 cum
1225 5125 1484 5191 epigraphe
1501 5149 1514 5178 ·.
1537 5132 1892 5181 ΚΟΜΜΟΔΟΥ
1915 5133 2290 5184 ΒΑΣΙΛΕΥΟΝ-

727 5193 854 5243 ΤΟΣ
873 5198 915 5244 0
937 5197 1192 5246 ΚΟΣΜΟΣ
1217 5198 1498 5248 ΕΥΤΥΧΕἱ.
1526 5219 1550 5243 s

3786 395 3893 470 xxj

2334 523 2581 588 Indicos
2620 541 2969 587 memorare
3014 522 3244 589 licebat
3281 523 3379 588 vel
3410 523 3559 588 inde
3601 523 3682 586 ab
3726 541 3893 587 anno

2339 616 2454 676 120
2480 631 2535 676 a.
2580 613 2723 674 Chr.
2760 611 2849 694 (v.
2880 619 3033 674 tom.
3062 614 3112 687 1,
3146 631 3209 693 p.
3240 614 3383 692 286,
3416 611 3592 693 287).
3630 610 3897 691 Coelcsy·

2336 701 2431 764 ria
2452 701 2746 783 Dionysio
2768 704 2863 764 est
2876 697 3193 768 πολῦπτολις
3218 691 3309 761 αἶα
3341 699 3499 784 (899)
3518 719 3593 764 ac
3617 699 3790 782 regio
3817 701 3897 766 M?

2338 791 2485 871 παρὴ
2502 790 2592 850 καὶ
2605 789 2827 862 ιῦὄοτος,
2846 807 2921 852 ac
2942 788 3132 852 talem
3150 806 3399 869 semper
3414 787 3605 853 fuisse
3628 795 3891 854 constat.

2339 879 2519 942 Haud
2561 877 2759 960 magis
2786 876 3091 959 temporis
3134 883 3349 940 notam
3376 876 3607 942 elicere
3634 877 3783 942 licet
3820 897 3899 942 ex

2340 983 2419 1030 eo
2467 967 2636 1051 quod
2682 965 3034 1029 Chalcedon
3096 964 3339 1048 poetice
3392 975 3652 1031 vocatur
3694 967 3899 1038 Χαλκὶς

2343 1055 2538 1138 ἄρουρα
2567 1056 2801 1120 incolas
2839 1055 3078 1119 habens
3106 1055 3425 1121 Χαλκιδέας.
3467 1055 3698 1132 Quodsi
3730 1057 3899 1121 enim

2344 1146 2411 1208 in
2438 1146 2752 1210 nonnullis
2784 1145 3038 1208 serioris
3066 1143 3175 1209 aevi
3208 1143 3623 1226 scriptoribus
3650 1145 3901 1208 Chalce-

2347 1233 2474 1297 don
2504 1233 2815 1298 interdum
2840 1233 3045 1303 Χαλκίς
3075 1238 3349 1310 vocatur,
3382 1233 3587 1296 forma
3614 1231 3756 1296 haec
3786 1251 3904 1297 no-

2346 1321 2537 1386 minis
2554 1321 2753 1386 rarior
2770 1321 2849 1387 ab
2868 1321 3321 1405 antiquioribus
3340 1319 3756 1404 scriptoribus
3776 1339 3905 1386 non

2348 1419 2485 1476 erat
2530 1413 2761 1489 aliena,
2818 1412 3007 1496 inque
3051 1420 3234 1494 poeta
3278 1417 3451 1475 tanto
3506 1411 3717 1475 minus
3762 1431 3908 1496 pre-

2351 1501 2581 1566 menda
2604 1519 2802 1586 quum
2846 1500 3029 1565 obvia
3056 1499 3163 1564 flat
3214 1500 3277 1564 in
3314 1499 3699 1564 Artemidori
3742 1499 3911 1582 frag-

2354 1600 2566 1656 mento
2606 1590 2772 1674 apud
2818 1589 3201 1672 Stephanum
3248 1591 3392 1674 Byz.
3442 1608 3495 1652 s.
3525 1609 3583 1654 v.
3617 1591 3906 1670 Χαλκῑτιςς

2355 1679 2443 1743 ibi
2472 1679 2641 1743 enim
2673 1678 2861 1744 verba
2878 1679 2976 1752 τὴν
3008 1680 3264 1741 Χαλκῖτιν
3290 1677 3582 1756 λιγομίνην
3604 1677 3756 1739 πόλιν
3781 1696 3907 1742 non

2356 1769 2437 1832 ad
2476 1767 2739 1832 insulam
2781 1765 3248 1848 cognominem,
3282 1764 3393 1830 sed
3440 1764 3521 1829 ad
3566 1765 3922 1830 Chalcedo··

2356 1875 2504 1921 nem
2532 1856 2753 1921 urbem
2784 1854 3097 1939 pertinere
3124 1859 3188 1918 et
3220 1860 3314 1915 τοῦ
3346 1854 3633 1934 παράπλου
3658 1854 3818 1918 ratio
3848 1863 3915 1920 et

2358 1945 2789 2010 distantiarum
2817 1951 2985 2008 notae
3008 1943 3237 2008 docent
3274 1949 3571 2026 recteque
3606 1941 3915 2008 intellexit

2357 2039 2575 2100 Petrus
2609 2035 2853 2101 Gillius.
2880 2033 3181 2098 Similiter
3210 2033 3436 2097 fluvius
3475 2031 3585 2116 qui
3614 2033 3913 2110 Χαλκηὸὼν

2358 2145 2393 2189 a
2422 2124 2713 2206 Dionysio
2739 2122 3031 2206 Byzantio
3050 2169 3069 2204 ‚
3110 2121 3404 2198 Arriano,
3442 2119 3758 2203 Hesychio
3798 2122 3917 2184 Mi-

2360 2213 2513 2278 lesio
2537 2211 2797 2295 aliisque
2814 2211 3160 2293 Byzantinis
3180 2207 3431 2278 dicitur.
3457 2207 3627 2292 apud
3648 2209 3918 2292 Stepha-

2362 2320 2510 2366 num
2541 2303 2679 2383 Byz.
2712 2321 2765 2364 s.
2794 2321 2851 2364 v.
2890 2298 3186 2373 Χαλκηδών
3207 2303 3463 2363 vocatur
3486 2297 3712 2368 Χαλκίς.

2437 2389 2625 2454 Aliud
2642 2395 3081 2472 argumentum
3095 2386 3533 2470 Bernhardyus
3552 2403 3630 2449 ex
3646 2403 3723 2450 eo
3744 2403 3919 2449 sum-

2364 2481 2477 2558 sit,
2530 2479 2701 2564 quod
2742 2477 3069 2564 Dionysius
3114 2483 3345 2562 praeter
3408 2474 3763 2561 periegesin
3781 2521 3802 2557 ,
3853 2473 3921 2540 in

2367 2590 2491 2654 qua
2517 2569 2745 2653 soepius
2774 2587 3037 2652 gemma
3057 2587 3171 2652 per
3187 2568 3385 2632 varias
3408 2566 3696 2649 regiones
3718 2565 3921 2632 obviae

2366 2665 2957 2734 commemorantur,
2987 2657 3171 2720 etiam
3220 2654 3536 2737 peculiare
3581 2653 3660 2716 de
3692 2651 3922 2736 lapidi-

2368 2749 2485 2812 bus
2513 2765 2765 2812 carmen
2790 2744 3091 2809 condidit.
3122 2742 3454 2807 Probabile
3476 2741 3645 2805 enim
3672 2747 3767 2804 est
3792 2759 3927 2804 ser-

2369 2853 2623 2898 monem
2668 2833 2734 2898 in
2762 2852 2839 2898 eo
2868 2833 3061 2896 fuisse
3088 2831 3169 2896 de
3196 2829 3480 2912 lapidum
3509 2829 3747 2892 viribus
3787 2845 3926 2890 ma-

2370 2922 2556 3004 gicis,
2616 2923 2795 3002 cujus
2862 2917 3163 2986 doctrinm
3222 2917 3552 2997 vestigium
3606 2914 3802 2978 habes
3858 2913 3925 2976 in

2370 3011 2761 3096 periegeseos
2786 3027 2967 3072 versu
2983 3011 3101 3072 725
3119 3055 3134 3080 ,
3158 3006 3268 3070 ubi
3288 3005 3478 3087 iaspis
3498 3008 3925 3067 monstrorum

2369 3099 2827 3167 averruncatrix
2840 3117 2979 3163 esse
3006 3097 3385 3180 perhibetur.
3407 3097 3547 3159 Jam
3563 3112 3714 3158 vero
3733 3095 3930 3156 Bern-

2368 3189 2640 3270 hardyus
2702 3207 2765 3270 p.
2828 3190 2946 3251 506
3012 3184 3217 3249 studia
3284 3184 3426 3247 haec
3499 3181 3933 3264 superstitiosa

2371 3272 2787 3358 deprehendit
2829 3291 2955 3337 non
2996 3290 3133 3335 esse
3182 3275 3455 3354 spectata
3487 3267 3612 3332 nisi
3658 3266 3933 3330 decursu

2372 3362 2631 3428 secundi
2653 3361 3219 3443 continuorumque
3240 3356 3599 3422 seculorum
3612 3401 3631 3435 ,
3654 3362 3718 3419 at
3738 3353 3790 3416 si
3807 3372 3932 3438 qua

2370 3452 2607 3516 Plinius
2647 3450 2833 3515 anilis
2860 3445 3387 3530 interpretationis
3426 3445 3495 3508 in
3522 3443 3807 3525 lapidum
3836 3460 3935 3506 re-

2372 3561 2567 3607 censu
2601 3540 2860 3622 vestigia
2884 3539 3111 3624 prodat
3127 3585 3144 3615 ,
3176 3535 3511 3601 consilium
3536 3539 3750 3598 tamen
3778 3551 3931 3616 ope-

2373 3649 2631 3710 ramque
2704 3627 3065 3691 meditatam
3134 3643 3261 3690 non
3326 3623 3518 3686 licere
3574 3639 3932 3702 expressam

2373 3715 2647 3798 reperire
2664 3761 2681 3790 ‚
2744 3713 2855 3777 sed
2925 3711 3147 3794 magiae
3218 3711 3479 3773 fortasse
3553 3707 3795 3770 semina
3856 3724 3935 3769 ex

2375 3804 2625 3867 Oriente
2652 3800 2961 3884 serpentis
3002 3807 3067 3864 et
3089 3799 3419 3862 vanitatem
3449 3794 3690 3877 lapides
3714 3793 3937 3858 vendi-

2375 3890 2672 3963 tantium3
2714 3886 3076 3967 Dionysium
3122 3885 3312 3966 igitur
3348 3883 3736 3946 Lithicorum
3780 3881 3937 3944 scri-

2377 3984 2624 4062 ptorem
2652 3974 2863 4036 seculo
2908 3972 3184 4036 secundo
3228 3971 3490 4052 nequire
3530 3969 3937 4032 vetustiorem

2378 4059 2617 4120 haberi.
2663 4057 2745 4118 At
2778 4059 2918 4118 haec
2956 4057 3203 4118 abunde
3253 4055 3625 4116 refelluntur
3666 4071 3743 4114 ex
3796 4055 3935 4131 ipso

2382 4141 2615 4218 Plinio,
2661 4140 2770 4223 qui
2812 4141 2919 4204 lib.
2955 4145 3036 4206 30
3066 4141 3199 4204 init.
3237 4139 3429 4204 verba
3456 4139 3607 4204 facit
3646 4138 3727 4203 de
3765 4139 3939 4204 rabie

2385 4230 2663 4295 scientioe
2680 4229 2941 4311 magicae
2960 4247 3103 4312 quae
3123 4233 3373 4296 Graecos
3392 4227 3751 4305 incesserit,
3778 4227 3937 4292 etde

2384 4321 2706 4384 literarum
2742 4317 3019 4382 claritate
3051 4337 3237 4402 quam
3268 4337 3345 4382 ex
3372 4336 3447 4382 ea
3472 4323 3687 4400 petere
3724 4316 3937 4382 annixi

2384 4408 2529 4472 sint.
2555 4406 2727 4470 Idem
2754 4407 2931 4470 istius
2979 4406 3254 4470 scientias
3286 4424 3411 4468 non
3451 4405 3644 4468 modo
3680 4405 3939 4484 vestigia

2386 4493 2675 4574 quadam
2704 4495 2770 4555 in
2812 4492 2989 4555 libris
3018 4492 3146 4554 suis
3189 4491 3429 4573 prodit,
3470 4493 3581 4552 sed
3621 4491 3723 4552 vix
3769 4491 3937 4554 ullus

2384 4587 2481 4642 est
2508 4579 2775 4659 scriptor
2798 4579 2905 4661 qui
2926 4623 2943 4654 ,
2967 4577 3247 4661 quamvis
3272 4577 3533 4658 magicas
3555 4575 3841 4640 vanitatis
3869 4593 3937 4640 sc

2384 4672 2875 4751 contemptorem
2922 4667 3303 4748 profiteatur,
3350 4663 3724 4747 ampliorem
3766 4681 3939 4728 com·

2382 4763 2740 4819 mentorum
2782 4753 3163 4836 magicorum
3214 4752 3462 4832 copiam
3528 4751 3595 4814 in
3651 4750 3931 4814 medium

2384 4841 2727 4920 protulerit.
2763 4841 2892 4913 Sic,
2922 4846 2993 4899 ut
3024 4839 3357 4900 subsistam
3384 4839 3448 4896 in
3478 4837 3643 4896 libro
3665 4837 3935 4896 xxxvu

2384 4923 2463 4983 de
2488 4922 2751 5000 gemmis
2778 4928 3031 4998 agente,
3058 4935 3380 4998 magorum
3402 4917 3632 4994 placita
3660 4918 3933 4976 afferun-

2382 5015 2483 5070 tur
2510 5006 2589 5070 de
2616 5006 2861 5082 achate,
2886 5005 3237 5092 amethysto
3254 5049 3274 5082 ,
3303 5003 3633 5066 adamante
3650 5047 3669 5078 ,
3709 5001 3931 5076 atizoe,

2381 5095 2667 5170 astriom,
2700 5093 3087 5165 chelonitide
3106 5151 3121 5181 ,
3146 5092 3439 5163 ceraunio
3462 5137 3479 5168 ,
3515 5091 3931 5172 glossopetra,

2380 5183 2708 5268 gorgonia,
2741 5183 2989 5264 goniaeo
3010 5237 3033 5270 ,
3080 5179 3489 5265 heliotropio,
3521 5177 3803 5262 hyaenia,
3842 5196 3943 5254 sy·
