4584 6284
704 477 823 531 420

700 604 1041 671 κῑλῑῦσαντος
1066 608 1161 664 τοῦ
1180 601 1303 669 Διὸς
1322 598 1695 677 λελυπημένην
1710 621 1725 638 ·
1744 600 1836 659 καὶ
1858 598 1959 679 γὰρ
1980 602 2005 659 5
2030 599 2160 667 Ζεὺς
2178 604 2270 673 τῆς

2028 465 2544 527 ΠΑΡΑΦΡΑΣΙΣ.

2357 599 2524 679 μένων
2566 600 2828 677 ἡμιθέων,
2869 600 2936 673 ἣν
2965 603 2998 660 ὅ
3019 624 3076 659 τε
3113 604 3380 662 Ποσειδῶν
3429 628 3519 661 και
3562 601 3828 665 Ἀπόλλων
3863 606 3916 665 ἶ-

703 692 993 775 ἑπεράστου
1024 690 1117 751 καὶ
1138 692 1308 763 καλῆς
1336 689 1513 771 φιλίας
1541 690 1706 761 αὐτῆς
1734 690 1998 765 ἐπιθυμῶν
2031 688 2121 747 καὶ
2137 688 2270 768 χρή·
2357 711 2530 762 κτισε,
2552 692 2642 749 καὶ
2675 694 2709 762 ἠ
2728 684 2878 771 Ἥρα
2906 688 3000 748 καὶ
3029 692 3065 761 ἡ
3091 688 3282 760 Ἀθηνᾶ
3303 689 3612 767 ἐπόρθησεν.

701 784 835 850 ζων,
876 781 1051 840 καίτοι
1081 778 1158 858 μὴ
1190 779 1471 850 θέλουσαν,
1498 775 1681 856 πόρρω
1725 779 1821 847 τῆς
1868 777 2001 845 ἰδίας
2028 776 2271 857 πατρίδος

701 867 982 950 ἐχώρισεν·
1012 870 1073 927 ἐκ
1094 866 1291 941 ταύτης
1322 866 1379 925 δὲ
1406 865 1499 924 καὶ
1517 870 1551 937 ἡ
1584 865 1733 930 πόλις
1770 865 1989 935 Σινώπη
2019 864 2079 924 τὸ
2105 865 2268 941 ὄνομα

700 956 830 1037 ἔχει.
914 956 1051 1037 Περὶ
1078 954 1278 1015 ἐκείνου
1303 953 1359 1014 δὲ
1388 959 1479 1013 τοῦ
1504 951 1879 1032 Θερμώδοντος
1900 958 2135 1030 ποταμοῦ
2155 975 2271 1032 κρυ-

703 1042 952 1124 μώδειςῆ
989 1044 1200 1128 ψυχρὰς
1235 1040 1399 1125 ὄχθας
1428 1040 1517 1101 τὀν
1564 1040 1791 1120 καθαρὸν
1834 1039 1973 1101 λίθον
2008 1046 2099 1101 τοῦ
2140 1062 2269 1121 κρυ·

701 1134 931 1195 στάλλου
947 1177 964 1206 ,
996 1133 1239 1213 καθάπερ
1276 1130 1553 1214 χειμερίαν
1582 1129 1816 1209 πάχνην,
1850 1130 2079 1208 τέμνοις,
2116 1133 2269 1210 εὖρή-

702 1245 809 1291 σεις
832 1223 889 1283 δὲ
912 1222 1003 1283 καὶ
1030 1218 1131 1293 τὴν
1160 1218 1571 1303 πρασινίζουσαν
1598 1218 1802 1279 ἴασπιν.

780 1330 997 1374 783-792.
1028 1308 1189 1381 Ἑξῆς
1225 1310 1281 1367 δὲ
1311 1313 1339 1367 6
1366 1298 1500 1389 Ἶρις
1529 1306 1762 1384 ποταμὸς
1787 1306 1848 1367 τὸ
1869 1306 2102 1386 καθαρὸν
2130 1305 2266 1389 ὕδωρ

701 1400 775 1467 εἷς
814 1402 904 1459 τὸν
938 1398 1141 1459 Πόντον
1170 1395 1419 1458 ἐκόάλλει
1436 1420 1450 1433 ·
1481 1394 1569 1454 ἐπὶ
1594 1394 1760 1476 τούτῳ
1796 1393 1848 1454 δὲ
1876 1397 1932 1453 αῖ
1969 1399 2058 1453 τοῦ
2082 1390 2267 1463 Ἅλυος

701 1490 947 1563 ποταμοῦ
997 1484 1115 1565 ῥοαὶ
1158 1483 1506 1552 ἄναὸλύζουσι
1548 1482 1770 1557 πλησίον
1814 1486 1906 1555 τῆς
1950 1482 2266 1563 Καραμὸίας

703 1571 898 1653 ἄκρας,
920 1572 1009 1633 ἐπὶ
1038 1570 1093 1633 δὲ
1117 1572 1208 1631 τὸν
1228 1574 1421 1653 βορρᾶν
1452 1569 1728 1647 ἑλκόμεναι
1757 1569 1978 1630 ἀπὸτοῦ
1998 1569 2265 1651 Ἀρμενίου

702 1658 851 1741 ὄρους
877 1657 973 1731 τὴν
1004 1658 1175 1740 ἀρχὴν
1204 1658 1434 1740 ἔχουσιν.
1522 1657 1647 1719 Ἐπὶ
1669 1658 1867 1725 τούτοις
1888 1658 1942 1717 δὲ
1968 1666 2074 1725 τοῖς
2093 1661 2262 1738 αἰγια-

701 1749 811 1813 λοῖς
836 1750 941 1806 τῶν
969 1750 1225 1825 ποταμῶν
1270 1751 1597 1808 κατοικοῦσιν
1623 1750 1671 1806 ot
1703 1745 2044 1827 Παφλαγόνες
2088 1747 2178 1805 καὶ
2203 1748 2262 1806 τὸ

701 1838 809 1895 τῶν
841 1836 1231 1916 Μαριανδυνῶν
1263 1834 1400 1913 ἱερὸν
1439 1834 1605 1911 γένος.
1690 1834 1899 1896 Ἐκεῖσε
1931 1833 2020 1895 τὸν
2055 1835 2260 1916 ἰσχυρό-

702 1945 875 2007 φωνον
899 1924 1067 2005 μέγαν
1094 1922 1228 1985 κύνα
1252 1932 1343 1986 τοῦ
1366 1922 1607 2004 ὖπογείου
1624 1923 1930 1992 Πλούτωνος
1948 1922 2037 1983 τὸν
2066 1923 2260 2005 Κέρ6ε-

706 2034 815 2095 ρον,
846 2020 963 2081 ταῖς
988 2013 1141 2095 χερσὶ
1165 2018 1256 2073 τοῦ
1284 2013 1667 2095 μεγαλόφρονος
1694 2010 2018 2094 Ἡρακλέους
2043 2012 2257 2089 ἑλκόμε·

700 2124 811 2183 νον,
843 2102 1006 2165 δεινὸν
1042 2100 1205 2184 χυλὸν
1240 2100 1463 2176 σιελώδη
1497 2103 1602 2165 άπὸ
1644 2105 1750 2161 τῶν
1791 2100 2065 2181 στομάτων
2104 2104 2258 2162 αὐτοῦ

700 2214 859 2271 φασιν
884 2190 1281 2265 ἐκὸεὸληκέναι.
1370 2190 1476 2253 Καὶ
1502 2194 1681 2251 τοῦτον
1710 2188 1807 2265 μὶν
1836 2190 1924 2249 τὸν
1952 2192 2029 2251 ἰὸν
2051 2192 2258 2267 ἀναμε-

700 2280 953 2359 μιγμένον
979 2284 1014 2353 ἡ
1042 2284 1112 2361 γῆ
1141 2278 1349 2349 ἐδέξατο
1377 2279 1469 2340 καὶ
1497 2278 2013 2359 τοῖςΜαριανδυνοῖς
2040 2280 2253 2360 ἀνδράσι

697 2368 1175 2519 μεγάληνσξλάὸην
1202 2369 1444 2452 ἐφύτευσε
1460 2414 1476 2443 ,
1498 2365 1591 2440 τὴν
1622 2366 1860 2428 ἀκόνιτον
1888 2367 2122 2442 δηλονότι
2162 2374 2255 2428 θα-

694 2458 918 2536 νάσιμον
996 2481 1115 2517 σαν.

774 2564 983 2609 ’ποι-798.
1012 2542 1255 2617 Πλησίον
1286 2540 1342 2602 δὲ
1385 2546 1492 2603 τῶν
1542 2544 1926 2623 Μαριανδυνῶν
1957 2547 2005 2604 οἱ
2047 2547 2253 2607 Βιθυνοὶ

690 2632 919 2713 λιπαρὰν
947 2631 1039 2692 καὶ
1064 2630 1234 2704 καλὴν
1260 2630 1441 2713 χώραν
1462 2636 1827 2709 κατοικοῦσιν,
1850 2628 1973 2693 ἔνθα
2000 2636 2030 2693 6
2052 2632 2253 2704 Ῥήόας

688 2721 747 2781 τὸ
774 2722 1057 2781 κάλλιστον
1101 2718 1241 2798 ὕδωρ
1287 2722 1363 2786 εἰς
1414 2718 1503 2778 τὸν
1550 2718 1751 2781 Πόντον
1798 2719 2070 2795 ἐκὸάλλει,
2112 2721 2253 2793 ὅστις

686 2808 833 2890 παρὰ
851 2817 960 2878 τοῖς
988 2808 1219 2885 στόμασι
1245 2813 1337 2867 τοῦ
1362 2806 1565 2868 Πόντου
1589 2808 1882 2889 διέρχεται,
1907 2802 2105 2880 οὗτινος
2125 2810 2254 2871 κάλ-

684 2902 859 2959 λιστον
890 2896 1031 2977 ὕδωρ
1059 2897 1149 2956 ἐπὶ
1180 2898 1278 2969 τὴν
1302 2898 1400 2975 γῆν
1429 2894 1666 2979 σύρεται.
1751 2901 2005 2959 Τοσοῦτοι
2035 2900 2128 2973 μὲν
2154 2900 2250 2959 ἅν·-

684 2989 795 3067 δρες
839 2992 928 3047 τοῦ
975 2984 1179 3047 ΙΙόντου
1228 2984 1505 3064 περίοικοι
1536 2986 1861 3066 ὑπάρχουσιν
1879 3005 1892 3018 ·
1954 2988 2127 3047 ἐκεῖνά
2172 3012 2251 3047 σοι

682 3074 967 3153 ὑπαρχέτω
989 3072 1057 3132 τὰ
1085 3072 1626 3151 προκατηριθμημένα
1648 3077 1743 3143 τῆς
1766 3073 1990 3141 Σκυθίας
2024 3074 2170 3149 ἔθνη.

761 3180 974 3224 799-808.
1006 3158 1219 3240 Ἀρτίως
1238 3160 1295 3218 δὲ
1330 3164 1425 3231 τῆς
1466 3160 1729 3239 παραλίας
1748 3160 1928 3228 Ἀσίας
1943 3160 2033 3221 τὸν
2056 3162 2213 3243 πόρον
2230 3209 2249 3240 ,

682 3247 920 3308 τουτέστι
948 3246 1044 3319 τὴν
1076 3245 1251 3319 θέσιν,
1302 3246 1693 3327 ’διαγράψαιμι,
1742 3246 1885 3315 ὅστις
1923 3246 1987 3319 δὴ
2038 3248 2123 3308 ἐπὶ
2166 3245 2251 3309 τὸν

682 3333 1077 3407 Ἑλλήσποντον
1123 3333 1313 3392 ὁδεύων
1356 3331 1483 3409 πρὸς
1532 3332 1621 3391 τὸν
1670 3330 1817 3392 νότον
1844 3333 2121 3412 πορεύεται
2165 3335 2253 3393 καὶ

684 3420 814 3503 πρὸς
853 3420 941 3481 τὸν
971 3418 1285 3481 νοτιώτατον
1320 3422 1441 3501 ῥοῦν
1465 3423 1559 3477 τοῦ
1589 3420 1813 3498 Αἰγαίου
1836 3421 2125 3501 πελάγους,
2163 3425 2253 3499 μέ-

686 3534 781 3593 χρι
824 3514 921 3583 τ’ῆς
966 3506 1164 3589 Συρίας
1193 3510 1352 3580 αὐτῆς
1378 3506 1470 3567 καὶ
1510 3512 1608 3579 τῆς
1636 3506 1925 3588 ἐπεράστου
1964 3510 2056 3569 καὶ
2094 3511 2257 3585 καλῆς

688 3596 961 3681 Ἄραὸίας.
1053 3600 1277 3681 Πρῶτον
1307 3595 1400 3677 μὲν
1434 3599 1484 3657 οἱ
1510 3596 1901 3672 Χαλκηδονῖται
1924 3598 2142 3671 πλησίον
2164 3605 2255 3661 τοῦ

692 3686 953 3767 στόματος
978 3686 1075 3762 τὴν
1103 3691 1203 3767 γῆν
1225 3692 1531 3747 κατοικοῦσι
1549 3729 1568 3759 ,
1598 3686 1658 3746 τὸ
1688 3686 1969 3758 Βυζάντιον
1998 3688 2135 3749 κατὰ
2160 3689 2255 3762 τὴν

690 3778 858 3860 πέραν
882 3778 1125 3859 δρῶντες.
1209 3774 1340 3837 Ἐπὶ
1366 3776 1563 3840 τούτοις
1590 3774 1643 3834 δέ
1676 3780 1725 3836 οῖ
1764 3776 2029 3859 Βέὸρυκες
2066 3780 2158 3839 καὶ
2186 3778 2253 3839 τὰ

693 3867 790 3947 ὄρη
818 3871 916 3941 τῆς
948 3866 1194 3939 Μυσίας,
1239 3863 1356 3938 ἤτοι
1388 3867 1483 3937 τῆς
1524 3872 1715 3945 μικρᾶς
1762 3865 2025 3934 Βιθυνίας·
2058 3868 2125 3929 τὰ
2159 3866 2253 3949 όρη

692 3956 748 4017 δὲ
778 3954 921 4036 λέγει
942 3952 1063 4024 τοὺς
1085 3961 1176 4015 νῦν
1196 3950 1549 4029 καλουμένους
1569 3952 1904 4035 Ὀλύμπους,
1930 3954 2059 4016 ὅπου
2078 3960 2107 4017 6
2129 3957 2253 4025 Κίος

688 4042 927 4121 ποταμὸς
951 4042 1020 4103 τὰ
1066 4039 1370 4113 ἐπιθυμητὰ
1414 4044 1575 4101 αὗτοῦ
1604 4041 1781 4123 ῥεῖθρα
1811 4045 2130 4123 ἐπιπέμπει,
2176 4046 2253 4127 ἐφ’

692 4124 887 4201 οὗτινός
918 4154 1048 4193 ποτε
1077 4131 1210 4193 Κίου
1238 4138 1497 4211 προχοαῖς
1532 4126 1568 4201 ἢ
1596 4129 1840 4199 ἐκόολαῖς
1867 4132 1957 4194 τὸν
1980 4133 2253 4214 ἰσχυρότα·

690 4243 779 4281 τον
812 4218 1109 4301 θεράποντα
1139 4222 1232 4277 τοῦ
1263 4218 1496 4298 μεγάλου
1523 4218 1845 4299 Ἡρακλέους
1869 4219 1959 4279 τὸν
2008 4222 2183 4283 ’Υλαν
2216 4227 2251 4293 ἡ

690 4308 867 4392 νύμφη
897 4306 1219 4388 ἀνήρπασεν.

776 4415 995 4459 ουν-819.
1028 4394 1241 4457 Ἐκεῖσε
1275 4398 1369 4464 τῆς
1400 4394 1715 4477 μικροτέρας
1747 4396 1987 4475 Φρυγίας
2018 4400 2047 4455 6
2094 4394 2259 4465 πολὺς

692 4483 731 4559 ἢ
762 4486 927 4563 μέγας
952 4481 1129 4565 ἀγκὼν
1169 4481 1256 4543 ἐπὶ
1282 4481 1371 4542 τὸν
1401 4481 1801 4556 Ἑλλήσποντον
1827 4484 2119 4567 ἐπιτρέχει,
2146 4486 2253 4560 ἡδὲ

696 4572 851 4655 ἑτέρα
884 4571 1099 4652 Φρυγία
1127 4575 1163 4644 ἡ
1195 4572 1400 4649 μεγάλη
1446 4572 1648 4632 ἔνδοθεν
1688 4573 1777 4632 ἐπὶ
1822 4573 1928 4641 τοῖς
1964 4572 2120 4635 ὕδασι
2161 4581 2255 4635 τοῦ

696 4660 1002 4743 Σαγγαρίου
1047 4664 1293 4735 ποταμοῦ
1337 4664 1528 4721 κεῖται.
1614 4659 1755 4720 Ἀλλ’
1804 4666 1839 4733 ἡ
1899 4659 1993 4737 μὲν
2048 4662 2253 4742 μεγάλη

696 4750 913 4829 Φρυγία
943 4748 1030 4807 ἐπὶ
1052 4748 1147 4821 τὴν
1172 4748 1427 4821 ἀνατολὴν
1456 4749 1764 4830 ἐκτέταται,
1784 4750 2103 4833 ἱπποτρόφος
2123 4741 2252 4811 οῦσα

694 4837 789 4899 καὶ
819 4836 1047 4898 πλουσία
1066 4880 1085 4911 ,
1110 4836 1240 4918 πρὸς
1266 4838 1321 4897 δέ
1342 4836 1437 4910 τὴν
1467 4837 1610 4899 δύσιν
1635 4837 1731 4911 τὴν
1756 4836 1935 4921 ἑτέραν
1960 4837 2119 4918 ἴδοις,
2140 4838 2256 4911 ἥτις

693 4926 801 4987 ὕπὸ
826 4924 943 4994 τοὺς
971 4925 1104 5003 ἄγαν
1131 4924 1294 4994 θείους
1316 4926 1407 4986 καὶ
1438 4924 1768 5005 θαυμαστοὺς
1807 4926 1969 4995 πόδας
1994 4932 2089 5002 τῆς
2116 4925 2257 5000 Ἴδης

692 5019 869 5073 κεῖται
884 5058 901 5085 ,
928 5014 1035 5074 ὑπὸ
1053 5017 1128 5093 τῷ
1152 5012 1274 5095 εὗρὺ
1300 5013 1467 5097 ῥέοντι
1488 5016 1679 5098 Ξάνθῳ
1704 5017 1891 5095 καὶτῷ
1910 5019 1972 5078 ἐκ
1990 5020 2085 5091 τῆς
2111 5016 2256 5091 Ἴδης

694 5100 1073 5182 κατερχομένῳ
1106 5102 1389 5180 Σιμόεντι,
1418 5105 1513 5177 τὴν
1541 5102 1743 5188 ὑψηλὴν
1765 5104 1859 5167 καὶ
1890 5104 2009 5175 τοὺς
2037 5105 2256 5185 ἀνέμους

691 5188 1129 5270 προσδεχομένην
1148 5187 1315 5252 Ἴλιον
1340 5190 1442 5252 ὑπὸ
1455 5196 1567 5261 ταῖς
1589 5194 1835 5274 πλευραῖς
1855 5196 2014 5269 αὗτῆς
2035 5194 2253 5277 ἔχουσα,

689 5273 787 5346 τὴν
810 5275 1068 5358 λαμπρὰν
1099 5278 1192 5339 καὶ
1223 5277 1483 5358 ἐπίσημον
1525 5279 1673 5342 πόλιν
1711 5286 1816 5343 τῶν
1847 5281 2016 5343 πάλαι
2037 5304 2251 5363 γεγενη-

2435 798 2646 839 82⁰·829.
2675 779 2831 837 Μετὰ
2865 776 3060 847 ταύτην
3094 778 3148 839 δὲ
3179 778 3276 847 τὴν
3305 780 3552 859 Φρυγίαν
3581 791 3613 851 ἡ
3641 782 3822 851 Αἰολὶς
3841 786 3914 862 γῆ

2354 869 2715 946 παρατέταται
2742 866 2889 947 παρὰ
2917 866 3006 927 τὸν
3031 864 3198 946 μέγαν
3220 866 3617 940 Ἑλλήσποντον
3641 870 3731 930 καὶ
3763 871 3914 954 παρὰ

2353 954 2412 1013 τὸ
2439 958 2641 1036 χεῖλος,
2662 954 2828 1035 ’ἤγουν
2855 954 2952 1029 τὴν
2975 953 3241 1037 παραλίαν
3259 1002 3274 1029 ,
3293 960 3384 1015 τοῦ
3412 958 3659 1035 Αἰγαίου.
3751 960 3915 1044 Ἐφε-

2356 1044 2442 1117 ξῆς
2463 1046 2516 1105 δὲ
2547 1042 2682 1123 μετὰ
2711 1043 2805 1115 τὴν
2833 1042 3057 1105 Αἰολίδα
3084 1047 3130 1103 οί
3169 1043 3494 1114 εὗδοξότατοι
3519 1043 3700 1114 Ἴωνες
3731 1071 3911 1109 κατοι-

2354 1140 2564 1209 κοῦσιν,
2592 1132 2692 1193 εἶσὶ
2722 1130 2777 1192 δέ
2804 1131 2894 1193 καὶ
2944 1131 3092 1193 αὐτοὶ
3135 1136 3415 1214 παράλιοι·
3460 1136 3527 1193 δι’
3567 1126 3774 1209 ἧστινος
3815 1141 3914 1218 γῆς

2357 1222 2513 1297 μέσος
2538 1226 2567 1281 6
2613 1218 2912 1299 Μαίανδρος
2952 1228 3068 1288 ταῖς
3113 1221 3365 1302 λιπαραῖς
3399 1224 3558 1283 αὐτοῦ
3595 1234 3910 1310 συστροφαῖς

2355 1306 2670 1389 κατέρχεται
2692 1310 2762 1376 εἰς
2783 1306 2878 1382 τὴν
2907 1308 3178 1369 θάλασσαν
3193 1354 3211 1385 ,
3236 1309 3534 1387 ἀναμεταξὺ
3553 1316 3646 1384 τ’ἥς
3667 1314 3916 1386 Μιλήτου

2355 1394 2446 1455 καὶ
2471 1400 2564 1468 τῆς
2589 1394 2936 1477 πλατυχῶρου
2965 1394 3225 1477 Πριήνης.
3311 1397 3531 1459 Τούτων
3563 1399 3619 1459 δὲ
3659 1405 3764 1461 τῶν
3801 1404 3908 1480 ἅμ·

2353 1481 2583 1566 φοτέρων
2623 1484 2826 1545 πόλεων
2849 1482 2979 1563 πρὸς
3005 1482 3073 1541 τδι
3099 1483 3279 1564 βόρεια
3314 1482 3450 1564 μέρη
3479 1485 3594 1567 ἴδῃς
3615 1485 3712 1560 τὴν
3733 1512 3909 1571 παρα-

2351 1572 2640 1634 θαλασσίαν
2669 1571 2898 1649 Ἔφεσον
2925 1568 3020 1643 τὴν
3050 1570 3285 1650 μεγάλην
3310 1574 3460 1631 πόλιν
3479 1580 3574 1647 τῆς
3597 1576 3910 1655 Ἀρτέμιδος·

2349 1658 2478 1719 ὅπου
2508 1660 2634 1719 ποτὲ
2659 1666 2724 1743 τῇ
2747 1664 2840 1741 θεᾷ
2867 1663 2920 1721 ἐν
2949 1664 3016 1741 τῇ
3045 1658 3159 1741 ῥίζῃ
3188 1663 3278 1729 τῆς
3301 1661 3522 1728 πτελέας
3549 1667 3604 1721 αἱ
3635 1664 3912 1742 Ἀμαζονίπ

2351 1749 2430 1817 δες
2460 1749 2640 1826 βωμὸν
2668 1748 3063 1807 κατεσκεύασαν
3093 1748 3338 1826 μέγιστον
3362 1749 3453 1808 καὶ
3481 1750 3702 1820 ἐξαίσιον
3733 1758 3909 1832 θαῦμα

2349 1842 2452 1901 τοῖς
2481 1834 2785 1914 ἀνθρώποις.

2425 1942 2642 1985 oswen».
2671 1922 2802 1984 Ἐπὶ
2822 1920 3038 1989 ταύταις
3074 1921 3129 1981 δὲ
3167 1929 3200 1995 ἡ
3231 1924 3444 2003 Μῃονία
3473 1926 3560 1985 ἐπὶ
3590 1926 3685 2001 τὴν
3715 1930 3908 1991 ἀνατο-

2345 2010 2444 2085 λὴν
2473 2009 2746 2070 ἐκτέταται
2774 2010 2878 2070 ὑπὸ
2908 2013 2984 2089 τῷ
3010 2010 3283 2086 ἠνεμόεντι
3312 2012 3422 2091 ὄρει
3455 2013 3698 2096 Τμώλῳ,
3731 2018 3820 2101 ἀφ’
3847 2010 3913 2078 οὗ

2344 2107 2372 2159 6
2410 2098 2703 2167 Πακτωλὸς
2729 2098 3062 2180 διερχόμενος
3089 2099 3205 2167 ταῖς
3232 2108 3545 2183 συστροφαῖς
3584 2106 3744 2165 αὑτοῦ
3777 2110 3907 2183 ὁμοῦ

2341 2187 2534 2267 χρυσὸν
2564 2188 2824 2269 ἐπισύρων
2847 2190 2992 2268 ἧχεῖ.
3077 2186 3208 2248 Ἐπὶ
3226 2188 3410 2249 τούτου
3439 2191 3494 2250 δέ
3521 2193 3637 2261 ταῖς
3659 2195 3910 2275 πλευραῖς

2327 2279 2397 2347 ,ἐν
2424 2280 2491 2353 τῇ
2522 2280 2612 2336 τοῦ
2645 2276 2790 2356 ἔαρος
2817 2274 2933 2356 ὥρα
2971 2274 3263 2354 καθήμενος
3307 2277 3404 2351 τὴν
3435 2276 3603 2348 ὀξεῖαν
3632 2278 3666 2351 ἢ
3706 2284 3910 2359 μᾶλλον

2341 2367 2504 2425 εἰπεῖν
2527 2364 2706 2436 ἡδεῖαν
2735 2363 2910 2443 φωνὴν
2937 2368 3042 2423 τῶν
3070 2363 3274 2425 κύκνων
3301 2367 3578 2440 ἀκούσαις,
3606 2368 3788 2441 οἵτινες
3817 2372 3910 2430 αὖ·

2341 2453 2560 2531 ξομένης
2578 2458 2674 2526 τῆς
2699 2454 2832 2522 πόας
2851 2452 2974 2513 ἔνθα
3003 2456 3220 2513 κάκεῖσε
3238 2455 3324 2513 ἐπὶ
3350 2456 3410 2514 τὸ
3431 2455 3570 2536 ὕδωρ
3592 2459 3911 2537 πλαζόμενοι

2339 2540 2603 2615 νέμονται.
2687 2539 2887 2599 Πολλοὶ
2911 2540 3016 2619 γάρ
3037 2542 3138 2600 εἰσι
3155 2543 3428 2619 λειμῶνες,
3446 2541 3631 2604 δέστιν
3655 2548 3906 2607 ἀνθοῦντα

2339 2626 2494 2687 πεδία
2511 2670 2528 2699 ,
2561 2629 2614 2686 ἐν
2637 2632 2706 2709 τῇ
2731 2627 2876 2709 Ἀσία
2894 2626 3122 2708 ,ἐξόχως
3149 2628 3202 2688 δὲ
3231 2628 3324 2688 καὶ
3343 2630 3474 2710 ὖπέρ
3501 2632 3678 2693 πάντα
3705 2634 3827 2715 περὶ
3849 2637 3916 2696 τὸ

2341 2716 2665 2797 Μαιάνδριον
2695 2715 2902 2787 πεδίον,
2939 2718 3068 2776 ὅπου
3097 2720 3126 2776 ὅ
3154 2716 3434 2800 Κάϋστρος
3468 2720 3702 2799 ποταμὸς
3731 2727 3910 2803 ἡσυχῆ

2337 2804 2428 2865 καὶ
2449 2804 2625 2886 ἠρέμα
2648 2804 2708 2864 τὸ
2725 2804 2967 2885 λαμπρὸν
2995 2806 3153 2865 αὐτοῦ
3181 2804 3322 2886 ὕδωρ
3348 2806 3657 2887 ἄναὸράζων
3681 2810 3904 2893 ἐπιρρεῖ.

2340 2890 2478 2953 Ἀλλ’
2506 2892 2624 2951 οὐδὲ
2644 2896 2736 2958 τὰς
2753 2898 3002 2971 γυναῖκας
3025 2892 3226 2960 έκείνας
3254 2893 3440 2977 μέμψῃ
3455 2941 3472 2968 ,
3497 2894 3688 2965 αἵτινες
3708 2900 3830 2980 περὶ
3849 2898 3910 2959 τὸ

2340 2987 2474 3040 θεῖον
2502 2980 2594 3039 καὶ
2625 2978 2924 3057 θαυμαστὸν
2951 2981 3116 3039 ἐκεῖνο
3139 2980 3329 3061 ἔδαφος
3357 2983 3442 3042 ἐπὶ
3466 2986 3560 3056 τῆς
3589 2985 3778 3065 ὀσφύος
3809 2986 3910 3060 τὴν

2341 3074 2507 3141 ζώνην
2562 3073 2818 3149 βαλοῦσαι
2869 3066 3170 3145 θαυμαστὸν
3231 3070 3648 3151 συστρεφόμεναι
3715 3071 3908 3134 κύκλον

2341 3164 2620 3240 ὀρχοῦνται
2643 3204 2660 3231 ‚
2681 3157 2837 3231 ἡνίκα
2859 3157 2953 3223 τὰς
2978 3158 3362 3238 χοροστασίας,
3384 3157 3503 3230 ἤτοι
3530 3158 3649 3228 τοὺς
3679 3161 3873 3247 χοροὺς
3886 3208 3906 3238 ,

2343 3250 2416 3326 τῷ
2441 3245 2676 3325 Διονύσῳ
2705 3246 3084 3324 ἐκπληροῦσιν·
3117 3241 3234 3323 ἅμα
3280 3243 3338 3304 δέ
3367 3248 3549 3313 αὐταῖς
3574 3246 3666 3307 καὶ
3703 3252 3759 3307 αἱ
3793 3250 3916 3311 νέαι

2343 3334 2589 3414 παρθένοι
2625 3334 2864 3411 καθάπερ
2892 3330 3066 3412 νε6ροὶ
3092 3338 3459 3412 συσκιρτῶσιν.
3545 3334 3673 3395 Ἐπὶ
3695 3337 3912 3405 ταύταις

2345 3421 2400 3479 δὲ
2430 3419 2520 3479 καὶ
2546 3422 2602 3479 αἱ
2631 3424 2735 3478 τῶν
2762 3419 2971 3497 ἀνέμων
3003 3418 3159 3479 πνοαὶ
3179 3417 3298 3488 τοῦς
3319 3420 3667 3498 ἐπιθυμητοὺς
3697 3424 3784 3483 ἐπὶ
3803 3432 3912 3493 τοῖς

2344 3508 2589 3582 στήθεσιν
2617 3509 2789 3567 αὐτῶν
2833 3510 3063 3589 χιτῶνας
3089 3511 3381 3569 κτυποῦσαι
3419 3511 3661 3590 ἠχοῦσιν.
3748 3511 3908 3573 Ἀλλὰ

2341 3603 2512 3659 ταῦτα
2557 3596 2652 3677 μὲν
2688 3596 2794 3666 τοῖς
2826 3598 3018 3665 Λυδοῖς
3067 3597 3358 3677 ἀνθρώποις
3404 3598 3457 3658 ἐν
3490 3598 3720 3681 φροντίδι
3756 3602 3911 3682 γενή-

2343 3710 2538 3750 σονται.

2424 3796 2632 3839 umam.
2660 3774 2772 3850 Τὴν
2796 3774 2851 3835 δὲ
2878 3774 2968 3835 ἐπὶ
2989 3774 3085 3847 τὴν
3109 3776 3379 3836 θάλασσαν
3402 3774 3650 3855 κειμένην
3668 3784 3766 3858 γῆν
3787 3781 3908 3861 περὶ

2343 3865 2438 3935 τὰς
2465 3864 2684 3934 exeun<
2707 3871 2798 3925 τοῦ
2826 3864 3036 3925 Ξάνθου
3052 3912 3069 3940 ,
3107 3863 3390 3926 καλλίστου
3418 3864 3455 3939 ἢ
3493 3866 3633 3925 καλὰ
3671 3867 3910 3948 ῥεύματα

2342 3954 2551 4039 ἔχοντος
2575 3957 2816 4031 ποταμοῦ
2837 3999 2854 4028 ,
2883 3958 3217 4015 κατοικοῦσιν
3242 3956 3291 4013 οἱ
3321 3953 3538 4016 Λύκιοι·
3559 3955 3688 4017 ὅπου
3719 3959 3788 4018 τὰ
3811 3958 3908 4041 ὄρη

2342 4048 2433 4103 τοῦ
2459 4042 2670 4124 Ταύρου
2701 4043 2866 4122 βαθέα
2895 4042 3106 4123 κρημνὰ
3135 4042 3347 4123 ἔχοντος
3365 4042 3527 4125 μέχρι
3557 4048 3650 4117 τῆς
3675 4046 3906 4129 Παμφυ-

2341 4132 2457 4199 λίας
2487 4130 2702 4212 φέρεται
2717 4174 2736 4206 ,
2784 4130 2999 4211 Κράγον
3051 4130 3106 4189 δέ
3139 4130 3295 4191 αὐτὸν
3321 4131 3594 4194 καλοῦσιν.
3679 4131 3908 4195 Ἐκεῖθεν

2344 4218 2400 4279 δὲ
2425 4216 2588 4278 πάλιν
2607 4220 2769 4299 θεάσῃ
2793 4218 2918 4299 περὶ
2943 4220 3032 4280 τὸν
3053 4224 3174 4300 ῥοῦν
3191 4225 3288 4278 τοῦ
3318 4220 3705 4302 Εὐρυμέδοντος
3743 4248 3908 4283 ποτα-

2347 4315 2446 4385 μοῦ
2474 4307 2802 4389 ὑπεράνωθεν
2832 4313 2926 4381 τῆς
2955 4308 3225 4383 θαλάσσης
3251 4304 3542 4369 Ἄσπενδον
3572 4310 3724 4370 πόλιν
3741 4356 3760 4389 ,
3779 4313 3913 4375 ὅπου

2343 4398 2438 4472 τὴν
2465 4396 2770 4479 Ἀφροδίτην
2799 4401 2915 4466 ταῖς
2951 4400 3055 4457 τῶν
3087 4400 3226 4458 συῶν
3245 4395 3561 4467 ἐξιλεοῦνται
3583 4410 3824 4482 σφαγαῖς.

2423 4504 2635 4546 εει-εσυ.
2660 4482 2850 4547 Ἄλλαι
2877 4484 2933 4545 δὲ
2963 4483 3143 4567 ἐφεξῆς
3157 4489 3255 4557 τῆς
3275 4486 3598 4569 Παμφυλίας
3615 4489 3913 4572 ὑπάρχουσι

2345 4572 2520 4641 πόλεις
2539 4618 2558 4652 ,
2595 4571 2633 4647 ἥ
2664 4597 2722 4633 τε
2756 4574 3007 4656 Κώρυκος
3029 4572 3118 4633 καὶ
3145 4579 3180 4647 ἡ
3223 4572 3408 4656 Πέργη
3438 4575 3530 4634 καὶ
3564 4580 3599 4648 ἡ
3629 4579 3904 4655 άνεμώδης

2349 4660 2620 4732 Φάσηλις.
2705 4660 2862 4721 Mer&
2888 4666 3056 4720 ταῦτα
3087 4660 3141 4721 δὲ
3171 4661 3260 4721 ἐπὶ
3297 4663 3394 4734 τὴν
3419 4663 3736 4735 ἀνατολικὴν
3763 4667 3914 4745 μεσό·

2343 4771 2481 4827 γειον
2505 4756 2834 4810 κατοικοῦσιν
2864 4752 2912 4808 οἱ
2948 4751 3001 4808 ἐν
3025 4752 3130 4815 τοῖς
3157 4747 3411 4827 πολέμοις
3437 4751 3786 4828 ἐπιστήμονες
3819 4753 3912 4813 καὶ

2345 4839 2626 4915 ἐπικαμπῆ
2663 4835 2789 4907 τόξα
2831 4835 3039 4919 ἔχοντες
3067 4836 3352 4906 Λυκάονες.
3437 4837 3566 4899 Ἐπὶ
3615 4838 3816 4909 τούτοις
3854 4842 3910 4902 δὲ

2346 4930 2448 4987 τῶν
2477 4925 2742 4989 Πισιδέων
2787 4925 3017 4988 πλουσία
3055 4930 3126 5005 γῆ
3175 4930 3347 4999 ἐστιν,
3379 4926 3509 4988 ὅπου
3551 4930 3607 4987 αί
3637 4930 3911 4992 Πισιδικαὶ

2346 5017 2553 5091 πόλεις,
2594 5014 2631 5090 ἣ
2672 5040 2728 5076 τε
2759 5014 3076 5095 Τερμησσὸς
3115 5014 3208 5074 καὶ
3230 5018 3264 5087 ἡ
3286 5013 3475 5095 Λύρδη
3495 5015 3586 5075 καὶ
3625 5020 3660 5089 ἡ
3696 5016 3912 5097 Σέλγη,

2345 5104 2533 5177 ἥντινα
2583 5102 2788 5185 Σέλγην
2830 5108 2859 5164 6
2912 5108 3017 5164 τῶν
3063 5104 3395 5181 Ἀμυκλαίων
3416 5147 3436 5183 ,
3487 5102 3608 5179 ἤτοι
3651 5110 3755 5166 τῶν
3795 5110 3912 5167 Δα-

2347 5193 2554 5275 κώνων,
2575 5193 2702 5265 λαὸς
2733 5198 2762 5255 6
2795 5194 3175 5275 μεγαλώνυμος
3197 5200 3592 5269 κατοικισθῆναι
3635 5194 3900 5270 ἐποίησεν.

2425 5302 2637 5348 eet-87³.
2669 5285 2898 5346 Ἐκεῖθεν
2930 5282 2987 5345 δὲ
3004 5330 3020 5362 ,
3049 5284 3288 5358 δηλονότι
3318 5282 3424 5345 ἀπὸ
3447 5288 3542 5359 τῆς
3569 5285 3845 5363 Πισιδίας,
3869 5290 3909 5360 ἡ
