4584 6284
1469 391 1570 452 DE
1609 390 1944 453 nloNst
1982 389 2354 452 BYZANTII
2400 389 2714 452 ANAPLO
2768 389 3123 452 BosPom.

3792 398 3899 476 ¹¹¹1

691 525 1193 609 Gallograeciam,
1234 523 1298 586 in
1335 541 1459 606 qua
1509 540 1648 584 cum
1687 521 1948 586 aliarum
1991 521 2242 586 urbium
2346 521 2523 586 dium
2560 518 2730 584 diem
2768 520 3203 602 insequentem
3252 521 3779 600 continuavimus,
3820 528 3903 592 ob

693 616 1030 679 multarum
1079 612 1295 676 ruinas
1341 609 1635 686 vidimus,
1669 616 1800 673 tum
1848 610 2020 686 Boli,
2056 629 2246 692 quam

695 705 848 768 olim
877 701 1186 767 vocabant
1212 699 1414 762 Aboni
1451 697 1708 773 moenia,
1741 697 2013 761 celebria
2055 698 2248 762 nobili

699 790 986 874 emporio
1019 795 1082 854 et
1118 786 1358 852 balneis
1393 791 1458 850 et
1498 743 1750 849 infinitis
1799 788 2160 850 Graecorum
2192 793 2252 848 et

698 883 1124 942 Romanorum
1179 873 1594 939 monumentis
1649 873 1758 956 (Cf.
1823 875 1913 938 De
1985 877 2247 954 Bospor.

699 987 762 1071 p.
795 970 876 1032 80
905 965 1060 1031 edit.
1094 962 1366 1044 nostrai).
1397 964 1488 1026 Ex
1530 962 1929 1044 Gallograecia
1966 963 2252 1026 venimus

701 1058 766 1122 in
797 1051 1324 1138 Paphlagoniam
1308 1071 1372 1118 ιιι
1399 1070 1524 1136 qua
1545 1051 1814 1117 vidimus
1837 1049 2255 1114 Theodosiam

701 1149 1110 1226 Gangrorum.
1154 1143 1243 1204 Ex
1287 1139 1706 1224 Paphlagonia
1747 1139 2144 1222 pervenimus
2187 1139 2254 1202 in

702 1231 1186 1315 Cappadociam,
1235 1230 1495 1294 transito
1523 1247 1706 1293 amne
1731 1245 1920 1312 quem
1941 1228 2128 1292 Turci
2157 1227 2256 1291 Ki-

704 1319 1026 1399 sil·irmak,
1059 1321 1124 1384 id
1151 1325 1274 1396 est,
1311 1336 1559 1383 amnem
1588 1317 1876 1396 rubrum,
1907 1317 2253 1400 Procopius

706 1431 744 1476 a
767 1410 976 1474 colore
1005 1412 1182 1473 vocat
1215 1405 1540 1489 Tyberim,
1572 1405 1740 1490 quod
1791 1423 1984 1487 aquas
2030 1405 2258 1470 habeat

705 1498 956 1573 rubra-‘²3
985 1514 1100 1578 ego
1124 1513 1272 1560 vero
1291 1493 1414 1558 alio
1439 1501 1720 1576 tempore
1739 1491 2098 1556 monstrabo
2116 1509 2254 1557 esse

705 1589 957 1671 Halym,
1003 1585 1216 1669 Lydici
1271 1591 1348 1648 ει.
1376 1583 1611 1650 Persici
1663 1581 1910 1684 imperii
1951 1582 2249 1661 limitem,

705 1695 848 1741 cum
878 1677 1214 1758 imperaret
1241 1675 1484 1736 Croesus
1531 1672 1760 1736 isthmo
1794 1669 1990 1748 Asiae,
2027 1669 2094 1735 id
2122 1678 2250 1748 est,

703 1764 926 1828 minori
979 1763 1172 1838 Asiam
1208 1761 1385 1842 cujus
1425 1762 1600 1843 juxta
1639 1765 1892 1844 pontem
1937 1759 2144 1824 statim
2192 1758 2254 1822 in

701 1849 1090 1935 Cappadocia
1117 1857 1212 1914 est
1231 1847 1410 1917 collis
1439 1851 1614 1930 Saye,
1650 1846 1926 1930 undique
1955 1847 2258 1930 praecisus

705 1948 768 2004 et
797 1957 1020 2020 magna
1044 1936 1298 2020 planitie
1325 1936 1780 2012 circumdatus;
1806 1935 1874 1998 in
1901 1935 2081 2016 cujus
2102 1935 2257 2016 jugo

705 2036 801 2093 est
844 2046 985 2105 arx,
1013 2044 1205 2111 quam
1244 2024 1516 2107 primam
1550 2023 1817 2089 obtinuit
1853 2024 2252 2100 Ottomanus,

703 2115 996 2182 fundator
1027 2114 1278 2196 imperii
1305 2113 1712 2192 Ottomanici3
1739 2129 2002 2195 eamque
2046 2130 2259 2177 arcem

705 2204 809 2270 alii
860 2203 1181 2286 appellant
1228 2201 1608 2283 Ottomagith
1627 2247 1644 2280 ,
1684 2201 1788 2264 alii
1841 2196 2256 2282 Ottomagich.

707 2293 856 2358 inde
875 2294 1115 2376 aliquot
1131 2291 1352 2354 castris
1369 2291 1572 2367 factis,
1592 2289 1863 2354 vidimus
1875 2288 2260 2373 Hierapolim

711 2381 773 2443 in
827 2379 1163 2460 supercilio
1228 2378 1460 2442 excelsi
1518 2377 1778 2453 montiS,
1838 2376 2262 2458 relinquentes

710 2468 883 2551 prius
904 2465 986 2529 ad
1017 2466 1296 2530 dextram
1324 2465 1638 2530 Amasiam
1665 2470 1726 2528 ει
1752 2463 2035 2528 Jobatam
2057 2471 2119 2528 et
2139 2473 2267 2529 An-

709 2573 950 2636 geram,
993 2555 1074 2618 ad
1117 2553 1432 2618 sinistram
1481 2573 1626 2618 vero
1667 2552 1940 2635 Sinopen
1973 2573 1988 2616 :
2020 2561 2268 2636 postea-

707 2662 895 2728 quam
908 2645 1170 2724 trajecto
1183 2661 1370 2707 amne
1387 2642 1471 2706 Iri
1485 2642 1756 2706 vidimus
1768 2644 2262 2722 Neocaesaream,

707 2748 902 2814 prope
935 2749 1124 2815 quam
1153 2730 1293 2795 fluit
1315 2731 1518 2795 amnis
1549 2731 1768 2813 Lycus.
1802 2733 1938 2808 Quo
1965 2733 2224 2814 trajecto
2243 2777 2260 2810 ,

706 2819 1026 2901 attigimus
1066 2817 1430 2884 Armeniam
1473 2817 1780 2882 minorem
1797 2865 1814 2896 ,
1844 2818 1910 2882 in
1953 2837 2105 2904 qua·
2127 2839 2266 2905 spe·

707 2907 1004 2972 ctavimus
1031 2907 1224 2969 Azam
1249 2905 1476 2969 urbem
1529 2911 1592 2968 ει
1631 2907 1826 2970 fossas
1869 2908 2034 2971 unde
2081 2910 2266 2973 holus

711 2994 1038 3058 Armenius
1088 2993 1402 3070 effoditur,
1454 2999 1518 3057 et
1561 2993 1862 3077 oppidum
1918 2998 2262 3061 Dascusu'n

707 3082 877 3166 quod
901 3081 1091 3146 hodie
1121 3086 1344 3144 vocant
1373 3080 1714 3162 AEsnigam.
1745 3083 1874 3146 Etsi
1917 3085 2264 3186 Euphrates

707 3170 834 3234 fere
861 3171 999 3236 fluit
1023 3169 1508 3253 (praeterfluiti),
1539 3177 1746 3233 tamen
1783 3159 2052 3253 amplius
2099 3173 2266 3236 binis

708 3259 924 3322 castris
938 3277 1064 3321 non
1083 3277 1230 3322 eum
1251 3256 1666 3332 transivimus,
1685 3258 1796 3322 sed
1811 3259 2025 3322 ternis.
2041 3261 2130 3324 Eo
2145 3269 2265 3324 tra·

703 3350 866 3428 jecto
893 3366 1020 3411 non
1037 3348 1220 3428 longe
1245 3346 1326 3410 ab
1348 3347 1484 3427 ejus
1502 3347 1670 3410 fonte
1691 3364 2009 3428 propeque
2032 3349 2266 3412 ostium

707 3437 930 3500 Arseni
961 3434 1262 3514 fluminis,
1283 3433 1484 3498 tribus
1509 3434 1724 3498 castris
1759 3453 1874 3516 per
1898 3436 2260 3500 Armeniam

709 3526 1010 3606 majorem
1045 3523 1256 3601 factis,
1282 3523 1566 3588 venimus
1591 3522 1831 3587 Esdron
1846 3570 1863 3600 ,
1897 3543 2088 3608 quam
2111 3527 2266 3593 Pro-

707 3613 928 3696 copius
947 3621 1126 3677 vocat
1145 3612 1690 3695 Theodosiopolin,
1717 3611 1978 3677 limitem
2000 3615 2264 3680 Romani

709 3709 772 3767 et
795 3701 1065 3766 Parthici
1107 3699 1388 3783 imperii,
1419 3705 1698 3781 tempore
1726 3699 2079 3765 Justiniani.
2111 3701 2264 3767 Inde

712 3791 874 3854 binis
903 3791 1122 3854 castris
1151 3788 1549 3853 transivimus
1585 3790 1826 3854 Araxen
1845 3837 1862 3866 ,
1905 3790 2263 3855 tendentem

711 3878 791 3942 nd
818 3879 1122 3943 orientem
1151 3884 1214 3942 et
1243 3877 1620 3942 dividentem
1663 3880 2019 3943 Armeniam
2054 3883 2262 3963 maio-

711 3983 846 4030 rem
874 3984 912 4029 a
939 3965 1168 4030 minori
1191 3965 1418 4030 Media.
1442 3969 1534 4030 Ex
1560 3968 1758 4030 Araxe
1785 3967 2020 4050 quartis
2045 3968 2292 4036 castris·

713 4051 866 4117 vado
918 4053 1280 4134 trajecimus
1327 4053 1574 4134 Tigrin,
1613 4073 1738 4117 non
1783 4055 1967 4134 longe
2007 4055 2087 4118 ab
2130 4059 2266 4136 ejus

709 4144 912 4216 sonte,
947 4158 986 4203 a
1015 4157 1142 4222 quo
1173 4158 1300 4203 non
1347 4141 1570 4223 procul
1606 4140 1836 4204 eminet
1865 4159 2047 4205 mons
2090 4144 2268 4206 Nim-

710 4228 926 4304 barus,
962 4225 1027 4289 in
1055 4226 1236 4307 cujus
1254 4228 1409 4308 jugo
1447 4227 1668 4292 dicunt
1693 4246 1900 4292 arcam
1931 4230 2064 4293 Noe
2095 4249 2268 4294 rese-

709 4314 896 4378 disse.
929 4317 982 4376 A
1039 4313 1202 4394 Tigri
1254 4332 1363 4378 sex
1420 4314 1639 4379 castris
1701 4315 1962 4380 tentoria
2021 4319 2268 4382 fiximus

703 4405 874 4483 Juxta
929 4402 1138 4467 lacum
1188 4381 1609 4483 Manti'anum,
1639 4404 1872 4468 salsum
1924 4412 1987 4469 et
2027 4405 2270 4470 ambitu

711 4490 1232 4574 complectentem
1283 4491 1401 4555 iter
1437 4499 1582 4555 octo
1631 4491 1906 4569 dierum,
1961 4495 2028 4558 in
2079 4512 2267 4577 quem

713 4585 852 4643 octo
881 4598 1104 4662 magna
1131 4581 1390 4644 flumina
1431 4579 1886 4661 ingrediuntur,
1919 4591 1984 4646 et
2024 4584 2272 4648 nullum

715 4669 859 4732 exit.
887 4670 979 4732 Ex
1021 4687 1097 4734 eo
1135 4669 1276 4733 lacu
1324 4679 1570 4752 septem
1615 4669 1834 4734 castris
1876 4671 2165 4736 venimus
2203 4671 2270 4734 in

715 4757 1012 4824 Cohinam
1051 4757 1371 4841 planitiem
1392 4805 1409 4837 ,
1461 4757 1573 4823 sed
1626 4777 1849 4840 magna
1899 4757 2268 4824 difficultate

717 4845 970 4910 vallium
1005 4853 1401 4929 angustarum
1430 4847 1662 4913 montis
1689 4847 1872 4912 Tauri
1889 4894 1907 4926 ,
1943 4849 2009 4913 in
2039 4849 2270 4932 quibus

718 4941 885 4998 totus
909 4935 1212 5000 exercitus
1241 4944 1532 5001 constans
1557 4936 1825 5017 amplius
1855 4938 2268 5021 septingentis

719 5021 996 5086 millibus
1045 5041 1346 5107 equorum
1372 5029 1479 5089 aut
1524 5024 1934 5102 camelorum,
1965 5043 2004 5090 a
2047 5026 2267 5108 paucis

718 5109 990 5191 opprimi
1029 5111 1348 5196 potuisset.
1377 5113 1466 5176 Ex
1490 5113 1724 5178 Cohina
1749 5114 2008 5198 planitie
2049 5114 2132 5179 ad
2161 5134 2272 5179 ve-

718 5217 964 5280 speram
989 5201 1292 5267 solventes
1323 5201 1460 5274 iter.
1497 5208 1684 5267 totam
1711 5209 1958 5269 noctem
1987 5209 2052 5268 et
2080 5203 2269 5267 dimi-

2342 609 2620 691 inopiam
2639 608 2852 690 pabuli
2882 613 2945 671 et
2972 608 3222 690 copiam
3250 628 3555 693 aquarum
3574 614 3901 681 salsarum.

2340 699 2491 762 Haec
2522 715 2645 760 nox
2672 695 3033 760 tirocinium
3067 697 3312 761 militiae
3339 715 3500 762 meae
3525 700 3701 766 valde
3728 721 3907 768 exer-

2342 783 2508 861 cuit3
2536 802 2684 848 nam
2714 801 2860 848 cum
2890 783 3057 864 regis
3087 784 3288 866 copia>
3320 803 3387 848 se
3418 787 3483 848 in
3514 785 3725 869 fugam
3758 809 3907 855 con-

2343 872 2644 954 jecissent
2667 877 2841 935 metu
2866 873 3225 952 Persarum,
3246 889 3365 953 ego
3380 891 3546 955 equo
3566 880 3630 938 et
3645 876 3906 960 reliquis

2347 959 2731 1028 ornamentis
2751 953 3082 1042 spoliatus,
3110 978 3148 1023 a
3177 960 3388 1025 media
3414 969 3599 1028 nocte
3624 965 3705 1030 ad
3734 965 3905 1032 diem

2344 1071 2544 1135 usque
2592 1049 2755 1114 inter
2804 1054 2897 1114 tot
2946 1049 3145 1112 millia
3204 1049 3486 1154 equitum
3532 1053 3903 1160 fugientium

2344 1140 2475 1222 fugi
2499 1137 2693 1225 pedes
2710 1186 2727 1218 ,
2760 1143 2830 1203 ut
2855 1137 2979 1201 mei
3007 1136 3163 1204 socii
3189 1139 3397 1202 mirati
3424 1139 3551 1205 sint
3588 1158 3692 1207 me
3734 1145 3908 1210 inco-

2347 1230 2583 1292 lumem
2612 1226 2913 1305 evasisse,
2896 1246 2913 1264 ·
2946 1225 3061 1290 setl
3086 1227 3251 1290 Deus
3280 1226 3501 1292 ludere
3538 1231 3737 1294 voluit
3763 1232 3911 1296 tiro-

2346 1336 2493 1382 nem
2538 1333 2785 1392 senem,
2814 1322 2877 1378 ει
2918 1333 3162 1379 servare
3197 1315 3279 1379 ad
3314 1315 3529 1382 nescio
3570 1337 3727 1402 quos
3755 1321 3909 1386 alios

2348 1408 2615 1470 fortunae
2644 1403 2827 1468 ludos
2847 1402 3083 1467 utinam
3105 1403 3537 1484 jucundiores.
3560 1406 3711 1471 Inde
3729 1427 3915 1494 quar-

2344 1493 2427 1557 tis
2455 1492 2675 1557 castris
2709 1491 3104 1576 pervenimus
3136 1491 3465 1557 Tauricam
3485 1539 3503 1572 ,
3542 1512 3734 1578 quam
3774 1497 3910 1579 qui—

2348 1579 2493 1644 dam
2523 1579 2681 1643 falso
2700 1584 2919 1680 putant
2950 1579 3283 1656 Ecbatana,
3299 1580 3414 1645 sed
3440 1580 3660 1645 falsius
3682 1583 3913 1648 Paulus

2346 1667 2589 1737 Jovius.
2624 1667 2732 1750 qui
2776 1685 2915 1731 eam
2947 1673 3125 1748 putat
3168 1667 3237 1731 in
3262 1669 3596 1746 Armenia,
3632 1689 3783 1735 cum
3832 1671 3914 1737 sit

2349 1755 2413 1818 in
2466 1755 2707 1831 Media,
2745 1762 2807 1819 ει
2851 1754 3107 1838 quidem
3159 1755 3319 1820 bene
3371 1756 3652 1840 penitus,
3706 1776 3913 1844 neque

2346 1843 2618 1926 amplius
2631 1843 2931 1908 'ducentis
2956 1843 3131 1908 mille
3162 1845 3465 1928 passibus.
3493 1846 3617 1912 Ubi
3634 1847 3915 1932 quinque

2348 1931 2573 1996 diebus
2616 1931 3042 2015 consumptis,
3067 1951 3213 1998 cum
3250 1951 3360 1998 rex
3404 1935 3759 2018 Sophianus
3800 1956 3912 2002 au-

2347 2020 2651 2102 fugisset
2634 2039 2699 2084 ιιι
2738 2027 2983 2084 montes
3012 2040 3301 2104 asperos,
3328 2029 3393 2088 et
3432 2023 3511 2088 ad
3558 2041 3703 2088 eum
3749 2025 3915 2089 inse-

2350 2107 2674 2192 quendum
2704 2117 3061 2174 commeatu
3090 2109 3529 2188 deficeremur,
3564 2112 3788 2177 urbem
3819 2132 3911 2178 re-

2314 2251 2322 2259 .
2350 2197 3063 2302 liquimusincolumem,
3083 2198 3623 2283 duntaxatpalatio
3644 2210 3905 2278 vastato,

2351 2303 2425 2350 ac
2477 2285 2684 2350 redire
2738 2288 3062 2370 coepimus.
3128 2287 3581 2372 Quinquaginta
3632 2291 3912 2357 millibus

2352 2371 2687 2452 confectis,
2732 2375 2939 2446 lacum
2988 2376 3285 2459 Spautani
3332 2377 3715 2454 invenimus,
3753 2381 3914 2446 adeo

2355 2461 2617 2538 salsum,
2640 2468 2714 2526 ut
2738 2462 2873 2543 ejus
2893 2470 3093 2528 totum
3122 2462 3271 2527 litus
3297 2483 3411 2546 per
3427 2472 3694 2550 quatuor
3714 2467 3910 2532 stadia

2357 2557 2530 2614 extra
2556 2569 2783 2634 aquam
2812 2558 3047 2616 tectum
3076 2551 3159 2616 sit
3186 2556 3497 2636 perpetua,
3517 2555 3714 2636 glacie
3740 2557 3907 2620 salis.

2354 2641 2487 2718 Ego
2524 2645 2599 2702 ut
2632 2637 2967 2721 experirer,
2994 2641 3165 2724 quod
3216 2641 3437 2706 Strabo
3485 2642 3639 2708 falso
3683 2644 3907 2722 tradit,

2357 2724 2667 2809 pruritum
2688 2726 3095 2811 doloremque
3108 2726 3336 2804 facere,
3351 2747 3465 2812 per
3480 2729 3687 2834 ipsum
3708 2732 3915 2796 nudus

2357 2813 2667 2879 ambulavi
2714 2813 3018 2884 ducentos
3056 2834 3308 2900 passus,
3355 2817 3621 2884 tendens
3664 2821 3728 2884 in
3780 2822 3915 2904 ejus

2356 2901 2574 2977 altum;
2598 2921 2802 2985 neque
2820 2911 2954 2967 tum
2973 2922 3137 2987 aqua
3149 2906 3489 2986 attingebat
3502 2908 3909 2985 umbilicum;

2354 2988 2605 3072 vidique
2633 2996 2833 3056 totum
2869 2990 3097 3056 vadum
3140 2991 3378 3076 ubique
3422 3001 3662 3059 tectum
3704 3003 3915 3060 crusta

2356 3081 2535 3156 saliS,
2571 3085 2639 3141 ut
2670 3097 2973 3162 nusquam
3005 3080 3207 3143 solum
3230 3091 3577 3164 appareret.
3596 3083 3711 3149 Hic
3742 3085 3915 3151 lacus

2356 3188 2465 3232 sex
2493 3168 2739 3231 dierum
2767 3168 2886 3231 iter
2908 3169 2974 3230 in
3010 3168 3249 3234 ambitu
3276 3171 3488 3235 habet.
3521 3174 3703 3238 Juxta
3744 3173 3914 3244 hunc

2356 3259 2562 3320 lacum
2614 3257 2856 3357 aliquot
2902 3257 3101 3321 millia
3145 3259 3491 3324 'hircorum
3535 3278 3699 3326 caesa
3744 3269 3909 3326 sunt.

2353 3344 2505 3408 Inde
2534 3343 2774 3428 quartis
2800 3343 3018 3410 castris
3044 3345 3442 3411 transivimus
3480 3348 3695 3413 fauces
3722 3367 3915 3432 angu-

2356 3439 2592 3496 starum
2635 3431 2922 3508 vallium,
2954 3432 3064 3496 ubi
3110 3433 3362 3500 circiter
3400 3434 3679 3521 quinque
3718 3437 3919 3504 millia

2354 3520 2779 3598 camelorum,
2803 3539 3109 3605 equorum
3136 3529 3202 3587 et
3226 3524 3543 3589 mulorum
3565 3527 3909 3611 perierunt.

2353 3610 2503 3674 Inde
2535 3610 2798 3693 profecti
2828 3629 3045 3676 sumus
3084 3613 3163 3676 ad
3195 3614 3615 3679 obsidendum
3650 3617 3917 3680 Mantia-

2356 3717 2506 3762 num
2534 3707 2844 3779 castrum,
2876 3701 2939 3764 in
2980 3700 3141 3766 colle
3174 3702 3363 3766 situm
3412 3703 3693 3788 undique
3738 3724 3913 3788 prae-

2355 3786 2486 3852 ciso
2502 3833 2521 3866 ,
2572 3787 2851 3872 undique
2901 3789 3291 3856 circumdato
3342 3809 3567 3874 magna
3628 3793 3905 3875 planitie.

2354 3879 2489 3953 Quo
2535 3877 2853 3942 deditione
2902 3879 3064 3942 facta
3106 3877 3270 3943 intra
3321 3887 3467 3945 octo
3510 3879 3647 3947 dies
3690 3891 3911 3966 capt0,

2354 3966 2750 4034 transivimus
2779 3972 3057 4031 montem
3103 3954 3467 4050 Niphatem,
3503 3969 3682 4049 juxta
3723 3989 3917 4054 quem

2355 4056 2485 4119 ruit
2509 4055 2739 4137 Tigris,
2771 4061 2835 4118 et
2872 4054 3039 4118 subit
3066 4055 3272 4118 lacum
3297 4056 3671 4121 Arethusam
3704 4067 3771 4121 et
3796 4061 3917 4121 Be-

2356 4143 2614 4221 telmos,
2636 4161 2793 4226 quos
2820 4142 2999 4225 Zagri
3026 4143 3255 4207 montis
3281 4162 3489 4208 ramos
3516 4145 3820 4210 arbitror·
3803 4194 3820 4223 ,
3850 4145 3916 4209 in

2358 4249 2629 4314 quorum
2666 4230 2928 4296 vallibus
2954 4231 3230 4312 angustis
3260 4231 3457 4296 multa
3481 4231 3776 4299 animalia
3800 4251 3918 4317 pe-

2358 4320 2630 4396 rierunt,
2656 4319 3001 4400 praesertim
3046 4337 3193 4383 cum
3241 4325 3412 4384 tanto
3458 4319 3759 4385 exercitui
3808 4339 3915 4386 ne·

2358 4426 2535 4472 cesse
2564 4406 2680 4471 fuit
2708 4407 2969 4471 transire
2996 4406 3275 4472 foramen
3304 4407 3514 4490 rupiS,
3544 4427 3672 4472 non
3715 4412 3916 4491 majus

2360 4503 2573 4578 porta,
2595 4499 2949 4558 excavatum
2978 4493 3043 4557 in
3069 4513 3237 4560 saxo.
3265 4500 3352 4560 Ac
3380 4494 3636 4560 tandem
3656 4498 3917 4578 traiecto

2356 4585 2525 4666 Tigri
2552 4583 2835 4648 venimus
2864 4583 2932 4647 in
2955 4582 3177 4648 urbem
3203 4584 3494 4649 Caramiti
3513 4631 3533 4667 ,
3556 4603 3744 4669 quam
3768 4587 3920 4651 Pro-

2361 4671 2585 4756 copius
2630 4675 2809 4737 vocat
2834 4669 3158 4735 Armidam
3197 4674 3332 4752 (leq.
3365 4674 3671 4754 Amidam)
3702 4695 3720 4736 ι
3749 4674 3919 4740 unde

2358 4779 2470 4824 rex
2493 4763 2841 4824 Turcorum
2870 4759 3223 4826 institutum
3266 4762 3389 4826 iter
3418 4768 3673 4828 coactus
3698 4771 3794 4827 est
3819 4779 3920 4828 re-

2360 4850 2645 4933 linquere
2672 4855 2831 4914 etse
2872 4855 3231 4915 convertere
3272 4858 3490 4916 contra
3519 4870 3732 4936 regem
3768 4852 3921 4916 Per-

2358 4957 2609 5016 sarum,
2644 4937 2751 5020 qui
2793 4943 2985 5003 totam
3028 4937 3396 5002 Armeniam
3437 4941 3740 5020 majorem
3781 4941 3916 5021 jam

2359 5035 2743 5105 excurrerat,
2771 5035 2835 5091 et
2861 5029 3175 5111 Euphrate
3202 5027 3460 5108 traiecto
3489 5033 3919 5110 penetraverat

2358 5117 2425 5180 in
2465 5115 2795 5182 minorem.
2829 5116 2955 5182 Sed
2980 5118 3157 5202 prius
3203 5135 3312 5181 rex
3340 5117 3711 5200 Solymanus
3748 5114 3919 5179 misit

2356 5204 2559 5269 Eliam
2588 5207 2839 5270 fratrem
2864 5209 3039 5290 regia
3065 5213 3397 5280 Persarum
3425 5205 3491 5268 in
3516 5203 3917 5287 Babyloniam
