4584 6284
728 435 844 492 6⁴8

1203 614 1308 674 lx.
1353 612 1818 674 ΜΑῘΑΝΔΡΟΣ.

804 789 847 830 1.
895 769 1200 851 Μαίανδρος
1227 769 1464 847 ποταμὸς
1481 775 1577 843 τῆς
1594 771 1783 838 Ἀσίας·
1809 773 2040 832 ἐκαλεῖτο
2063 773 2118 832 δὲ
2146 775 2276 855 πρό-

721 881 869 939 τερον
899 859 1240 920 Ἄναὸαίνων·
1266 859 1423 934 μόνος
1451 862 1554 940 γὰρ
1573 861 1635 918 ἐκ
1659 859 1866 919 πάντων
1893 864 1992 919 τῶν
2022 866 2274 937 ποταμῶν

723 947 831 1008 ἀπὸ
860 953 964 1008 τῶν
985 949 1130 1009 ἷδίων
1158 950 1450 1031 ἀρχόμενος
1476 952 1662 1028 πηγῶν
1686 951 1755 1016 εἷς
1785 951 1961 1010 ἑαυτὸν
1991 952 2274 1032 παλινδρο-

721 1035 831 1112 μεῖ.
917 1037 1328 1119 Προσηγορεύθη
1382 1036 1435 1096 δὲ
1467 1036 1768 1118 Μαίανδρος
1791 1035 1894 1097 ἀπὸ
1923 1038 2232 1120 Μαιάνδρου
2253 1085 2270 1114 ,

720 1129 811 1182 τοῦ
842 1124 1122 1208 Κερκάφου
1156 1125 1252 1186 καὶ
1287 1122 1582 1195 Ἀναξιὸίας
1622 1125 1835 1202 παιδὸς,
1876 1123 1930 1193 ὃς
1955 1125 2083 1207 πρὸς
2122 1130 2272 1191 Πεσ-

721 1213 1032 1281 σινουντίους
1061 1212 1295 1290 πόλεμον
1325 1214 1463 1292 ἔχων
1490 1211 1686 1286 ηὔξατο
1713 1218 1778 1293 τῇ
1808 1213 1970 1294 μητρὶ
1996 1218 2098 1274 τῶν
2121 1220 2270 1289 θεῶν,
2336 1258 2355 1272 .

719 1299 809 1360 ἐὰν
844 1300 1104 1381 ἐγκρατὴς
1129 1301 1350 1378 γένηται
1378 1305 1469 1374 τῆς
1505 1302 1676 1376 νίκης,
1710 1303 1877 1362 θύσειν
1925 1302 2016 1363 τὸν
2065 1307 2270 1385 πρῶτον

720 1386 861 1470 αὐτῷ
914 1387 1249 1468 συγχαρέντα
1299 1387 1432 1472 [ἐπὶ]
1477 1393 1588 1458 ταῖς
1628 1390 1998 1471 ἀνδραγαθίαις
2045 1393 2271 1472 τρόπαια

717 1475 948 1555 φέροντι.
1057 1475 1480 1558 Ὑποστρέψαντι
1507 1475 1561 1537 δὲ
1588 1481 1664 1559 τῷ
1685 1479 2042 1560 προειρημένῳ
2071 1486 2272 1561 πρῶτος

717 1565 984 1646 συνεχάρη
1009 1565 1338 1637 συναντήσας
1367 1569 1395 1624 ὃ
1418 1566 1543 1635 παῖς
1570 1566 1846 1648 Ἀρχέλαος
1882 1565 2017 1647 μετὰ
2043 1574 2139 1643 τῆς
2165 1596 2268 1647 μη-

716 1649 836 1730 τρὸς
858 1651 954 1711 καὶ
980 1656 1075 1724 τῆς
1098 1654 1342 1735 ἀδελφῆς.
1428 1651 1494 1714 Ὁ
1515 1653 1570 1714 δὲ
1592 1658 1687 1726 τῆς
1706 1653 2083 1736 προειρημένης
2111 1660 2270 1718 δεισι·

717 1738 994 1817 δαιμονίας
1037 1739 1382 1819 ἀναμνησθεὶς
1402 1786 1418 1818 ,
1451 1743 1567 1800 κατ’
1599 1741 1829 1821 ἀνάγκην
1873 1744 2040 1824 [τοῖς]
2073 1748 2271 1825 βωμοῖς

716 1827 1053 1909 προσήγαγεν
1084 1828 1200 1899 τοὺς
1231 1831 1603 1910 προσήκοντας.
1662 1831 1954 1908 Ἀθυμήσας
1976 1835 2024 1893 δ’
2048 1834 2136 1894 ἐπὶ
2163 1844 2270 1904 τοῖς

716 1923 1026 1998 πραχθεῖσιν
1055 1919 1257 2000 ἔρριψεν
1288 1919 1468 1980 ἑαυτὸν
1495 1921 1568 1988 εἰς
1595 1919 1827 1998 ποταμὸν
1864 1920 2234 1984 Ἀναὸαίνοντα
2251 1972 2267 2000 ,

718 1999 774 2071 ὃς
816 2005 908 2063 ἀπ’
943 2009 1096 2065 αὐτοῦ
1131 2006 1427 2089 Μαίανδρος
1457 2007 1871 2087 προσηγορεύθη,
1905 2008 2074 2078 καθὼς
2115 2014 2268 2073 ἱστο-

717 2099 797 2171 ρεῑ
840 2093 1108 2170 Τιμόλαος
1134 2096 1188 2154 ἐν
1229 2091 1276 2154 α’
1307 2095 1648 2176 Φρυγιακῶν.
1750 2097 2030 2174 Μέμνηται
2061 2099 2116 2160 δὲ
2143 2101 2262 2161 τού·

713 2203 820 2240 των
862 2182 954 2242 καὶ
1000 2181 1314 2260 Ἀγαθοκλῆς
1345 2189 1373 2244 ὃ
1419 2185 1621 2265 Σάμιος
1655 2187 1707 2246 ἐν
1749 2189 1815 2269 τῇ
1848 2189 2260 2251 Πεσσινουντίων

711 2271 972 2334 πολιτεία.

791 2379 839 2422 2.
885 2360 1258 2440 Δημόστρατος
1285 2361 1340 2422 δὲ
1384 2366 1413 2422 ὁ
1440 2363 1701 2440 Ἀπαμεὺς
1736 2363 1969 2444 ἱστορίας
1997 2363 2263 2442 μέμνηται

709 2444 971 2518 τοιαύτης.
1053 2449 1351 2526 Μαίανδρος
1376 2449 1552 2526 ἀκμὴν
1579 2451 1868 2530 στρατηγὸς
1891 2455 2265 2532 χειροτονηθεὶς

708 2531 766 2601 ἒξ
791 2532 1024 2601 ἐναντίας
1043 2535 1457 2597 Πεσσινουντίων
1485 2537 1574 2596 καὶ
1601 2540 1726 2617 παρ’
1758 2539 1972 2607 ἰλπίδας
2000 2546 2092 2612 τῆς
2118 2543 2264 2614 νίκης

708 2620 963 2700 ἐγκρατὴς
995 2621 1301 2700 γενόμενος,
1344 2624 1412 2682 τὰ
1459 2624 1776 2704 ἀναθήματα
1811 2631 1906 2698 τῆς
1932 2629 2130 2708 μητρὸς
2159 2633 2262 2689 τῶν

705 2710 836 2766 θεῶν
875 2709 1089 2769 διέδωκε
1116 2717 1224 2778 τοῖς
1253 2710 1613 2793 στρατιώταις·
1641 2713 1866 2773 κατὰ-δὲ
1897 2715 2142 2794 πρόνοιαν
2169 2721 2263 2790 τῆς

706 2801 825 2865 θεᾶς
850 2799 956 2856 τῶν
985 2799 1386 2880 σωφρονούντων
1425 2802 1694 2883 λογισμῶν
1735 2800 1998 2884 αἰφνιδίως
2029 2805 2261 2863 ἀπαλλο·

705 2884 973 2964 τριωθεὶς,
1017 2884 1458 2966 προσαπέκτεινεν
1494 2888 1591 2962 τὴν
1617 2897 1839 2967 γυναῖκα
1866 2888 1962 2949 καὶ
1993 2888 2082 2951 τὸν
2130 2891 2259 2953 υἱόν·

703 2973 878 3052 ὀλίγον
929 2973 985 3033 δὶ
1040 2974 1386 3056 σωφρονήσας
1437 2977 1530 3035 καὶ
1574 2979 1647 3044 εἷς
1691 2975 1964 3054 μετάνοιαν
2015 2979 2104 3039 ἐπὶ
2159 2988 2262 3048 τοῖς

703 3065 986 3142 πραχθεῖσι
1011 3062 1292 3145 χωρήσας,
1333 3063 1514 3124 ἑαυτὸν
1548 3064 1732 3126 ἔὸαλεν
1783 3068 1854 3134 εἷς
1887 3067 2124 3144 ποταμὸν
2150 3114 2166 3143 ,
2203 3066 2259 3136 ὃς

707 3148 804 3208 ἀπ’
825 3148 988 3210 αὐτοῦ
1013 3149 1324 3231 Μαίανδρος
1346 3153 1788 3230 προσωνομάσθη.

786 3255 834 3298 a.
893 3240 1154 3300 Γεννᾶται
1193 3241 1244 3298 δ’
1298 3242 1351 3298 έν
1404 3244 1548 3322 αὐτῷ
1605 3241 1741 3308 λίθος
1791 3242 1907 3300 κατ’
1961 3241 2263 3322 ἀντίφρασιν

708 3321 946 3403 Σώφρων
979 3324 1299 3401 καλούμενος
1314 3369 1332 3398 ,
1361 3323 1417 3384 δν
1459 3325 1548 3384 ἐὰν
1581 3327 1744 3406 βάλῃς
1767 3326 1903 3392 τινὸς
1935 3330 2007 3395 εἷς
2046 3330 2259 3404 κόλπον,

710 3409 950 3487 ἐμμανὴς
976 3411 1174 3490 γίνεται
1207 3411 1298 3470 καὶ
1333 3411 1534 3488 φονεύει
1559 3412 1676 3470 τινὰ
1705 3416 1808 3471 τῶν
1841 3417 2126 3492 συγγενῶν·
2165 3413 2266 3482 ἔξι-

710 3494 1005 3575 λασάμενος
1034 3498 1091 3557 δὲ
1117 3497 1210 3569 τὴν
1239 3498 1440 3580 μητέρα
1461 3503 1564 3559 τῶν
1589 3502 1742 3578 θεῶν,
1762 3499 2156 3561 ἀπαλλάσσεται
2175 3505 2266 3560 τοῦ

713 3583 924 3660 πάθους,
947 3585 1118 3656 καθὼς
1134 3589 1330 3668 ἱστορεῖ
1348 3586 1664 3670 Δημάρατος
1687 3591 1739 3649 ἐν
1767 3589 1815 3669 γ’
1841 3589 1963 3672 περὶ
1980 3593 2264 3668 Ποταμῶν.

714 3674 999 3751 Μέμνηται
1029 3673 1085 3735 δὲ
1124 3674 1321 3738 τούτων
1354 3677 1444 3738 καὶ
1472 3677 1819 3759 Ἀρχέλαοςὲν
1847 3677 1898 3738 α’
1921 3677 2044 3761 περὶ
2067 3677 2259 3739 Λίθων.

793 3788 843 3826 ι.
887 3765 1222 3847 Παράκειται
1241 3768 1288 3826 δ’
1318 3767 1462 3849 αὐτῷ
1485 3766 1599 3848 ὄρος
1626 3767 1856 3829 Σίπυλον
1879 3767 1974 3843 τὴν
2008 3790 2264 3849 προσηγο-

719 3850 835 3932 ρίαν
859 3852 980 3934 ἔχον
1009 3853 1114 3912 ἀπὸ
1145 3854 1382 3915 Σιπύλου
1411 3859 1504 3916 τοῦ
1534 3853 1804 3935 Ἀγήνορος
1828 3857 1918 3916 καὶ
1959 3855 2262 3927 Διωξίππης

711 3939 916 4008 παιδός.
1021 3933 1193 4011 Οὗτος
1213 3943 1314 4021 γὰρ
1342 3943 1771 4023 μητροκτονήσας
1799 3941 1917 4002 κατ’
1943 3941 2152 4024 ἄγνοιαν
2173 3942 2263 4002 καὶ

713 4029 803 4086 ὑπ’
826 4027 1076 4109 Ἐρινύων
1113 4030 1566 4111 οἰστρηλατηθεὶς,
1612 4033 1686 4099 εἰς
1723 4031 1783 4091 τὸ
1825 4030 2108 4112 Κεραύνιον
2145 4029 2262 4111 ὄρος

710 4107 863 4188 ἦλθεν
893 4115 982 4176 καὶ
1006 4115 1094 4175 διὰ
1114 4116 1286 4189 λύπης
1316 4116 1606 4199 ὑπερὸολὴν
1637 4115 1928 4198 βρόχω’τὸν
1949 4116 2060 4197 βίον
2082 4117 2258 4196 περιέ-

713 4206 925 4284 γραψαν.
1003 4206 1084 4264 Τὸ
1117 4203 1170 4263 δὲ
1199 4204 1315 4285 ὄρος
1353 4204 1492 4266 κατὰ
1537 4206 1783 4287 πρόνοιαν
1812 4208 1940 4266 θεῶν
1980 4207 2073 4263 ἀπ’
2103 4205 2256 4264 αὐτοῦ

715 4286 942 4350 Σίπυλον
969 4290 1274 4368 ὠνομάσθη.

795 4399 845 4438 ε.
890 4378 1143 4438 Γεννᾶται
1164 4376 1212 4437 δ’
1233 4381 1286 4438 ἕν
1320 4380 1461 4458 αύτῷ
1500 4378 1638 4446 λίθος
1664 4380 1947 4458 παρόμοιος
1975 4379 2252 4459 κυλίνδρῳ,

719 4462 776 4522 ὃν
805 4465 857 4522 οἱ
883 4464 1108 4534 εὖσεὸεῗς
1147 4465 1248 4525 υἱοὶ
1275 4467 1398 4527 ὅταν
1443 4465 1688 4548 εὕρωσιν,
1723 4469 1775 4525 ἔν
1817 4472 1890 4548 τῷ
1919 4467 2118 4544 τεμένει
2166 4470 2256 4537 τῆς

781 4633 877 4698 lx,
907 4636 938 4703 S
970 4651 1018 4689 1.
1044 4637 1130 4702 τῆς
1161 4632 1330 4705 Ἀσίας]
1359 4638 1445 4702 τῆς
1471 4634 1682 4707 Καρίαςῖ
1709 4637 1732 4706 ΙΙ
1753 4635 1921 4690 -ἐπὶ
1947 4637 2164 4689 inseruit
2190 4639 2253 4690 R.

711 4712 816 4784 1-—
836 4713 1049 4785 φέροντι]
1074 4714 1226 4784 φέρων
1247 4711 1388 4780 cod.;
1409 4732 1514 4769 em.
1543 4717 1630 4769 W.
1659 4716 1756 4786 ss·-
1778 4716 1882 4778 τοῖς
1910 4715 2094 4787 βωμοῖς
2115 4732 2258 4784 προσ-

705 4789 918 4864 ήγαγεν]
950 4793 1142 4864 βωμοῖς
1165 4791 1440 4866 κατήγαγεν
1467 4792 1611 4861 cod.;
1631 4811 1736 4850 em.
1780 4797 1908 4860 WB,
1939 4793 2053 4850 coll.
2084 4812 2132 4849 c.
2170 4799 2251 4856 16,

712 4885 758 4926 1.
793 4870 880 4935 23,
913 4889 937 4925 ι
966 4871 1188 4944 aliisque
1212 4871 1576 4928 Parallelorum
1599 4873 1745 4928 locis.

775 4953 806 5019 S
835 4966 888 5004 a.
921 4947 1086 5022 ἅκμὴν
1110 4950 1674 5025 στρ.]-ἅκμηστρατηγός
1693 4951 1884 5021 codex;
1914 4951 2093 5024 ἀκμὴν,
2114 4952 2257 5024 quod

709 5037 831 5082 tunc
848 5029 1098 5103 temporis
1116 5032 1244 5085 verti
1265 5031 1392 5095 vult,
1410 5030 1629 5101 conjecit
1650 5033 1946 5102 Rutgersius
1961 5033 2090 5087 Var.
2110 5034 2255 5086 Lect.

709 5105 758 5173 3,
803 5124 888 5174 ιιι,
915 5108 1267 5180 probantibus
1294 5110 1731 5182 Wyttenbachio,
1775 5111 2036 5165 Herchero
2054 5152 2068 5175 ,
2110 5110 2257 5164 Diib·

703 5203 862 5254 nero;
894 5189 980 5242 vix
1023 5200 1197 5254 recte,
1221 5187 1443 5260 opinor3
1475 5207 1784 5262 quamquam
1828 5191 1956 5262 quid
1998 5190 2261 5262 scripserit

703 5275 890 5320 auctor
906 5265 1083 5322 dicere
1100 5284 1208 5321 non
1232 5265 1422 5324 habeo,
1449 5267 1648 5334 Conjici
1667 5271 1819 5337 possit
1849 5269 2257 5341 ἆρχιστράτηγος;

1919 431 2056 490 PSE
2067 431 2728 497 UDOPLUTARCBUS

2870 625 2973 685 lx.
3011 624 3435 686 MAEANDER.

2440 801 2489 840 1.
2527 787 2792 840 Maeander
2811 788 3003 842 fluvius
3026 799 3107 842 est
3127 790 3263 844 Asiae
3290 789 3565 860 (Carioee'k
3591 793 3739 862 prius
3763 810 3925 846 voca-

2365 880 2519 936 batur
2545 884 2877 952 Anabaenon,
2906 887 2946 943 i.
2977 905 3029 942 e.
3071 887 3457 957 Retrogradus3
3498 887 3641 942 solus
3680 893 3821 945 enim
3850 910 3921 946 ex

2362 983 2609 1038 omnibus
2640 986 2814 1040 fluviis
2839 987 2906 1041 ab
2936 989 3048 1061 ipsa
3075 989 3275 1060 origine
3306 991 3363 1043 in
3390 1007 3445 1044 se
3467 990 3641 1062 ipsum
3668 994 3919 1049 recurrit.

2362 1083 2547 1138 Dictus
2582 1095 2759 1140 autem
2799 1097 2876 1140 est
2908 1085 3174 1142 Maeander
3211 1106 3242 1141 a
3274 1087 3545 1145 Maeandro
3588 1090 3838 1163 Cercaphi
3862 1102 3920 1145 et

2362 1185 2633 1241 Anaxibiae
2655 1186 2795 1251 filio,
2836 1190 2929 1260 qui
2960 1200 3106 1245 moto
3131 1201 3317 1246 contu
3354 1191 3714 1246 Pessinuntius
3746 1191 3915 1259 bello,

2361 1286 2515 1341 matri
2549 1284 2775 1342 deorum
2820 1286 3079 1359 pollicitus
3116 1298 3213 1353 est,
3236 1289 3280 1343 si
3305 1289 3521 1343 victoria
3541 1291 3818 1362 potiretur,
3859 1312 3921 1348 se

2358 1409 2483 1445 eum
2529 1390 2619 1462 qui
2650 1389 2853 1462 primus
2892 1390 2993 1444 sibi
3042 1391 3493 1463 congratularetur
3550 1391 3622 1446 ob
3668 1391 3917 1464 preclare

2359 1500 2499 1560 gesta
2514 1499 2709 1564 tropea
2720 1491 3028 1564 reportanti,
3051 1491 3482 1546 sacrificaturum.
3507 1489 3719 1546 Accidit
3731 1503 3909 1547 autem

2360 1598 2420 1641 ut
2468 1588 2516 1641 ei
2561 1605 2771 1642 reverso
2805 1589 2961 1660 primi
2999 1599 3337 1643 occurrerent
3370 1561 3656 1642 Archelaus
3698 1587 3835 1642 filius
3858 1599 3915 1643 et

2358 1701 2509 1738 soror
2534 1694 2588 1738 et
2632 1695 2817 1748 mater,
2848 1701 2981 1756 quos
3008 1702 3073 1737 ex
3100 1685 3431 1749 necessitate,
3481 1687 3601 1741 licet
3636 1687 3917 1759 proximos

2350 1797 2473 1850 Jurc
2508 1781 2800 1851 sanguinis,
2826 1781 3213 1853 pollicitationis
3247 1799 3354 1835 suae
3372 1801 3483 1836 non
3518 1785 3814 1848 immemor,
3844 1783 3913 1837 ad

2357 1892 2472 1928 aras
2493 1873 2759 1930 ducendas
2777 1876 2999 1931 curavit.
3027 1873 3130 1930 Sed
3153 1875 3445 1930 vehementi
3478 1877 3550 1931 ob
3583 1878 3695 1932 haec
3732 1878 3915 1932 dolore

2356 1971 2572 2028 affectus
2596 1976 2651 2028 in
2679 1975 3093 2029 Anabaenontem
3120 1975 3344 2029 fluvium
3372 1993 3429 2028 se
3451 1979 3704 2047 conjecit,
3734 1977 3820 2047 qui
3844 1975 3915 2028 ab

2353 2095 2419 2132 eo
2446 2088 2623 2151 postea
2650 2077 2899 2133 Maeandri
2926 2095 3120 2133 nomen
3153 2078 3304 2144 tulit,
3340 2088 3401 2132 ut
3438 2089 3619 2132 narrat
3643 2077 3909 2132 Timolaus

2354 2182 2491 2238 libro
2526 2185 2607 2238 De
2639 2182 2797 2238 rebus
2819 2183 3083 2256 Phrygiis.
3128 2181 3325 2238 Eadem
3365 2182 3673 2254 Agathocles
3703 2199 3913 2254 quoque

2352 2283 2556 2341 Samius
2580 2292 2757 2336 narrat
2780 2284 2835 2337 in
2864 2283 3146 2355 Republica
3171 2283 3649 2337 Pessinuntiorum.

2423 2403 2477 2440 2.
2517 2387 2877 2440 Demostratus
2925 2402 3051 2438 vero
3088 2384 3404 2458 Apamensis
3448 2384 3586 2438 hanc
3631 2382 3909 2438 historiam

2352 2515 2547 2562 narrat.
2576 2503 2841 2559 Maeander
2851 2502 2971 2557 belli
2990 2513 3175 2557 contra
3191 2503 3549 2557 Pessinuntius
3568 2500 3675 2557 dux
3694 2501 3905 2566 electus,

2350 2623 2500 2677 hoste
2523 2632 2714 2695 praeter
2738 2639 2881 2694 spem
2902 2621 3199 2694 profligato,
3224 2619 3445 2674 donaria
3478 2621 3659 2674 matris
3683 2608 3909 2674 deorum

2352 2742 2601 2797 militibus
2627 2739 2915 2797 distribuit.
2990 2743 3062 2794 At
3090 2739 3202 2794 dee
3224 2739 3489 2794 voluntate
3513 2758 3544 2794 a
3570 2753 3745 2795 mente
3782 2759 3908 2795 sana

2350 2861 2599 2917 alienatus
2622 2879 2839 2916 uxorem
2859 2871 2914 2915 et
2944 2859 3115 2915 filium
3144 2861 3385 2926 necavit3
3408 2873 3709 2934 recuperata
3734 2873 3908 2917 autem

2349 2976 2418 3032 ad
2442 2975 2603 3036 breve
2624 2987 2829 3049 tempus
2854 2986 3030 3031 mente
3045 3014 3061 3042 ,
3084 2975 3347 3048 poenitens
3382 2973 3507 3031 facti
3531 2993 3589 3030 se
3613 2978 3669 3030 in
3710 2978 3909 3032 flumen

2351 3091 2591 3166 conjecit,
2613 3093 2758 3166 quod
2778 3093 2845 3148 ab
2869 3111 2935 3148 eo
2958 3092 3226 3149 mandet·
3250 3095 3679 3164 cognominatum
3706 3105 3801 3150 est.

2424 3241 2477 3296 3.
2506 3241 2703 3294 Crescit
2719 3241 2773 3294 in
2792 3257 2855 3294 eo
2870 3237 3000 3310 lapis
3017 3257 3114 3311 per
3129 3238 3451 3311 antiphrasin
3474 3239 3729 3310 sophron,
3752 3237 3807 3292 id
3825 3250 3904 3293 cst

2352 3317 2575 3386 sapiens,
2599 3314 2805 3378 dictust,
2836 3331 2992 3386 quem
3020 3314 3063 3366 si
3093 3313 3149 3366 in
3185 3311 3405 3385 alicujus
3432 3314 3607 3366 sinum
3638 3312 3903 3383 conjicias,

2353 3388 2552 3443 insania
2601 3387 2687 3442 ille
2734 3398 3004 3460 correptus
3047 3405 3078 3442 e
3117 3390 3350 3458 cognatis
3389 3387 3654 3460 quendam
3688 3385 3902 3453 occidit,

2351 3463 2550 3535 placata
2564 3474 2737 3516 autem
2761 3473 2921 3516 matre
2935 3461 3155 3517 deorum
3174 3461 3424 3516 liberatur
3437 3461 3503 3515 ab
3520 3461 3621 3515 hac
3642 3463 3907 3532 passione,

2354 3549 2415 3594 ut
2436 3537 2597 3593 refert
2622 3541 2927 3593 Demaratus
2952 3537 3090 3592 libro
3126 3537 3280 3592 tertio
3317 3540 3397 3591 De
3424 3535 3750 3591 fluminibus».
3794 3537 3908 3590 Eo-

2352 3614 2579 3670 rundem
2599 3615 2913 3670 mentionem
2930 3614 3053 3669 facit
3078 3614 3233 3667 etiam
3262 3612 3549 3669 Archelaus
3570 3611 3712 3666 libro
3730 3613 3908 3684 primo

2354 3691 2436 3745 De
2459 3689 2733 3762 lapidibus.

2425 3785 2480 3847 4.
2510 3779 2727 3852 Adjacet
2764 3781 2811 3835 ei
2842 3778 3044 3853 Sipylus
3072 3795 3224 3833 mons
3240 3818 3257 3844 ,
3291 3796 3322 3832 a
3362 3777 3541 3852 Sipylo
3568 3777 3825 3849 Agenoris
3850 3787 3911 3832 et

2353 3886 2625 3957 Dioxippae
2650 3884 2759 3938 filio
2778 3883 2965 3938 dictus.
3013 3883 3113 3936 Hic
3138 3883 3279 3936 enim
3298 3923 3313 3949 ,
3338 3892 3503 3936 matre
3532 3899 3631 3954 per
3656 3883 3907 3952 ignoran-

2353 3989 2477 4042 tiam
2508 3989 2696 4052 occisa,
2725 4003 2756 4038 a
2772 3986 2951 4040 Furiis
2982 3995 3198 4040 vexatus
3232 3985 3289 4038 in
3318 3985 3639 4039 Ceraunium
3668 3995 3914 4038 montem

2348 4092 2618 4164 pervenit,
2666 4106 2875 4161 praeque
2900 4087 3098 4143 doloris
3134 4087 3463 4143 vehementia
3503 4106 3561 4142 se
3594 4087 3870 4160 suspendit
3884 4107 3911 4152 ;

2348 4209 2501 4245 mons
2525 4201 2699 4245 autem
2716 4231 2733 4256 ‚
2756 4190 2855 4244 diis
2881 4191 2954 4244 ita
2984 4189 3275 4244 volentibus
3290 4229 3309 4256 ,
3338 4189 3406 4244 ab
3431 4209 3497 4246 eo
3513 4189 3719 4262 Sipylus
3747 4207 3877 4244 voca

2606 4295 2629 4332 ι

2348 4305 2753 4443 ἰιωέἰ,ιῶἑίὶιεοίιιιτ
2778 4383 2833 4435 in
2862 4399 2927 4435 eo
2952 4381 3083 4453 lapis
3117 4379 3357 4453 cylindro
3388 4380 3603 4446 similis,
3628 4399 3788 4452 quem
3808 4379 3904 4434 ubi

2344 4474 2419 4545 pii
2448 4471 2540 4527 filii
2578 4471 2852 4536 invenere,
2904 4470 2958 4522 in
3004 4469 3200 4542 templo
3244 4470 3427 4523 matris
3463 4468 3687 4523 deorum
3731 4470 3900 4540 ipsum

2345 4643 2485 4687 certe
2508 4631 2637 4704 ἀκμὴ
2666 4643 2718 4686 et
2746 4629 2871 4702 ἀρχὴ
2900 4630 3299 4686 confunduntur
3323 4632 3479 4684 etiam
3506 4633 3561 4684 in
3588 4628 3743 4684 codd.
3776 4631 3907 4682 Dio·

2347 4713 2479 4783 nysii
2516 4711 2627 4765 Hal.
2654 4715 2721 4766 A.
2754 4713 2819 4767 R.
2840 4730 2892 4781 9,
2921 4709 3009 4781 37,
3040 4719 3255 4764 notante
3278 4711 3430 4764 Fixio
3462 4709 3517 4762 in
3540 4708 3699 4762 Thes.
3729 4726 3811 4778 gr.
3843 4726 3902 4763 V.

2345 4796 2477 4869 ἀκμή
2486 4839 2500 4852 .
2527 4797 2549 4868 ΙΙ
2576 4827 2648 4838 —-
2664 4795 2938 4869 ἀναθέματα
2973 4796 3095 4851 cod.
3122 4796 3145 4868 ΙΙ
3177 4827 3253 4838 -
3279 4795 3748 4868 προσαπέκτειναν...
3794 4792 3906 4847 ὀλί-

2344 4875 2459 4948 γον]
2480 4873 2751 4928 ἂπέκτεινεν
2776 4911 2838 4929 ...
2866 4874 2983 4946 πρὸς
3004 4873 3215 4946 ὀλίγονὲ

2418 4957 2448 5022 s
2475 4953 2525 5006 3.
2550 4952 2784 5023 Σώφρων]
2812 4953 2995 5025 τέφρων
3037 4952 3233 5014 codex.
3260 4953 3414 5006 sicuti
3454 4953 3687 5024 optimus
3736 4949 3907 5005 codex

2346 5031 2564 5086 Aristot.
2594 5029 2785 5088 Mirab.
2814 5049 2862 5086 c.
2896 5036 3013 5101 167,
3040 5030 3333 5084 ubieadem
3360 5029 3553 5095 haben
3582 5049 3669 5083 em
3718 5035 3783 5085 G.

2418 5113 2449 5179 S
2473 5112 2526 5174 4.
2551 5107 2807 5178 Διοξίππης
2833 5109 3015 5163 codex.
3042 5111 3289 5164 Ceterum
3311 5109 3516 5182 Sipylus
3537 5127 3692 5164 mons
3709 5111 3913 5164 Hermo

2348 5189 2512 5243 fluvio
2527 5230 2542 5255 ‚
2566 5206 2671 5243 non
2694 5207 2816 5245 vero
2834 5187 3103 5243 Maeandro
3126 5188 3347 5262 adjacet.

2424 5273 2454 5338 S
2487 5269 2537 5327 5.
2562 5269 2660 5323 υἱοὶ
2687 5270 2824 5341 ὅταν]
2864 5269 2971 5323 υἱὸν
3011 5270 3085 5324 ὅτ’
3109 5271 3166 5324 ἂν
3196 5269 3341 5337 cod.;
3380 5289 3483 5328 em.
3518 5274 3584 5325 G.
3614 5271 3732 5341 Η-
3754 5267 3913 5340 ἆμαρ-
