4584 6284
2465 382 2472 413 ⁴.
2580 350 3863 440 imaum&

1045 696 1217 800 DE
1306 691 2240 801 AGATHEMERI
2315 699 2485 802 ET
2558 697 3571 813 ANONYMORUM

1421 943 1984 1040 QnoRuNnAM
2037 945 2435 1024 scmrws
2486 949 3185 1030 enoenArfflcis.

783 1503 1130 1583 Sequuntur
1156 1506 1283 1560 tres
1310 1494 1508 1557 libelli
1556 1494 1990 1576 geographici,
2036 1496 2144 1579 qui
2193 1496 2256 1557 in

709 1586 987 1670 plurimis
1047 1584 1372 1650 codicibus
1433 1583 1816 1663 conjunctim
1863 1582 2251 1647 exhibentur.

703 1675 940 1738 Primus
983 1691 1206 1736 eorum
1279 1670 1642 1734 inscribitur
1696 1691 1712 1734 ε
1761 1670 2120 1752 Ἀγαθημέρου
2163 1677 2254 1732 τοῦ

701 1761 960 1844 ''Opes->voc
1000 1759 1330 1842 γεωγραφίας
1375 1759 1728 1827 ὖππύπωσις.
1752 1760 1942 1822 Totus
1993 1777 2071 1822 ex
2097 1758 2258 1822 anti-

698 1850 985 1932 quiorum
1053 1854 1381 1911 auctorum
1400 1891 1418 1926 ,
1491 1844 1867 1909 Artemidori
1942 1845 2214 1909 maxime
2232 1892 2249 1922 ,

700 1933 942 2020 scriptis
967 1935 1267 1999 collectus
1293 1941 1409 1998 est.
1434 1935 1522 1996 De
1551 1939 1729 1998 aetate
1751 1933 2108 1997 collectoris
2127 1951 2252 1997 non

699 2027 922 2109 liquet;
957 2041 1179 2106 pamm
1223 2023 1394 2086 enim
1440 2021 1806 2104 proficimus
1852 2039 1930 2085 ex
1971 2039 2047 2085 eo
2087 2021 2257 2102 quod

711 2133 852 2197 quae
884 2112 1334 2195 Agathe-merus
1359 2111 1398 2192 g
1422 2115 1483 2176 6.
1518 2114 1578 2173 ’1.
1611 2113 1650 2173 9
1679 2128 1740 2191 p.
1771 2112 1891 2173 472
1915 2127 2008 2192 sq.
2034 2109 2258 2188 habet,

699 2200 921 2264 eadem
965 2198 1192 2263 iisdem
1255 2216 1435 2279 paene
1485 2196 1690 2260 verbis
1735 2197 1902 2279 apud
1953 2199 2256 2260 Joannem

698 2291 1152 2350 Damascenum
1179 2287 1291 2366 (De
1336 2282 1584 2348 orthod.
1620 2283 1728 2346 fid.
1774 2286 1836 2361 2,
1885 2283 2020 2365 26),
2067 2283 2262 2348 seculi

700 2375 900 2438 octavi
945 2373 1348 2455 scriptorem,
1380 2370 1692 2452 leguntur,
1729 2369 1855 2432 sive
1902 2369 1955 2432 is
1999 2369 2137 2433 haec
2185 2387 2262 2432 ex

699 2462 1114 2544 Agathemero
1141 2457 1468 2534 sumserit,
1503 2459 1629 2521 sive
1659 2464 1924 2539 uterque
1969 2462 2186 2520 auctor
2227 2475 2261 2519 e

695 2549 1018 2616 communi
1073 2547 1243 2613 sonte
1302 2565 1416 2610 sua
1482 2545 1922 2628 depromserit.
1973 2546 2260 2608 Ceterum

697 2656 924 2703 nomen
950 2635 1348 2720 Agathemeri
1370 2637 1436 2697 in
1455 2634 1653 2698 titulis
1678 2632 1850 2697 haud
1875 2633 2258 2715 infrequens.

693 2726 876 2811 Apud
923 2727 1256 2789 Gruterum
1287 2742 1350 2805 p.
1377 2727 1501 2787 240
1529 2741 1624 2804 sq.
1672 2721 1738 2784 in
1787 2738 2100 2784 marmore
2145 2721 2268 2782 Ve-

696 2813 966 2898 spasiani
993 2819 1279 2895 tempore
1310 2810 1614 2894 inscripto
1643 2814 2029 2873 memoratur
2058 2810 2125 2870 L.
2152 2809 2261 2870 ΑΞ·-

695 2907 810 2966 lius
835 2904 1219 2983 Aqatkemer,
1252 2905 1316 2963 et
1360 2900 1427 2963 in
1473 2898 1596 2963 alio
1640 2917 1742 2961 an.
1779 2900 1895 2961 152
1923 2915 1986 2979 p.
2021 2896 2087 2959 C.
2118 2912 2264 2959 exa-

696 3001 828 3058 rato
883 3013 898 3055 :
950 2993 1148 3054 Julius
1210 2989 1641 3070 Ayatltemerus
1695 2993 1761 3050 et
1811 2987 1882 3049 C.
1940 2985 2263 3047 Vatrenius

699 3081 1079 3162 Aqathemen
1111 3079 1176 3140 in
1205 3095 1331 3160 quo
1369 3077 1654 3138 Vatrento
1681 3071 2023 3136 Orthonem
2067 3069 2260 3134 nostri

703 3165 1098 3246 Agathemeri
1152 3171 1397 3246 patrem
1465 3160 1852 3225 Vendelinus
1924 3178 2260 3241 agnoscere

701 3257 823 3319 sibi
867 3255 1034 3318 visus
1078 3259 1188 3317 est.
1222 3253 1292 3314 In
1346 3248 1789 3314 Arundelianis
1844 3248 2261 3312 marmoribus

707 3364 770 3426 p.
806 3346 884 3407 34
908 3341 1104 3404 habes
1151 3359 1166 3402 ε
1212 3341 1278 3401 Γ.
1315 3341 1440 3400 Au.
1473 3337 1826 3419 Ἆγιθήμιρον
1848 3335 2118 3418 'Ephron
2150 3335 2258 3419 qui

701 3427 1160 3496 Commodianis
1188 3424 1580 3509 temporibus
1612 3425 1783 3488 vixit.
1814 3421 2056 3486 Ibidem
2081 3443 2144 3505 p.
2181 3427 2262 3488 40

701 3521 926 3600 legitur
972 3539 988 3580 :
1039 3517 1126 3578 ἰπὶ
1169 3521 1264 3576 τοῦ
1309 3518 1452 3593 ἱεροῦ
1478 3514 1817 3594 Ἀγαθημ...,
1848 3519 1912 3576 et
1953 3531 2017 3595 p.
2066 3516 2145 3576 49
2194 3511 2260 3575 in

703 3605 1015 3690 epitaphio
1048 3624 1063 3667 z
1097 3605 1194 3667 Οἱ.
1225 3603 1632 3680 Ayathemeri.

779 3692 1126 3758 Praemissis
1170 3689 1520 3763 nonnullis,
1567 3707 1707 3771 quae
1747 3687 1826 3751 ad
1865 3689 2260 3771 geographiae

708 3781 1032 3847 historiam
1043 3786 1447 3860 veterumque
1462 3775 1542 3840 de
1561 3777 1730 3841 orbis
1743 3783 2048 3840 terrarum
2063 3775 2261 3859 figura

707 3877 772 3937 et
799 3868 1099 3933 divisione
1141 3864 1476 3929 sententias
1525 3871 1588 3927 et
1626 3871 1952 3928 ventorum
1994 3865 2264 3930 rationes

708 3959 1057 4043 pertinent,
1089 3953 1367 4036 primum
1395 3952 1846 4034 Agathemerus
1891 3953 2146 4034 exponit
2184 3952 2263 4015 de

704 4046 981 4113 maribus
1009 4060 1356 4124 eorumque
1387 4040 1884 4105 dimensionibus
1907 4041 2112 4123 deque
2135 4059 2262 4105 orae

705 4134 1032 4200 maritima!
1083 4131 1148 4194 in
1193 4129 1458 4211 singulis
1492 4128 1952 4193 continentibus
1998 4128 2270 4210 longitu-

703 4225 950 4298 tudine;
982 4240 1109 4306 quo
1147 4219 1215 4283 in
1251 4219 1396 4285 loco
1425 4219 1486 4302 (ἓ
1515 4223 1594 4282 10
1635 4238 1698 4301 p.
1739 4217 1882 4298 474)
1923 4215 2168 4279 numeri
2205 4219 2270 4280 et

704 4315 890 4379 verba
919 4311 1201 4396 proxime
1230 4308 1539 4373 accedunt
1583 4308 1666 4372 ad
1716 4325 1791 4372 ea
1831 4324 1973 4389 quae
2015 4305 2080 4368 in
2106 4306 2270 4369 Mar·

709 4403 886 4468 ciano
909 4402 1199 4482 leguntur
1237 4401 1412 4477 (tom.
1429 4400 1478 4474 1,
1499 4416 1562 4480 p.
1585 4397 1754 4478 520),
1774 4403 1846 4460 ut
1866 4412 2267 4461 communem

709 4491 806 4554 his
861 4492 1092 4554 fontem
1162 4486 1447 4562 subesse,
1499 4485 1902 4565 Protagoram
1969 4485 2262 4557 fortasse,

715 4577 1074 4659 scriptorem
1115 4574 1454 4638 Ptolemaeo
1501 4572 1854 4653 juniorem,
1904 4589 2031 4654 quo
2079 4587 2265 4633 usum

717 4684 851 4730 esse
909 4662 1288 4727 Marcianum
1337 4659 1626 4724 novimus
1645 4705 1662 4736 ,
1697 4657 2001 4739 suspicari
2054 4656 2264 4720 liceat.

719 4757 864 4831 Quae
899 4771 1044 4815 vero
1091 4749 1382 4830 deinceps
1427 4747 1595 4830 apud
1644 4744 2137 4828 Agathemerum
2187 4743 2266 4806 de

716 4841 886 4906 orbis
954 4837 1308 4903 habitabilis
1362 4835 1748 4918 longitudine
1807 4843 1872 4898 et
1933 4831 2264 4896 latitudine

739 4935 1028 5009 eguntur,
1069 4929 1400 5004 computus
1440 4921 1714 4987 reddunt
1759 4918 2224 4984 Artemidoreos
2245 4965 2262 4993 ,

734 5022 784 5078 it
813 5033 888 5076 ex
915 5012 1116 5076 Plinio
1145 5011 1367 5094 liquet,
1407 5010 1516 5093 qui
1557 5009 1808 5084 eadem,
1841 5005 2048 5071 addita
2081 5006 2266 5070 fontis

2349 1516 2467 1580 ope
2514 1517 2729 1562 mutua
2758 1499 2986 1580 corrigi
3032 1501 3707 1586 possint;quamquam
3748 1503 3909 1569 huc-

2347 1604 2545 1667 usque
2579 1587 3023 1668 Agathemerus
3062 1588 3140 1651 ad
3175 1589 3297 1655 hoc
3336 1591 3546 1673 potius
3587 1591 3906 1657 adhibitus

2348 1681 2444 1736 est
2486 1678 2556 1738 ut
2600 1675 2929 1740 sanissima
2979 1695 3242 1760 quaeque
3288 1677 3351 1739 in
3384 1677 3586 1742 Plinio
3627 1697 3909 1744 corrum-

2348 1769 2643 1843 perentur
2670 1767 2763 1844 (V.
2795 1772 2925 1828 not.
2954 1766 3031 1828 ad
3058 1785 3119 1848 p.
3156 1765 3470 1848 475-481).
3498 1766 3908 1850 subjungitur

2350 1849 2429 1914 de
2478 1849 2819 1915 insularum
2865 1853 3295 1933 magnitudine
3347 1859 3566 1936 caput,
3618 1857 3785 1937 quod
3832 1876 3909 1920 ex

2350 1945 2599 2004 auctore
2632 1941 3013 2006 Artemidori
3056 1943 3323 2006 maxime
3367 1943 3639 2007 rationes
3690 1954 3910 2009 secuto

2353 2029 2609 2092 ductum
2637 2048 2773 2094 esse
2802 2030 3235 2113 compluribus
3266 2031 3419 2096 locis
3457 2030 3763 2115 proditur.

2429 2116 2710 2182 Alterum
2752 2120 3125 2202 opusculum
3152 2120 3241 2202 (p.
3290 2120 3581 2204 488-493)
3600 2167 3617 2194 ,
3660 2121 3763 2185 cui
3802 2139 3911 2184 au-

2352 2206 2542 2271 ctoris
2587 2226 2817 2273 nomen
2884 2227 3013 2273 non
3074 2207 3437 2292 praeflgitur,
3487 2208 3705 2272 titulus
3759 2229 3906 2275 vero

2354 2303 2482 2358 est:
2509 2295 2799 2378 Διέγνωσις
2828 2301 2882 2358 ἰν
2909 2299 3140 2379 ἱπιτομῇ
3164 2302 3259 2369 τῆς
3281 2299 3335 2357 ἐν
3362 2304 3431 2379 τῇ
3455 2298 3653 2381 σφαίρᾳ
3670 2321 3909 2378 γεωγρα-

2352 2383 2492 2465 φίας,
2526 2385 2822 2464 magister
2856 2385 3113 2468 quidam
3143 2403 3177 2448 e
3217 2386 3557 2448 Ptolemaeo
3600 2387 3910 2467 excerpsit

2354 2477 2416 2533 et
2464 2472 2709 2536 Philoni
2766 2473 3018 2536 cuidam
3087 2471 3393 2555 discipulo
3438 2471 3531 2584 5(1)
3600 2472 3909 2538 dedicavit

2359 2557 2441 2642 (p.
2467 2563 2609 2640 488,
2636 2565 2663 2624 1
2705 2581 2720 2623 :
2752 2565 2821 2628 ὣς
2842 2560 2905 2620 ἂν
2929 2562 3015 2620 ἰπὶ
3036 2560 3249 2639 μνήμης
3268 2560 3410 2640 ἔχῃς,
3434 2585 3477 2620 ω
3500 2559 3685 2621 Φίλων
3706 2560 3907 2643 ἄριστε,

2354 2649 2452 2710 ὅσα
2488 2650 2579 2710 καὶ
2625 2649 2711 2710 διὰ
2755 2649 2925 2722 ζώσης
2968 2649 3141 2731 φώνης
3178 2649 3304 2730 παρ’
3329 2653 3481 2724 ἡμῶν
3511 2649 3801 2730 ἀκήκοας),
3824 2650 3906 2713 ad

2354 2755 2543 2821 quem
2572 2737 2836 2802 subinde
2863 2736 3063 2803 oratio
3092 2735 3467 2800 convertitur
3500 2737 3585 2817 (p.
3621 2741 3765 2818 488,
3792 2741 3913 2812 12·,

2352 2830 2491 2904 489,
2527 2831 2604 2892 16
2632 2831 2696 2890 et
2717 2829 2794 2891 19
2820 2832 2883 2888 ct
2910 2829 2984 2890 37
3018 2830 3082 2887 et
3121 2828 3230 2898 43ς
3261 2828 3399 2899 491,
3437 2828 3545 2901 15;
3595 2827 3735 2897 493,
3782 2827 3902 2906 25).

2351 2915 2539 2996 Cujus
2556 2913 2821 2978 instituti
2838 2932 2919 2976 ne
2938 2913 3316 2975 levissimum
3340 2912 3596 2995 quidem
3624 2913 3689 2975 in
3711 2911 3915 2992 priori.

2354 3008 2612 3066 tractatu
2670 3000 2998 3082 vestigium
3051 2997 3557 3081 deprehenditur,
3592 2999 3701 3081 qui
3750 3017 3909 3081 prae-

2355 3097 2522 3152 terea
2544 3089 2733 3153 etiam
2766 3087 3057 3153 dictionis
3082 3086 3475 3169 simplicitate
3506 3105 3542 3150 a
3571 3085 3919 3168 ludimagi—

2352 3178 2460 3240 stri
2486 3177 2678 3241 nostri
2698 3176 2978 3240 oratione
2996 3175 3243 3238 aniliter
3259 3175 3510 3256 garrula
3524 3192 3905 3256 magnopere

2351 3263 2579 3328 differt.
2612 3263 2807 3327 Miror
2828 3263 3038 3346 itaque
3060 3261 3249 3324 fuisse
3274 3261 3417 3344 qui,
3438 3279 3635 3346 quum
3659 3263 3904 3324 nullum

2350 3352 2618 3417 auctoris
2674 3369 2908 3415 nomen
2954 3350 3020 3412 in
3073 3348 3273 3413 fronte
3328 3349 3683 3431 appositum
3735 3348 3908 3428 lege-

2350 3447 2521 3519 rent,
2550 3441 2822 3525 pagellas
2848 3440 2963 3503 has
2992 3437 3070 3503 ab
3092 3436 3319 3502 eodem
3349 3437 3769 3520 Agathemero
3796 3437 3911 3520 qui

2350 3529 2769 3613 praecedentia
2788 3528 3073 3611 scripsit,
3090 3525 3401 3610 profectas
3425 3544 3561 3590 esse
3590 3531 3909 3608 putarent.

2428 3618 2671 3684 Tertius
2716 3617 2999 3694 libellus,
3048 3615 3151 3680 cui
3202 3614 3420 3679 titulus
3476 3634 3492 3678 ε
3542 3614 3912 3684 ‘Yam-dmm

2351 3707 2681 3790 γεωγραφίας
2722 3709 2778 3766 ἐν
2822 3704 3089 3786 ἰπιτόμῳ,
3119 3702 3415 3786 quoniam
3453 3701 3650 3766 multa
3687 3719 3910 3765 eorum

2354 3795 2431 3859 de
2459 3795 2689 3879 quibus
2717 3793 3167 3874 Agathemerus
3196 3789 3351 3872 egit,
3377 3789 3585 3853 denuo
3616 3789 3903 3872 exponit,

2352 3890 2571 3965 sponte
2592 3881 2959 3963 intelligitur
2980 3885 3297 3942 auctorem
3327 3879 3463 3958 eJus
3501 3876 3581 3940 ab
3621 3876 3727 3939 illo
3770 3893 3909 3940 esse

2355 3973 2691 4036 diversum.
2723 3968 3171 4034 concinnatum
3201 3983 3359 4047 opus
3396 3983 3474 4027 ex
3497 3961 3773 4026 fontibus
3804 3981 3909 4024 va-

2356 4061 2484 4122 riis,
2516 4063 2665 4136 Quae
2693 4059 2730 4141 §
2759 4064 2788 4121 1
2824 4076 2961 4141 sqq.
2990 4056 3067 4119 de
3094 4055 3379 4118 universo
3409 4053 3561 4116 orbe
3598 4058 3908 4115 terrarum

2354 4157 2419 4212 et
2456 4149 2535 4211 de
2580 4156 2763 4211 terrae
2809 4144 3169 4209 habitabilis
3207 4141 3443 4206 ambitu
3485 4140 3903 4222 proferuntur,

2357 4237 2521 4302 dicta
2580 4240 2725 4300 sunt
2789 4232 3135 4298 secundum
3186 4230 3409 4313 placita
3456 4227 3902 4292 Eratosthenis.

2355 4327 2635 4409 Sequens
2678 4323 3063 4406 singularum
3104 4319 3429 4401 regionum
3473 4315 3814 4399 descriptio
3848 4315 3914 4398 (ᾗ

2356 4415 2527 4496 5-26)
2568 4415 2633 4477 in
2669 4411 2957 4495 plurimis
2997 4427 3141 4475 cum
3173 4405 3550 4490 geographia
3582 4403 3907 4468 Ptolemaei

2358 4502 2664 4577 concinit,
2694 4500 2991 4565 nonnulla
3023 4505 3231 4560 tamen
3256 4494 3374 4558 sibi
3404 4491 3658 4576 propria
3691 4490 3903 4554 habet.

2356 4591 2529 4655 Idem
2556 4588 2723 4653 cadit
2748 4589 2812 4650 in
2855 4605 2930 4651 ea
2973 4605 3113 4669 quas
3158 4583 3456 4664 deinceps
3500 4582 3793 4662 leguntur
3828 4578 3909 4642 de

2356 4677 2645 4742 maximis
2675 4675 2895 4739 insulis
2930 4681 2993 4738 et
3029 4671 3346 4736 montibus
3382 4677 3448 4734 et
3473 4667 3675 4732 fluviis
3709 4667 3767 4750 (ἓ
3800 4669 3913 4730 27-

2356 4770 2457 4850 31)
2483 4775 2545 4830 et
2565 4767 2643 4830 de
2672 4765 2824 4829 mari
2860 4765 3081 4844 Magno
3110 4763 3166 4844 (ξ
3210 4761 3438 4843 32-36).
3464 4761 3533 4822 I'n
3565 4757 3664 4820 his
3714 4774 3909 4838 quum

2420 4983 2488 5046 (ι)
2524 4983 2667 5032 Hunc
2698 4991 2807 5030 esse
2842 4975 3092 5028 Philonem
3118 4972 3343 5036 Byblium
3379 4973 3469 5045 qui
3490 4970 3605 5024 inde
3645 4983 3678 5021 a
3712 4967 3923 5020 Neronis

2356 5068 2463 5106 aevo
2492 5051 2655 5103 floruit
2671 5053 2722 5101 et
2738 5049 2917 5114 proter
2946 5047 3041 5098 alia
3059 5043 3207 5096 etiam
3240 5051 3353 5118 περὶ
3370 5051 3556 5110 πόλων
3574 5052 3700 5104 opus
3722 5049 3919 5100 compo-

717 5099 1062 5177 mentione,
1107 5099 1360 5180 exponit
1393 5099 1500 5161 lib.
1536 5100 1597 5173 2,
1626 5115 1680 5161 c.
1723 5082 1863 5173 112,
1889 5094 1974 5158 ita
2012 5100 2084 5157 ut
2123 5110 2263 5176 quae
2355 5123 2555 5186 mm„
2576 5123 2655 5172 p...
2676 5121 2737 5170 n.
2755 5119 2846 5180 111,
2866 5129 2918 5182 p,
2942 5121 3033 5168 500
3048 5117 3085 5178 )‚
3104 5111 3393 5187 hffiohm
3416 5109 3669 5179 mmm
3686 5101 3926 5166 aasoeph.

716 5189 881 5272 apud
923 5196 1261 5270 utrumque
1324 5186 1694 5269 scriptorem
1744 5189 2039 5263 corrupta
2085 5188 2264 5259 sunt,
2306 5147 2319 5234 Ι

2281 5303 2365 5375 κη

2360 5198 2472 5259 Byz.
2503 5207 2543 5245 s.
2560 5206 2610 5243 v.
2630 5193 2835 5254 Ἅμισος.
