4584 6284
1503 509 1606 570 DE
1655 506 2116 570 FLuvlomJM
2160 509 2257 568 ET
2296 509 2669 572 MONTlUM
2711 512 3163 577 NOMINIBUS.

3802 531 3915 587 6⁴5

749 663 884 719 ρακα
955 643 1176 699 καλοῦσι
1196 683 1212 712 ,
1258 640 1434 699 δοῦνον
1490 637 1546 698 δὲ
1596 638 1750 698 τόπον
1811 637 2068 718 ἰξίχοντα,
2125 637 2292 706 καθὼς
2380 637 2551 694 locum
2578 641 2892 697 eminentem
2910 681 2927 710 ,
2972 655 3034 699 ut
3056 645 3333 719 Clitophon
3370 647 3503 704 libro
3540 651 3695 706 tertio
3716 650 3919 708 decimo

744 727 946 805 ἱστορεῖ
980 727 1285 806 Κλειτοφῶν
1314 727 1368 785 ἰν
1396 725 1464 804 ιγ’
1495 724 1750 786 Κτίσεων.

1207 883 1340 944 Vll.
1382 882 1818 943 ΠΛΚΤΩΛΟΣ.
1888 957 1902 972 .

825 1059 866 1101 t.
914 1038 1204 1107 Πακτωλὸς
1237 1037 1468 1118 ποταμός
1502 1041 1610 1099 ἔστι
1648 1043 1739 1110 τ’ἧς
1761 1038 1952 1104 Λυδίας
1975 1037 2110 1099 κατὰ
2132 1038 2282 1099 πόλιν

2380 727 2461 778 De
2480 725 2691 780 urbium
2712 728 3021 799 originibus.

2837 890 2975 950 vn.
3025 893 3438 956 PACTOLUS.

2448 1063 2493 1104 1.
2533 1048 2767 1104 Pactolus
2788 1049 2977 1104 fluvius
2999 1051 3179 1124 Lydiae
3190 1051 3429 1125 estjuxta
3451 1055 3693 1112 Sardium
3710 1059 3910 1120 urbem.

741 1127 985 1207 Σάρδεις.
1070 1127 1348 1188 Ἐκαλεῖτο
1369 1126 1423 1187 δὶ
1444 1126 1688 1208 πρότερον
1726 1127 2074 1207 Χρυσῦρρόας·
2101 1127 2128 1151 ’
2155 1125 2283 1194 Χίος
2371 1152 2537 1202 Antea
2559 1150 2939 1222 Chrysorrhoas
2962 1153 3242 1208 vocabatur
3264 1155 3453 1226 [leae-de
3466 1176 3646 1216 causa.
3676 1161 3914 1232 choror-

737 1219 768 1272 ὁ
789 1214 1108 1283 Ἀπόλλωνος
1152 1215 1242 1274 καὶ
1281 1211 1609 1287 Ἀπαθίππης
1635 1215 1661 1240 ‘¹'
1684 1224 1806 1282 παῖς
1844 1215 1937 1286 τὴν
1981 1213 2278 1295 μηχανικὴν

736 1302 928 1382 τέχνην
957 1301 1189 1375 ἀσκήσας
1215 1303 1306 1364 καὶ
1334 1304 1518 1364 σπάνει
1545 1302 1655 1383 βίον
1695 1300 2027 1382 συνεχόμενος
2043 1349 2059 1382 ,
2100 1303 2279 1372 νυκτὸς

739 1390 950 1469 βαθείας
968 1389 1083 1455 τοὺς
1109 1387 1394 1470 θησαυροὺς
1417 1389 1638 1472 Κροίσου
1665 1394 1756 1450 τοῦ
1785 1389 2036 1470 βασιλέως
2056 1390 2276 1472 ἀνέῳξεν

733 1477 824 1538 καὶ
842 1477 930 1537 τὸν
954 1477 1146 1560 χρυσὸν
1171 1479 1449 1556 ἔκκομίζων
1481 1477 1697 1538 διεδίδου
1723 1486 1828 1544 τοῖς
1860 1477 2080 1545 οἰκείοις·
2113 1503 2278 1538 κατα-

734 1567 971 1646 διωχθεὶς
994 1566 1051 1625 δὲ
1078 1567 1178 1626 ὑπὸ
1197 1571 1300 1626 τῶν
1321 1571 1550 1648 φρουρῶν
1583 1565 1672 1625 καὶ
1699 1565 2030 1637 κατάληπτος
2063 1566 2276 1644 γενόμε-

731 1675 844 1725 νος,
877 1653 1058 1712 ἑαυτὸν
1098 1651 1301 1734 ἔρριψεν
1334 1655 1406 1720 εἷς
1429 1651 1694 1729 ποταμὸν,
1729 1650 1783 1720 ὃς
1814 1653 1904 1712 ἀπ’
1931 1656 2088 1711 αὐτοῦ
2119 1656 2275 1734 Χρυ-

730 1742 944 1821 σορρόας
966 1740 1362 1818 μετωνομάσθη.
1449 1741 1735 1806 Πακτωλὸς
1762 1740 1818 1799 δὲ
1859 1739 2154 1816 μετεκλήθη
2189 1741 2276 1801 διὰ

725 1828 877 1900 τήνδε
907 1827 999 1902 τὴν
1033 1828 1355 1908 περίστασιν.
1387 1828 1705 1900 Πακτωλὸς,
1735 1829 1943 1894 οειολιος
1963 1827 1988 1851 “”
2017 1826 2109 1886 καὶ
2138 1830 2271 1887 Λευ·

721 1914 903 1988 κοθίης
927 1925 1078 1988 παῖς,
1107 1917 1161 1975 ἒν
1184 1918 1290 1982 τοῖς
1315 1914 1617 1996 Ἀφροδίτης
1641 1912 1940 1993 μυστηρίοις
1968 1915 2269 1991 Δημοδίκην

718 2001 812 2074 τὴν
845 2001 1070 2077 ἀδελφὴν
1113 2005 1234 2060 κατ’
1277 2001 1490 2079 ἄγνοιαν
1529 2001 1840 2082 βιασάμενος
1884 1998 2123 2081 καὶπερὶ
2167 2005 2269 2061 τῶν

718 2087 1131 2167 συμὸεὸηκότων
1154 2089 1472 2170 κατηχηθεὶς
1491 2086 1578 2148 διὰ
1591 2087 1757 2161 λύπης
1773 2088 2065 2168 ὑπερὸολὴν
2088 2089 2266 2149 ἑαυτὸν

718 2177 925 2258 ἔρριψεν
964 2181 1038 2244 ε’ίς
1071 2175 1309 2255 ποταμὸν
1340 2175 1700 2259 Χρυσορρόαν,
1741 2175 1794 2244 ὃς
1823 2177 1913 2234 ἀπ’
1942 2181 2098 2237 αὐτοῦ
2153 2181 2266 2240 [lue

719 2263 916 2332 κτωλὸς
945 2263 1362 2345 προσηγορεύθη.

798 2371 844 2411 a.
891 2354 1145 2414 Γεννᾶται
1191 2353 1236 2410 δ’
1267 2353 1319 2410 ἐν
1363 2353 1506 2433 αὐτῷ
1554 2355 1750 2434 ψῆγμα·
1787 2351 2006 2431 Δαρείου
2049 2351 2265 2435 χρυσίου

715 2438 1134 2520 καταφερόμενον
1165 2441 1235 2504 εἰς
1267 2439 1352 2497 τὸν
1376 2438 1655 2516 εὐδαίμονα
1683 2439 1894 2500 κόλπον.

794 2545 840 2586 8.
883 2528 1138 2588 Γεννᾶται
1181 2525 1224 2583 δ’
1266 2528 1319 2584 ὃν
1364 2528 1506 2606 αὐτῷ
1550 2524 1641 2585 καὶ
1678 2526 1812 2592 λίθος
1863 2525 2218 2605 ἀρουραφύλαξ
2239 2529 2263 2553 ”

715 2613 1050 2690 καλούμενος·
1077 2613 1188 2673 ἔστι
1233 2611 1288 2671 δὲ
1327 2613 1533 2692 ἀργύρῳ
1559 2611 1855 2691 παρόμοιος·
1891 2612 2182 2692 εὑρίσκεται
2197 2612 2262 2674 ’δὲ

715 2700 976 2780 δυσχερῶς
999 2703 1076 2779 τῷ
1103 2700 1510 2781 καταφερομένη)
1540 2699 1780 2781 ψήγματι
1805 2698 2260 2777 συναναμιγνύμε-

709 2810 810 2856 νος·
853 2787 968 2867 ἔχει
1013 2788 1067 2847 δὲ
1123 2787 1340 2864 δύναμιν
1387 2787 1650 2860 τοιαύτην.
1744 2789 1816 2847 Οἱ
1847 2791 1900 2848 ἐν
1941 2787 2092 2867 ἐξοχῇ
2136 2811 2262 2865 τυγ-

706 2876 954 2954 χάνοντες
997 2878 1098 2934 τῶν
1144 2877 1329 2936 Λυδῶν
1375 2873 1801 2954 συναγοράζουσιν
1845 2875 2000 2934 αὐτὸν
2029 2875 2120 2934 καὶ
2157 2875 2259 2954 πρὸ

705 2965 799 3034 τῆς
828 2963 1028 3022 εἰσόδου
1055 2966 1159 3021 τῶν
1190 2965 1462 3042 θησαυρῶν
1498 2960 1728 3039 τιθόασι,
1757 2963 1847 3021 καὶ
1887 2961 2258 3043 διαφυλάττου-

769 3205 903 3269 vn,
946 3208 976 3273 s
1020 3222 1069 3258 1.
1107 3205 1242 3273 Χίος]
1279 3207 1354 3258 sic
1389 3203 1576 3258 codex.
1606 3229 1632 3252 ιι
1653 3206 1870 3259 Initium
1897 3201 2052 3276 hujus
2076 3205 2258 3276 capitis

697 3285 1142 3356 Wyttenbachius
1161 3286 1481 3355 grammatici
1505 3285 1937 3339 consuetudinem
1965 3302 2072 3337 non
2100 3284 2256 3337 nimis

698 3362 1006 3417 recordatus
1061 3363 1138 3416 sic
1189 3363 1484 3416 restitutum
1553 3361 1718 3416 voluit
1759 3377 1776 3414 z
1821 3363 2053 3433 πρότερον
2107 3361 2224 3424 Χῖος
2237 3401 2253 3426 ,

702 3440 869 3495 ἔπειτα
912 3441 1245 3512 Χρυσορρόας,
1281 3437 1371 3506 τὴν
1414 3440 1744 3512 προσηγορίαν
1787 3438 1956 3493 λαὸὼν
1993 3439 2058 3493 δι’
2096 3437 2255 3493 αἰτίαν

691 3520 953 3587 τοιαύτην·
981 3519 1284 3590 Χρυσορρόας
1306 3519 1335 3573 ό
1368 3517 1671 3580 ’Λπόλλωνος
1691 3517 1802 3574 κτλ.
1827 3520 1997 3572 Immo
2027 3517 2256 3572 scriben-

701 3599 832 3655 dum
869 3599 1077 3655 videtur
1123 3615 1138 3654 :
1178 3598 1400 3654 ἐκαλεῖτο
1426 3599 1480 3654 δὲ
1505 3599 1736 3670 πρότερον
1759 3597 2060 3669 Χρυσορρόας
2085 3596 2150 3649 δι’
2177 3595 2254 3650 αἶ·

700 3681 811 3735 τίαν
860 3681 1110 3749 τοιαύτην.
1151 3680 1454 3753 Χρυσορρόας
1498 3679 1598 3736 ’As-z.
1641 3679 1754 3735 κτλ.
1790 3677 2062 3734 vocabulo
2089 3677 2254 3732 ἔπειτα

701 3760 1012 3816 Plutarchus
1029 3777 1298 3833 nunquam
1313 3778 1436 3814 usus
1449 3770 1526 3813 est
1539 3781 1554 3824 ς
1567 3760 1743 3813 saltem
1760 3759 1956 3831 ὕστερον
1971 3757 2250 3812 dicendum

703 3849 835 3895 crat.
853 3865 875 3888 ι
895 3841 1178 3894 ffincnn.
1197 3839 1446 3896 Fortassis
1467 3838 1580 3902 Χίος
1600 3849 1772 3892 ortum
1797 3849 1874 3892 est
1898 3855 1964 3891 ex
1987 3836 2117 3901 υίὸς,
2137 3854 2252 3909 quae

703 3917 863 3972 suerit
885 3919 1026 3972 varia
1050 3918 1206 3972 lectio
1230 3917 1371 3970 vocis
1396 3917 1427 3969 ό
1448 3920 1579 3979 παῖς.
1607 3917 1727 3975 Vox
1751 3915 2052 3979 uibgitcrum
2075 3934 2252 3971 recur-

703 3998 776 4050 rit
803 4001 834 4067 S
857 3997 909 4060 5,
935 3996 1088 4068 cujus
1109 3996 1229 4050 loco
1247 4013 1342 4067 per
1359 3996 1618 4067 reliquum
1636 3991 1869 4048 libellum
1887 3995 1999 4057 παῖς
2016 3999 2251 4066 usurpari

699 4073 850 4130 solet.
885 4077 908 4146 ΙΙ
938 4105 1014 4118 -
1043 4075 1360 4152 Ἀπαθίππης]
1383 4072 1675 4146 ’Λγαθίππης
1711 4071 2096 4146 νοΙἈγανίπ-πης
2130 4091 2252 4144 pro-

697 4155 876 4224 posuit
939 4157 1014 4218 H,
1089 4171 1316 4225 quorum
1369 4151 1496 4206 illud
1539 4152 1732 4223 recepit
1775 4155 1845 4215 D,
1899 4151 2248 4223 probabiliter,

699 4247 1018 4302 quamquam
1047 4231 1170 4284 alibi
1209 4248 1318 4284 non
1345 4231 1560 4284 obvium
1583 4239 1692 4294 σοις
1721 4228 1812 4282 sed
1847 4228 1916 4282 cs.
1953 4225 2248 4298 Ἆριστίππη.

691 4309 869 4363 Possis
890 4310 1044 4364 ctiam
1080 4307 1354 4376 Ἀνθίππης.
1381 4307 1402 4378 ΙΙ
1426 4306 1880 4378 -καταδιωχθεὶῤ
1900 4324 1929 4359 c
1951 4303 2091 4376 conj.
2118 4307 2250 4359 Her-

693 4387 838 4442 cheri
853 4407 871 4453 3
899 4386 1233 4459 καταλειφθεὶς
1257 4386 1402 4450 cod„
1430 4385 1577 4457 quod
1603 4387 1646 4440 si
1673 4403 1796 4440 cum
1832 4383 2097 4458 prioribus
2123 4383 2247 4439 edd.

690 4466 748 4520 in
777 4465 1104 4538 καταληφθεὶς
1129 4465 1441 4520 mutandum
1458 4504 1475 4530 ,
1505 4463 1832 4519 abundarent
1857 4462 2016 4518 verba
2044 4462 2130 4515 καὶ
2161 4483 2250 4517 κα-

689 4543 938 4611 τάληπτος
980 4545 1272 4616 γενόμενος,
1299 4560 1418 4614 quae
1442 4560 1476 4597 a
1499 4541 1711 4596 librario
1750 4541 1887 4596 illata
1919 4558 2030 4595 esse
2068 4541 2249 4613 opina·

689 4620 848 4676 batur
871 4623 1336 4694 Wyttenbachius.
1372 4620 1393 4691 11
1417 4651 1490 4663 -—
1507 4621 1832 4690 κατάληπτος]
1867 4619 2010 4674 Infra
2043 4622 2072 4689 s
2107 4622 2138 4674 5
2163 4639 2250 4674 πε-

692 4701 1074 4771 ρικατάληπτος,
1100 4703 1176 4755 uti
1207 4701 1258 4763 3,
1294 4718 1342 4755 1.
1370 4705 1423 4765 4,
1452 4701 1504 4756 3.
1534 4698 1681 4754 Idem
1705 4709 1888 4753 nostro
1907 4698 2250 4770 quoqueloco

691 4779 942 4850 scriptum
989 4779 1147 4832 fuisse
1190 4797 1305 4833 esse
1351 4777 1577 4842 videtur,
1626 4789 1686 4831 ut
1725 4795 1848 4832 cum
1893 4775 2160 4830 Hercbero
2196 4787 2248 4830 et

691 4857 950 4913 Dubnero
978 4855 1310 4911 crediderim.
1340 4858 1362 4926 ΙΙ
1387 4886 1460 4898 -
1478 4855 1852 4928 μετωνομάσθη]
1870 4853 2018 4908 Idem
2041 4853 2109 4908 de
2129 4854 2184 4908 h.
2207 4853 2242 4908 l.

688 4933 854 5000 valet,
876 4935 1020 5006 quod
1045 4934 1112 4988 ad
1137 4939 1190 5000 6,
1212 4939 1244 4999 4
1273 4935 1590 4990 monuimus.
1605 4934 1700 5004 11-
1716 4931 1942 5003 οειολιος]
1965 4933 2040 4985 sic
2057 4931 2240 4996 codex,

688 5012 833 5066 unde
857 5017 906 5066 G
934 5014 1054 5067 fecit
1084 5013 1115 5065 ό
1145 5012 1375 5078 Είολιος,
1394 5010 1539 5084 quod
1565 5011 1712 5065 nihili
1739 5029 1849 5064 esse
1878 5008 2113 5075 videtum
2136 5009 2245 5073 Διὸς

2369 1247 2577 1320 rhoea]
2609 1247 2859 1322 Apollinis
2886 1262 2940 1306 et
2962 1251 3283 1326 Apathippes
3305 1255 3372 1326 (Ρ)
3398 1255 3533 1311 lilius
3548 1298 3565 1324 ,
3595 1269 3761 1313 artem
3804 1279 3912 1315 mc-

2366 1347 2633 1403 cbanicam
2656 1367 2898 1406 exercens
2920 1361 2975 1407 et
3013 1353 3181 1408 victus
3206 1355 3386 1427 inopia
3423 1374 3630 1429 pressus
3652 1359 3915 1430 profunda

2366 1455 2521 1500 nocte
2556 1447 2717 1502 Croesi
2762 1450 2896 1520 regis
2935 1449 3203 1507 thesauros
3227 1455 3433 1525 aperuit
3448 1493 3465 1518 ,
3505 1466 3557 1508 et
3582 1469 3914 1529 exportatum

2364 1541 2489 1598 inde
2512 1561 2698 1599 aurum
2724 1545 2861 1601 inter
2880 1545 3155 1602 familiares
3176 1547 3468 1616 distribuit3
3504 1553 3571 1607 ab
3594 1555 3915 1628 insequenti·

2364 1641 2463 1695 bus
2488 1652 2659 1696 autem
2702 1643 3004 1700 custodibus
3030 1646 3263 1719 undique
3302 1649 3503 1704 cinctus
3540 1670 3597 1706 se
3646 1655 3817 1726 ipsum
3847 1659 3900 1710 in

2364 1741 2581 1797 fluvium
2605 1743 2855 1815 conjecit,
2877 1746 2969 1816 qui
2996 1743 3062 1799 ab
3082 1763 3145 1800 eo
3166 1746 3555 1818 Chrysorrhoas
3573 1764 3912 1824 nuncupatus

2361 1848 2459 1894 est.
2530 1837 2724 1892 Pactoli
2754 1837 2945 1893 deinde
2982 1858 3173 1895 nomen
3214 1841 3405 1895 fluvius
3428 1843 3632 1915 accepit
3658 1845 3726 1900 ab
3752 1847 3914 1902 hocce

2360 1947 2569 1994 eventu.
2640 1937 2910 2005 Pactolus,
2944 1938 3098 1994 Jovis
3126 1939 3189 2011 (?)
3226 1950 3279 1994 et
3306 1942 3614 1996 Leucothea
3647 1942 3784 1998 lilius
3802 1984 3817 2011 ,
3852 1946 3906 2000 in

2360 2036 2578 2090 Veneris
2602 2037 2858 2109 mysteriis
2880 2036 3200 2093 Demodicen
3223 2056 3458 2094 sororem
3482 2041 3675 2095 inscius
3710 2044 3911 2100 vitiavit

2360 2146 2413 2191 et
2433 2154 2494 2191 re
2517 2148 2780 2210 comperta
2797 2155 2905 2211 pras
2923 2139 3089 2194 nimio
3108 2159 3323 2196 maerore
3342 2159 3397 2196 se
3416 2143 3469 2197 in
3496 2143 3911 2216 Chrysorrhoam

2355 2233 2572 2308 dejecit,
2599 2237 2693 2308 qui
2716 2236 2785 2291 ab
2805 2255 2871 2292 eo
2898 2236 3144 2310 deinceps
3167 2239 3408 2295 Pactolus
3432 2252 3645 2296 vocatus
3667 2253 3764 2298 cst.

2424 2375 2479 2414 α.
2514 2357 2757 2412 Nascitur
2794 2357 2851 2410 in
2883 2373 2949 2410 eo
2976 2368 3267 2412 ramentum
3302 2359 3418 2412 auri
3451 2360 3648 2426 Dat-ici,
3676 2363 3821 2434 quod
3848 2366 3902 2418 in

2355 2444 2551 2500 felicem
2580 2445 2752 2499 sinum
2784 2444 2877 2516 (ἒ)
2903 2443 3159 2499 defertur.

2424 2532 2477 2586 3.
2514 2530 2755 2584 Nascitur
2776 2529 2831 2583 in
2847 2527 3031 2584 eodem
3055 2532 3209 2584 ctiam
3228 2530 3356 2602 lapis
3374 2533 3718 2606 aruraphylax
3753 2535 3907 2607 (cus-

2350 2615 2501 2671 todia
2515 2615 2630 2671 sive
2644 2625 2860 2670 custos?
2880 2617 3339 2690 arm-mphylaaeae’)
3361 2618 3567 2686 dictus;
3590 2633 3807 2692 argento
3833 2625 3906 2677 si·

2352 2702 2490 2757 milis
2512 2713 2617 2769 ωε,
2641 2702 2906 2758 invenitur
2921 2701 3200 2758 difficulter
3216 2716 3473 2772 ramento,
3500 2707 3643 2778 quod
3663 2711 3717 2762 in
3742 2709 3905 2766 fluvio

2351 2786 2600 2852 defertur,
2626 2789 2969 2857 commixtus3
2996 2789 3101 2844 vim
3127 2807 3252 2844 vero
3275 2789 3434 2845 babet
3456 2791 3733 2863 ejusmodi.
3786 2797 3903 2851 Viri

2348 2876 2487 2928 inter
2503 2872 2677 2946 Lydos
2694 2873 2944 2944 dignitate
2969 2873 3273 2931 excellentes
3294 2893 3415 2930 eum
3440 2889 3687 2934 coemunt
3706 2891 3759 2936 et
3784 2892 3905 2937 ante

2351 2961 2713 3017 thesaurorum
2734 2961 2911 3015 limina
2938 2973 3179 3034 ponunt,
3206 2973 3260 3018 et
3282 2965 3358 3018 sic
3382 2983 3568 3020 aurum
3605 2967 3663 3022 in
3690 2968 3792 3023 illis
3816 2987 3927 3024 re·-

2349 3209 2419 3276 98
2464 3223 2479 3260 z
2523 3207 2733 3278 ἅπεφθος
2776 3208 2982 3278 χρυσὸς,
3024 3207 3251 3280 ἂκριὸὴς,
3298 3209 3584 3284 εἰλικρινὴς,
3628 3212 3891 3285 hilpung,

2350 3283 2634 3357 ἆαραιφνὴς,
2664 3286 2919 3356 Δαρεικδς,
2948 3288 3181 3358 Γυγάδας.
3213 3289 3499 3360 Alciphron
3534 3293 3646 3355 1,.5
3676 3307 3691 3346 ε
3716 3300 3898 3364 yponae

2346 3365 2576 3436 κόμματα
2610 3365 2863 3435 Δαρεικοΰ)
2878 3406 2895 3428 ,
2918 3367 3020 3418 nisi
3058 3365 3191 3419 sorte
3225 3377 3375 3438 putes
3401 3369 3583 3423 eodem
3610 3388 3765 3426 sensu
3792 3372 3891 3428 dm

2344 3440 2570 3513 Δαρείου,
2586 3443 2665 3495 uti
2688 3441 2897 3497 videtur
2920 3442 3197 3498 Dindoriio
3222 3445 3277 3497 in
3297 3446 3551 3502 Tbesaur.
3579 3466 3659 3518 gr.
3684 3467 3729 3503 s.
3751 3468 3825 3513 v.,
3846 3463 3889 3505 e!

2344 3521 2696 3592 wesselingio
2714 3519 2781 3575 ad
2803 3521 3031 3578 Diodor.
3051 3521 3153 3577 vol.
3176 3525 3225 3591 1,
3240 3541 3297 3596 p.
3313 3526 3438 3590 425,
3455 3528 3544 3590 23,
3566 3529 3658 3599 qui
3680 3529 3887 3590 eandem

2346 3598 2566 3655 formam
2591 3599 2961 3655 restituendam
2984 3612 3159 3656 censet
3184 3602 3238 3656 in
3266 3605 3431 3676 epigr.
3448 3605 3707 3662 Simonid.
3729 3610 3887 3671 Antii,

2343 3679 2452 3734 Pal.
2483 3684 2534 3743 6,
2570 3683 2687 3746 124,
2713 3679 2803 3734 ubi
2836 3696 2850 3734 :
2882 3677 2929 3744 i<
2955 3679 3129 3735 ίκατδν
3152 3680 3332 3754 λιτρῶν
3361 3683 3446 3738 καὶ
3468 3685 3774 3754 πεντήκοντα
3810 3708 3881 3745 τα.

2343 3758 2533 3813 λάντων
2556 3760 2787 3831 Δαρετίου
2812 3764 3015 3831 χρυσοῦ.
3048 3761 3344 3821 Hercberus
3370 3765 3741 3836 corrigendum
3780 3770 3889 3841 opi—

2343 3849 2497 3893 natur
2522 3855 2535 3892 ε
2563 3840 2794 3910 γεννᾶται
2820 3839 2867 3892 δ’
2894 3837 2945 3893 ἂν
2987 3838 3119 3914 αύτῷ
3159 3839 3336 3915 ψῆγμα
3360 3843 3589 3916 χρυσίου,
3628 3849 3879 3919 καταφερό,

2345 3937 2487 3990 μενον
2514 3917 2578 3982 είς
2600 3919 2685 3972 τὸν
2714 3917 2976 3990 εύδαίμονα
3000 3918 3189 3975 κόλπον
3227 3922 3430 3994 Δαρείου
3443 3961 3459 3989 ,
3485 3922 3619 3978 adeo
3644 3935 3705 3979 ut
3723 3927 3887 3999 Chry·

2342 4013 2569 4050 sermum
2630 3997 2775 4050 Darii
2832 3995 3048 4068 alicujus
3101 3998 3428 4072 temporibus
3490 3999 3601 4072 περὶ
3659 4011 3891 4075 ποταμῶν

2342 4074 2601 4146 scripsisse
2641 4075 2945 4130 Plutarchus
2990 4075 3331 4134 simulaverit.
3362 4079 3385 4148 Ι]
3414 4107 3487 4120 -
3510 4082 3894 4154 καταφερόμενος

2343 4152 2462 4207 cod.
2491 4155 2605 4224 11-
2623 4153 2884 4226 εὖδαίμονα
2910 4153 3117 4226 κόλπον]
3143 4155 3381 4210 Pactolus
3399 4158 3454 4210 in
3480 4159 3736 4212 Hermum
3759 4161 3891 4216 inci-

2343 4222 2450 4288 dit,
2478 4225 2568 4295 qui
2593 4223 2704 4295 ipse
2728 4223 2783 4276 in
2810 4224 2985 4277 sinum
3013 4225 3122 4281 exit
3137 4223 3373 4296 Ἕρμειον
3398 4227 3531 4292 (Vit.
3552 4228 3708 4285 Hom.
3732 4249 3780 4286 c.
3808 4232 3887 4305 α).

2344 4303 2414 4355 At
2438 4301 2592 4355 maris
2620 4301 2793 4355 sinum
2823 4300 2880 4355 h.
2906 4300 2943 4356 l.
2969 4300 3247 4371 significari
3281 4319 3469 4374 parum
3496 4314 3573 4358 cst
3598 4305 3885 4376 probabile.

2342 4382 2542 4448 Quare,
2568 4397 2730 4452 quum
2756 4380 2971 4452 poeticae
2992 4379 3279 4435 locutiones
3300 4399 3331 4438 a
3353 4382 3546 4438 Nostro
3578 4401 3687 4439 non
3710 4384 3889 4442 alienae

2340 4459 2469 4521 sint,
2501 4457 2685 4512 κόλπον
2710 4456 2992 4527 intelligere
3014 4455 3191 4512 malim
3215 4457 3285 4514 de
3312 4459 3442 4515 valle
3465 4460 3649 4518 Hermi
3688 4473 3739 4516 et
3775 4463 3887 4536 pla·

2339 4537 2467 4590 nitie
2499 4535 2745 4591 sardiana
2771 4533 2877 4606 (Cf.
2915 4533 3105 4607 Νεμέας
3138 4535 3347 4604 κόλπον,
3372 4537 3573 4601 κόλποις
3610 4539 3763 4603 Πίσας
3800 4560 3883 4615 ap.

2342 4613 2571 4681 Pindar„
2588 4615 2761 4686 Τροίας
2777 4613 2974 4676 κόλποις
2990 4631 3075 4686 ap.
3092 4616 3301 4688 Eurip.,
3323 4615 3536 4680 εύανθεῗς
3554 4637 3604 4674 κ.
3625 4617 3883 4689 λειμώνων

2339 4712 2423 4766 ap.
2454 4693 2718 4766 Aristoph.
2747 4695 2816 4748 V.
2849 4693 3006 4748 Thes.
3042 4709 3121 4764 gr.
3144 4711 3189 4750 s.
3216 4695 3314 4768 v.).
3340 4697 3485 4752 Fort.
3510 4697 3671 4766 igitur
3692 4698 3791 4752 luit
3818 4697 3885 4762 εἰς

2336 4773 2423 4826 τὸν
2455 4773 2725 4843 [Μαιονίας]
2754 4771 2831 4827 vel
2854 4771 2919 4835 εἰς
2943 4772 3029 4825 τὸν
3048 4770 3285 4840 [Ύδαίων
3308 4776 3367 4843 (i.
3391 4792 3437 4830 e.
3463 4775 3881 4849 sardianos-amn

2338 4851 2597 4924 εύδαίμονα
2629 4851 2962 4925 (εὖλείμοναῖ)
2988 4851 3191 4909 κόλπον.
3222 4854 3360 4908 Fieri
3388 4864 3560 4909 tamen
3588 4855 3744 4909 etiam
3786 4873 3879 4930 po-

2337 4943 2436 4988 test
2458 4942 2519 4987 ut
2540 4931 2635 5002 leg.
2667 4932 2736 4985 sit
2768 4947 2785 4986 ι
2809 4929 2859 4984 ἰν
2882 4935 2953 5002 τῷ
2984 4929 3231 5002 εύδαίμονι
3251 4932 3455 5005 κόλπῳ,
3480 4933 3627 4987 fluvii
3657 4950 3733 4986 sc.

2406 5014 2437 5080 S
2464 5013 2515 5067 3.
2540 5009 2912 5082 Ἀρουραφόλαξ]
2940 5010 3015 5064 sic
3047 5008 3231 5066 codex.
3256 5011 3523 5064 Reinesius
3548 5013 3618 5064 V.
3645 5012 3789 5068 Lect.
3821 5013 3873 5076 3,

686 5090 830 5163 conj.
872 5098 958 5154 IJ,·
987 5093 1218 5146 lortassis
1257 5091 1362 5145 hoc
1403 5107 1614 5161 quoquc
1650 5090 1765 5144 loco
1804 5100 1914 5143 erat
1956 5105 1970 5142 ε
2012 5084 2113 5151 υἱὸς
2137 5089 2245 5151 Διὸς
2340 5091 2402 5146 13
2430 5091 2581 5145 finxit
2604 5088 2904 5160 αὗροφύλαξ,
2929 5087 3052 5142 auri
3077 5099 3270 5144 custos.
3296 5087 3625 5143 probabilius
3649 5090 3876 5145 Hei-che-

678 5166 832 5241 J‘uxta
878 5172 989 5234 Διὸς
1026 5173 1156 5234 παῖς.
1188 5172 1278 5225 Sin
1307 5171 1508 5234 minus,
1551 5167 1860 5240 conjecerim
1887 5183 1902 5221 :
1929 5168 1960 5220 ό
1984 5167 2240 5240 [Μ]ῄονος.
2334 5187 2425 5223 rus
2474 5186 2489 5224 ε

686 5253 766 5302 De
788 5252 980 5305 Meone
1011 5250 1250 5322 Phrygiae
1271 5261 1323 5303 et
1345 5247 1526 5321 Lydiae
1542 5267 1661 5319 rege
1683 5267 1735 5304 v.
1763 5246 1966 5302 Diodor
2015 5247 2065 5308 3,
2092 5249 2180 5304 58.

2545 5165 2873 5240 ἄργυροφύλαξ
2886 5207 2901 5234 ,
2944 5164 3088 5239 quod
3129 5168 3323 5240 recepit
3364 5167 3663 5222 Dfibnerus.
3689 5170 3875 5240 Aptius

2334 5247 2470 5302 foret
2498 5243 2878 5319 θησαυροφύλαξ.
2904 5245 3037 5299 Mihi
3062 5243 3117 5298 in
3150 5254 3377 5300 mentem
3420 5245 3559 5300 venit
3583 5243 3767 5318 φρουρὰ
3802 5246 3875 5317 [ἢ]

755 5330 786 5397 S
810 5344 863 5384 2.
891 5329 1113 5402 Δαρείου]
1135 5325 1438 5398 Legendum
1469 5325 1677 5380 videtur
1696 5325 1926 5398 Δαρεικοῦ
1946 5325 2160 5393 (Pollux
2184 5341 2235 5394 7,
2331 5322 2501 5396 φύλαξ.
2526 5324 2642 5394 11-
2662 5321 2853 5397 ἀργύρῳ
2870 5323 3155 5396 παρόμοιος]
3180 5322 3595 5396 Pseudargyrum
3620 5321 3687 5378 ad
3708 5323 3871 5378 Tmo·
