4584 6284
1633 325 1734 385 DE
1771 324 2301 386 ,tenni-:usne
2344 326 2437 386 ΕΤ
2475 325 2899 388 ANONYMIS.

3744 327 3869 406 xltlJ

831 458 1004 517 λασσα
1029 455 1247 528 τοιαύτη
1278 457 1372 538 [p.
1405 459 1545 535 509,
1577 457 1706 534 26].
1733 454 2104 519 Distinctum
2129 463 2224 520 est
2314 463 2560 537 paratus
2577 455 3057 520 Vendelinianus
3067 455 3132 518 in
3144 474 3365 520 manus
3380 455 3546 520 venit
3560 457 3869 521 Samuelis

833 543 895 605 in
922 545 1055 606 ΧΠ
1077 542 1313 623 capita3
1336 543 1612 606 continet
1639 542 1782 606 solia
1804 545 1882 606 24
1905 544 2218 624 graecolat.

831 631 896 694 in
922 635 1008 694 4⁰.
1025 633 1158 695 Hoc
1173 630 1543 712 opusculum
1559 631 1640 693 ita
1655 629 1886 713 placuit
1898 633 1968 694 P.
1985 631 2220 710 Bertio,

833 726 902 782 ut
941 724 1170 782 conatu
1205 717 1359 780 mihi
1389 725 1752 802 extorquere
1781 720 2124 800 studuerit,
2153 726 2226 785 ut

835 806 1144 870 Breviario
1191 825 1304 870 suo
1358 806 1770 889 geographico
1818 807 2224 889 subJungeret

833 895 1088 972 ἐπιτομὴν
1134 895 1294 960 hanc
1339 894 1675 960 admodum
1717 896 2122 972 concinnam,
2159 905 2221 962 et

836 983 1084 1067 publice
1127 981 1492 1066 praelegeret
1534 981 1922 1047 auditoribus
1966 983 2116 1047 suis.
2142 1017 2222 1032 —

835 1076 893 1135 3.
921 1075 1260 1150 anonymus
1283 1071 1358 1132 de
1375 1070 1764 1132 describenda
1781 1076 1943 1133 ter-m
1961 1076 2029 1134 in
2044 1073 2220 1152 qlobo

831 1177 906 1220 ex
945 1163 1148 1222 mente
1182 1154 1520 1221 Ptolemaei.
1553 1155 1754 1219 Habui
1799 1173 1876 1218 ex
1917 1155 2092 1236 regia
2129 1155 2224 1219 hi·

831 1245 1165 1325 bliotheca,
1191 1243 1301 1308 sed
1329 1242 1875 1325 corruptissimum
1901 1249 1964 1306 et
1983 1243 2218 1327 absque

831 1341 1154 1406 schematis
1185 1339 1674 1417 mathematicis,
1707 1339 1770 1402 in
1797 1359 2067 1424 quorum
2110 1341 2223 1404 de-

827 1429 1266 1494 monstratione
1290 1436 1492 1493 totum
1511 1427 1888 1511 opusculum
1909 1429 2212 1506 consistit,

823 1537 934 1581 nec
965 1517 1225 1598 intelligi
1267 1521 1474 1600 potest
1510 1517 1746 1600 absque
1783 1516 2034 1579 illorum
2070 1535 2211 1600 ope.

818 1605 884 1668 Id
906 1623 1152 1690 quoque
1175 1623 1250 1668 ex
1276 1605 1705 1687 Altempsiana
1727 1604 2081 1680 emendavi,
2107 1605 2214 1668 ubi

818 1701 880 1757 et
905 1693 1130 1775 figuras
1152 1692 1291 1755 illas
1320 1691 1667 1774 descriptas
1689 1691 1913 1774 reperi.
1945 1693 2210 1776 Incipit:

817 1785 869 1846 T
867 1787 926 1844 οῦ
948 1788 1185 1864 τεχνικοῦ
1201 1780 1540 1860 Πτολεμαίου
1563 1778 1650 1865 [p.
1678 1781 1842 1861 48η.
1867 1783 1979 1845 Est
2001 1783 2108 1846 XII
2127 1781 2216 1848 so-

816 1871 1041 1935 liorum
1094 1889 1239 1935 cum
1285 1870 1478 1934 latina
1523 1869 1806 1933 versione
1843 1870 1906 1932 in
1945 1873 2031 1934 4⁰.
2065 1873 2214 1936 Haec

817 1959 1116 2042 opuscula
1131 1959 1432 2022 hactenus
1443 1959 1652 2021 lucem
1663 1977 1788 2022 non
1800 1957 2204 2041 adspexere.»

661 2051 754 2112 10.
811 2048 1192 2126 Viennensis,
1240 2065 1428 2128 quem
1485 2047 1834 2112 Gronovius
1875 2047 1941 2110 in
1984 2051 2208 2128 Geogr.

814 2135 1027 2219 Antiq.
1082 2136 1296 2218 (Lugd.
1343 2135 1520 2218 1697)
1581 2154 1644 2218 p.
1690 2138 1801 2199 171
1856 2134 2100 2212 laudat,
2152 2143 2216 2201 et

817 2223 1117 2289 describit
1146 2223 1460 2288 Nesselius
1483 2224 1548 2286 in
1589 2224 1880 2304 catalogo
1921 2223 2210 2288 codicum

821 2310 1174 2375 Vindobon.
1205 2312 1276 2375 P.
1315 2313 1389 2372 V.
1439 2330 1502 2394 p.
1545 2315 1662 2375 172
1697 2317 1762 2374 et
1797 2312 2107 2376 Kollarius
2147 2312 2212 2376 in

817 2401 1418 2464 Commentariorum
1464 2399 1545 2462 de
1572 2403 1828 2480 August.
1863 2401 2020 2464 Bibl.
2054 2402 2208 2465 Caes.

815 2488 1162 2552 Vindobon.
1213 2489 1631 2570 supplementi
1663 2489 1826 2552 libro
1863 2489 2070 2572 primo
2103 2509 2212 2574 po-

813 2582 1018 2640 stumo
1039 2596 1102 2658 p.
1131 2579 1250 2642 533
1290 2584 1352 2639 et
1381 2580 1519 2642 543.
1547 2578 1764 2642 Insunt
1796 2598 1811 2640 ε
1847 2581 1903 2641 1.
1936 2577 2208 2660 Dionysii

809 2663 1168 2744 Periegesis.
1229 2668 1286 2728 2.
1339 2663 1698 2728 Observatio
1747 2664 1828 2728 de
1873 2664 2206 2729 duodecim

806 2751 1004 2813 ventis
1049 2771 1065 2812 t
1111 2751 1308 2812 Ἰστίον
1349 2749 1428 2810 ὅτι
1475 2749 1662 2830 ἄνεμοί
1701 2753 1806 2811 εἰσι
1841 2753 2045 2814 δώδεκα
2081 2761 2202 2818 etc,

815 2839 940 2922 (fol.
975 2843 1096 2918 32).
1135 2873 1218 2887 —
1249 2842 1309 2902 3.
1352 2840 1728 2920 Excerptum
1773 2836 1852 2902 de
1894 2839 2204 2903 mensuris

810 2928 988 2992 Ponti
1012 2926 1233 2990 Euxini
1263 2927 1380 3010 (De
1403 2927 1506 2990 his
1534 2928 1612 2990 cs.
1647 2925 1924 3009 Dionysii
1951 2927 2206 2992 codices

806 3014 1116 3079 Parisinos
1137 3018 1296 3080 2708
1318 3021 1383 3078 et
1407 3015 1480 3077 N.
1515 3017 1594 3078 83
1618 3015 2098 3098 Supplementi).
2126 3049 2207 3064 —

805 3106 866 3164 4.
891 3103 1040 3166 Julii
1079 3101 1413 3166 Alexandri
1452 3101 1837 3166 Introductio
1882 3104 2204 3186 synoptica

807 3190 872 3253 in
894 3191 1304 3271 Astrologiam
1327 3190 1901 3271 apotelesmaticam
1935 3190 2064 3274 (fol.
2097 3195 2206 3256 33-

812 3278 971 3358 103).
990 3281 1148 3341 -5,
1179 3274 1456 3357 AEschyli
1500 3277 1910 3341 Prometheus
1961 3276 2204 3341 vinctus

813 3364 937 3447 (fol.
980 3366 1283 3446 104-177).
1303 3397 1384 3411 -
1400 3368 1461 3428 6.
1506 3363 1906 3446 Agathemeri
1947 3365 2206 3449 hypoty-

809 3452 977 3536 posis
1007 3459 1070 3517 et
1099 3451 1412 3536 sequentis
1451 3453 1743 3537 anonymi
1783 3455 2201 3537 fragmentum

809 3561 1008 3625 usque
1051 3543 1128 3606 ad
1173 3541 1357 3606 verba
1393 3561 1410 3604 ε
1453 3544 1679 3603 σταδίων
1721 3544 1777 3603 δὲ
1827 3543 2096 3624 μυριάδων
2137 3542 2202 3618 δ’,

807 3634 956 3712 ὡρῶν
993 3630 1049 3690 81
1077 3629 1148 3694 δ’.
1182 3629 1276 3703 Μὴ
1306 3629 1441 3690 κατὰ
1467 3631 1677 3710 πλαγῆς
1708 3633 1792 3712 [p.
1818 3635 1958 3706 489,
1995 3634 2072 3696 16
2094 3629 2196 3694 ed.

810 3717 1049 3794 nostr.].

653 3805 752 3865 11.
796 3805 1164 3865 δαυιὶἰίαπω
1191 3803 1440 3886 quidam
1467 3805 1665 3868 codex
1688 3804 1912 3868 citatur
1933 3805 2013 3868 ab
2031 3808 2202 3870 Hud-

812 3907 972 3990 sono
987 3889 1050 3952 in
1077 3892 1298 3971 Geogr.
1327 3891 1474 3955 Min.
1509 3897 1659 3956 tom.
1686 3895 1748 3967 2,
1775 3912 1838 3975 p.
1875 3898 1908 3956 1
1951 3900 2016 3956 et
2035 3898 2112 3958 12
2141 3900 2204 3959 et

811 3995 1064 4058 passim.

727 4064 836 4126 His
887 4064 1064 4128 libris
1113 4064 1328 4129 nescio
1365 4085 1444 4130 an
1473 4066 1797 4131 addendus
1833 4067 1913 4132 sit
1940 4068 1992 4132 is
2015 4087 2203 4152 quem

805 4151 1060 4214 Vossius
1084 4151 1149 4214 in
1183 4159 1394 4216 annot.
1419 4152 1500 4216 ad
1539 4154 1952 4236 Pomponium
1979 4157 2202 4220 Melam

811 4244 868 4319 1,
901 4245 978 4305 19
1009 4241 1222 4304 laudat
1252 4239 1412 4324 (Vid.
1440 4249 1570 4307 not.
1599 4243 1677 4305 ad
1724 4248 2028 4328 Anonym.
2061 4245 2098 4327 ἓ
2124 4250 2194 4310 31

723 4417 924 4481 Edere
957 4419 1095 4482 hoec
1127 4419 1542 4502 geographica
1580 4419 1776 4483 voluit
1812 4420 2200 4487 Godofredus

643 4505 1058 4583 Vendelinus‚
1091 4506 1208 4570 sed
1237 4515 1570 4591 antequam
1612 4508 1828 4573 ederet
1857 4509 2034 4573 obiit.
2077 4507 2200 4593 Ap-

2310 543 2589 608 'l'ennulii
2608 590 2627 623 ,
2662 541 2772 627 qui
2810 543 3031 624 graecis
3090 543 3435 607 versionem
3498 543 3760 608 latinam·
3806 554 3872 612 et

2310 639 2769 703 annotationem
2793 638 3027 701 nullius
3050 637 3237 720 pretii
3267 637 3510 702 addidit
3528 657 3727 721 eaque
3754 640 3872 706 im·

2312 727 2639 810 primenda
2683 727 2919 790 curavit
2964 727 3410 790 Amstelodami
3452 729 3629 803 1671,
3664 733 3721 792 8.
3756 730 3873 792 Ce-

2309 822 2537 892 terum,
2583 821 2903 896 praeeunte
2961 813 3338 889 Vendelino,
3388 815 3730 878 Tennulius
3784 815 3872 882 ita

2310 922 2444 967 rem
2472 903 2789 967 adornavit
2815 907 2883 965 ut
2908 900 3028 966 tria
3055 908 3267 965 nostra
3312 902 3645 984 opuscula,
3672 922 3865 986 quum

2311 991 2590 1072 eiusdem
2632 989 2933 1066 auctoris,
2989 989 3384 1071 Agathemeri
3426 989 3697 1066 scilicet,
3733 1009 3870 1056 esse

2309 1084 2586 1161 putaret,
2618 1077 2685 1141 in
2714 1095 2911 1142 unum
2938 1095 3167 1160 corpus
3200 1079 3643 1158 conjungeret,
3677 1078 3869 1163 idque

2309 1165 2373 1229 in
2423 1166 2582 1230 duos
2634 1165 2827 1230 libros
2890 1163 3303 1248 dispesceret,
3351 1184 3623 1249 quorum
3672 1166 3870 1248 priori

2307 1255 2548 1336 priores
2564 1255 2721 1318 duos
2740 1254 2987 1318 libellos
3003 1299 3022 1334 ,
3047 1253 3223 1317 alteri
3246 1253 3499 1316 tertium
3526 1255 3871 1338 assignaret

2312 1343 2405 1427 (V.
2446 1352 2577 1406 not.
2628 1363 2689 1426 p.
2734 1341 2900 1423 171).
2943 1344 3073 1405 Hac
3115 1341 3179 1404 in
3218 1341 3627 1424 dispositione
3670 1361 3870 1424 quan-

2305 1430 2533 1495 tumvis
2548 1431 2755 1512 inepta
2768 1429 3143 1512 posteriores
3153 1428 3423 1493 editores
3442 1429 3747 1494 bonafide
3769 1450 3870 1496 ac-

2306 1518 2692 1601 quieverunt,
2712 1516 2981 1582 Jacobus
3000 1516 3341 1582 Gronovius
3364 1515 3449 1600 (in
3490 1518 3871 1600 Geographi-

2304 1606 2397 1670 cis
2416 1605 2709 1688 antiquis,
2722 1605 2920 1687 Lugd.
2950 1603 3151 1687 1677),
3174 1601 3509 1678 Hudsonus
3534 1603 3618 1686 (in
3638 1608 3863 1686 Geogr.

2302 1695 2451 1757 Min.
2475 1700 2627 1758 tom.
2654 1697 2715 1770 2,
2742 1712 2844 1757 an.
2870 1693 3045 1775 1697)
3096 1699 3161 1756 et
3187 1693 3249 1755 S.
3268 1693 3336 1754 F.
3358 1693 3429 1756 G.
3456 1691 3867 1757 Hoffmannus

2306 1782 2491 1867 (Lips.
2536 1783 2739 1865 1842),
2794 1799 3172 1866 quamquam
3228 1777 3333 1844 hic
3380 1778 3445 1844 in
3500 1779 3863 1864 praesatione

2302 1873 2548 1937 libellos
2576 1873 2717 1936 illos
2743 1891 2871 1936 non
2893 1872 2974 1935 ab
3006 1871 3231 1935 eodem
3271 1875 3523 1934 auctore
3554 1873 3867 1952 profectos

2302 1981 2435 2024 esse
2458 1960 2717 2024 monuit.
2742 1962 2811 2023 In
2833 1959 3235 2022 Hudsoniana
3256 1957 3534 2022 editione
3557 1959 3861 2039 prolixam

2302 2048 2603 2113 nodweui
2631 2047 2825 2111 habes
2856 2047 2935 2108 de
2964 2053 3147 2110 aetate
3191 2045 3595 2126 Agathemeri
3634 2046 3865 2111 disser-

2301 2137 2631 2215 tationem,
2682 2153 2823 2217 quae
2875 2151 3069 2216 quum
3126 2148 3433 2213 perversa
3481 2131 3560 2195 de
3614 2133 3865 2216 scriptis

2300 2223 2693 2306 Agathemeri
2735 2221 3057 2286 sententias
3099 2225 3522 2302 superstructa
3552 2219 3633 2285 sit
3665 2242 3702 2285 a
3726 2221 3859 2286 viro

2299 2313 2406 2396 qui
2436 2312 2593 2375 nihil
2628 2328 2903 2394 unquam
2934 2308 3209 2391 tetigisse
3230 2307 3502 2386 videtur,
3526 2308 3698 2392 quod
3732 2328 3859 2374 non

2301 2399 2679 2482 corruperit,
2728 2397 2977 2461 silentio
3027 2395 3208 2460 nobis
3254 2413 3371 2480 pro
3422 2413 3600 2460 more
3646 2402 3859 2460 nostro

2298 2487 2640 2571 premenda
2666 2493 2799 2550 erat
2820 2489 2918 2565 (1).

2374 2651 2657 2716 Editores
2677 2666 3058 2734 quamquam
3080 2646 3317 2730 passim
3342 2644 3631 2729 quaedam
3652 2663 3863 2710 emen·

2298 2740 2556 2821 darunt,
2587 2739 2651 2802 in
2680 2737 2969 2821 plurimis
3004 2744 3217 2800 tamen
3256 2743 3495 2800 textum
3542 2753 3816 2816 graecum
3837 2782 3855 2811 ‚

2296 2846 2484 2912 quem
2527 2827 2690 2891 male
2738 2824 3206 2906 intelligebant,
3236 2823 3427 2888 talem
3468 2823 3863 2906 reliquerunt

2295 2919 2545 3001 qualem
2591 2916 2932 2980 Tennulius
2976 2915 3238 2978 dederat
3297 2913 3471 2979 omni
3534 2919 3863 2994 corrupte-

2296 3007 2495 3070 larum
2540 3025 2767 3086 genere
2817 3003 3229 3087 squalentem.
3261 3004 3541 3076 Quorum
3562 3001 3855 3065 vitiorum

2295 3094 2524 3158 bonam
2564 3099 2805 3176 partem
2846 3092 3139 3157 codicum
3177 3098 3536 3155 nostrorum
3568 3109 3723 3172 ope,
3750 3091 3860 3173 qui

2294 3182 2410 3246 etsi
2438 3201 2515 3246 ex
2538 3201 2665 3246 uno
2690 3181 3027 3262 archetypo
3056 3196 3279 3260 parum
3302 3176 3637 3240 emendato
3663 3175 3861 3240 fluxe-

2294 3275 2463 3346 runt,
2496 3289 2623 3334 non
2654 3268 2938 3350 ejusdem
2972 3273 3183 3331 tamen
3210 3283 3433 3330 omnes
3461 3263 3647 3345 pretii
3676 3272 3853 3341 sunt,

2291 3359 2605 3442 corrigere
2634 3358 2847 3431 licuit;
2878 3355 3001 3419 alia
3026 3371 3174 3418 vero
3203 3353 3477 3436 plurima
3520 3369 3641 3429 ope
3671 3351 3857 3414 Plinii

2291 3453 2355 3511 et
2399 3447 2721 3512 Ptolemaei
2750 3453 2815 3510 et
2841 3443 3163 3508 Strabonis
3215 3448 3403 3523 atque
3461 3437 3856 3519 diligentiore

2292 3554 2503 3600 rerum
2531 3534 3089 3618 geographicarum
3133 3527 3637 3595 consideratione
3666 3525 3731 3589 in
3758 3526 3856 3589 in-

2289 3631 2535 3706 tegrum
2560 3621 2803 3688 restitui
2830 3624 3183 3705 potuerunt.
3209 3616 3319 3682 His
3336 3614 3583 3680 auxiliis
3600 3631 3716 3677 nos
3738 3631 3855 3696 pro

2289 3713 2451 3777 virili
2474 3713 2572 3776 usi
2600 3730 2815 3776 sumus
2834 3757 2852 3791 ,
2884 3708 3042 3773 adeo
3070 3715 3141 3771 ut
3168 3705 3365 3769 libelli
3394 3703 3495 3768 isti
3536 3720 3693 3766 nova
3724 3702 3855 3764 fere

2291 3803 2447 3865 facie
2477 3800 2676 3865 induti
2706 3817 2871 3863 nunc
2897 3795 3219 3879 prodeant.

2356 4030 2425 4094 (ι)
2454 4048 2479 4074 α
2502 4029 2630 4080 Satis
2642 4028 2745 4092 lam
2762 4027 3001 4078 librorum
3027 4023 3200 4074 vilium
3218 4023 3271 4072 et
3286 4033 3527 4086 nugarum
3542 4017 3851 4068 indoctarum

2291 4092 3261 4160 ati-ibushdeseculisadantiquitatem
3287 4087 3653 4142 illuminandam
3678 4085 3855 4138 redun-

2292 4171 2447 4234 davit,
2474 4169 2657 4236 quibus
2675 4165 2857 4233 siquid
2878 4165 3034 4232 [rugis
3046 4164 3191 4226 inest,
3212 4161 3267 4213 id
3284 4161 3429 4212 decet
3444 4159 3649 4211 solerter
3662 4156 3856 4221 indaga-

2291 4246 2403 4294 tum
2428 4241 2605 4292 usibus
2634 4237 2965 4290 docti-inarum
2996 4230 3385 4292 accommodam
3408 4230 3486 4282 sin
3518 4229 3701 4290 minus,
3735 4225 3854 4278 obli·

2294 4312 2436 4363 vione
2454 4313 2690 4377 perpetua
2700 4306 2899 4360 tandem
2930 4303 3189 4372 aliqnando
3205 4302 3307 4354 vim
3330 4302 3463 4354 illam
3488 4297 3853 4378 impedimento:

2291 4395 2405 4433 rum
2427 4381 2697 4432 obi-nemus
2714 4419 2729 4442 ,
2762 4393 2865 4444 quo
2891 4377 3043 4429 sactis
3080 4375 3161 4427 his
3194 4373 3399 4438 expiatis
3429 4370 3659 4452 firmitate
3700 4379 3852 4448 anum

2290 4465 2392 4518 qua
2402 4465 2531 4517 opus
2558 4453 2652 4512 est,
2680 4454 2732 4502 ct
2756 4447 2999 4500 hilaritate
3030 4445 3221 4497 muneri
3256 4441 3543 4510 gravissimo
3559 4442 3680 4492 satis
3700 4437 3852 4487 sma-

2292 4538 2419 4575 mus.
2443 4544 2466 4568 2·
2496 4524 2853 4572 Bannxnnrus
2882 4519 3075 4570 Praelht.
3094 4513 3365 4576 inDionys.
3382 4525 3431 4574 p.
3460 4513 3580 4562 xlx.

1965 4785 2535 4820 -ψ-
