4584 6284
1335 336 1905 400 PROLEGOMENA
1949 337 2048 398 DE
2090 335 2367 398 ‘tonus
2409 336 2635 398 omns
2684 337 3251 402 DEscnwrioNE.

3772 340 3879 404 xlv

703 470 1001 534 suadente
1043 469 1112 532 id
1151 474 1496 550 optaverat,
1525 467 2070 532 reverendissimus
2109 483 2246 530 mo-
2334 485 2477 530 cum
2498 473 2825 542 tractatum
2841 467 2928 530 ibi
2957 466 3161 532 inesse
3181 467 3459 532 nescivit.
3482 472 3612 551 Ego
3630 489 3773 534 vero
3796 471 3875 534 de

705 558 955 622 nasterii
987 557 1228 632 Abbas,
1263 575 1409 618 cum
1455 559 1576 620 RR.
1607 555 2052 619 monachorum
2093 573 2243 617 con·
2329 554 2450 618 hoc
2500 555 2833 638 opusculo,
2865 560 2935 618 ut
2962 554 3123 633 dixi,
3156 555 3461 620 meditans
3502 557 3779 640 comperi
3810 558 3875 622 id

704 645 844 708 silio
912 648 1200 708 accurate
1264 642 1490 706 contici
1537 649 1720 724 atque
1765 641 1843 704 ad
1892 641 2242 706 vaticanam

703 731 1152 795 bibliothecam
1172 729 1332 792 mitti
1347 731 1595 794 curavit.
1613 732 1721 792 Est
1738 735 1944 793 autem
1960 727 2242 811 praeclari

704 815 1047 900 apographi
1097 822 1313 879 auctor
1356 815 1900 880 reverendissimus
1957 815 2246 878 dominus

703 908 776 970 P.
807 905 1106 986 Egnatius
1150 903 1432 983 Rubeus,
1463 904 1744 968 Cavensis
1785 903 1980 968 archii
2016 921 2246 986 praeses

705 1003 772 1058 et
793 991 1176 1076 apostolicus
1205 991 1688 1075 protonotarius,
1715 991 1894 1072 cujus
1933 993 2242 1067 laborem,

709 1081 1130 1156 sedulitatem,
1215 1078 1566 1143 diuturnam
1642 1080 2002 1160 patientiam
2086 1079 2249 1160 peri-

711 1169 986 1252 tiamque
1035 1185 1340 1232 summam
1386 1166 1679 1230 admirari
1726 1183 1912 1231 nemo
1957 1165 2102 1230 satis
2145 1185 2248 1248 po·

711 1255 886 1326 terit:
911 1253 1125 1318 merita
1148 1270 1295 1318 vero
1334 1254 1469 1334 ejus
1515 1273 1661 1335 erga
1686 1253 2042 1318 vaticanam
2089 1254 2253 1317 Pon·

711 1344 897 1408 tificis
918 1341 1162 1407 maximi
1194 1341 1636 1406 bibliothecam
1657 1341 2090 1404 immortaliter
2113 1359 2251 1404 ma·-

711 1450 860 1496 nere
901 1449 1150 1494 necesse
1189 1434 1300 1493 est.
1331 1431 1560 1493 lterum
1589 1447 1706 1510 ego
1733 1429 2052 1511 superiore
2089 1447 2250 1492 anno

711 1522 1114 1586 Mncccxxx
1183 1519 1262 1583 ad
1329 1521 1595 1582 Cavense
1651 1516 2098 1582 monasterium
2160 1535 2254 1579 re-

712 1629 920 1673 versus
937 1655 955 1682 ,
1011 1615 1082 1671 ut
1131 1606 1348 1670 biblici
1407 1605 1746 1689 apographi
1799 1604 2250 1670 confectionem

709 1717 850 1782 qum
882 1700 1010 1778 jam
1045 1695 1124 1759 ad
1155 1695 1385 1759 exitum
1431 1694 1722 1776 vergebat
1755 1693 2128 1776 inspicerem
2147 1737 2164 1772 ,
2191 1691 2252 1754 vi

709 1785 934 1870 pluviae
963 1783 1230 1846 maxima
1257 1781 1494 1846 ibidem
1539 1782 1741 1846 solida
1786 1780 1890 1846 die
1919 1780 2252 1844 subsistere

709 1882 960 1940 coactus
1003 1890 1142 1934 sum
1175 1891 1191 1934 ε
1221 1877 1406 1952 atque
1445 1871 1694 1935 interim
1738 1889 1821 1934 ne
1852 1869 1918 1934 in
1957 1876 2086 1934 tam
2127 1871 2254 1932 iru-

711 1969 924 2028 ctuoso
968 1960 1109 2023 loco
1165 1977 1476 2024 cessarem
1490 2005 1507 2035 ,
1551 1959 1792 2040 inspexi
1847 1977 1977 2040 prae
2028 1957 2250 2022 ceteris

713 2049 994 2114 codicem
1074 2046 1410 2129 quemdam
1427 2092 1446 2122 ,
1515 2047 1738 2111 litteris
1800 2044 2254 2127 longobardici-s

713 2137 898 2222 paulo
935 2140 1077 2219 post
1112 2151 1256 2200 soec.
1283 2135 1339 2198 X
1366 2141 1682 2198 exaratum
1697 2181 1714 2209 ,
1747 2135 1856 2217 qui
1903 2134 2256 2198 inscribitur

712 2225 884 2288 Beda
948 2225 1025 2287 de
1097 2223 1482 2303 temporibus,
1545 2221 1941 2304 continetque
2007 2222 2258 2304 insuper

715 2312 1020 2394 prolixam
1066 2309 1293 2372 seriem
1339 2309 1840 2372 testimoniorum
1883 2327 1961 2371 ex
2004 2307 2257 2372 diversis

718 2396 1000 2480 patribus
1031 2394 1260 2478 partim
1302 2393 1564 2460 fortasse
1591 2394 2002 2472 ineditorum3
2037 2394 2102 2458 in
2127 2394 2259 2474 ejus

717 2493 928 2549 autem
963 2483 1136 2548 calce
1177 2489 1510 2547 tractatum
1535 2480 1872 2568 quemdam
1903 2482 2264 2564 geographi·

716 2591 862 2637 cum
903 2570 1338 2645 observabam,
1371 2570 1550 2650 cujus
1591 2577 1688 2635 est
1723 2569 1940 2634 titulus
1987 2589 2004 2634 ε
2047 2571 2262 2634 Inmrr

715 2675 884 2723 mn
927 2660 1198 2722 Jumoms
1233 2673 1604 2733 rimosorm,
1635 2674 1700 2720 m
1745 2673 1858 2727 ouo
1903 2673 2264 2720 comm-ma

713 2764 916 2812 ‘roa-ins
967 2763 1134 2810 onus
1193 2761 1547 2808 πωπω.
1595 2747 1789 2809 Porro
1847 2743 1912 2809 id
1965 2743 2262 2827 scriptum

713 2836 860 2919 quia
907 2833 1092 2898 bonas
1153 2831 1348 2914 frugis
1397 2831 1659 2895 minime
1712 2849 1936 2913 expers
1992 2831 2262 2914 satisque

715 2922 1040 3006 antiquum
1067 2926 1131 2984 et
1157 2936 1416 2984 romano
1445 2919 1648 2982 adhuc
1677 2925 1876 2983 stante
1903 2918 2070 3001 apud
2097 2919 2264 2982 occi-

717 3010 994 3074 dentales
1031 3006 1298 3090 imperio
1323 3007 1740 3088 compositum
1766 3006 2084 3084 videbam,
2117 3025 2265 3089 pro-

715 3096 882 3161 tinus
913 3095 992 3159 ad
1013 3094 1492 3158 exscribendum
1522 3094 1808 3168 incubui,
1829 3103 1957 3159 tam
1981 3095 2261 3176 impense

718 3184 872 3247 mihi
914 3184 1146 3246 favente
1161 3225 1180 3257 ,
1213 3199 1402 3263 quem
1443 3183 1576 3260 jam
1618 3181 1873 3246 honoris
1915 3199 2104 3244 causa
2153 3199 2264 3264 ap-

721 3269 974 3352 pellavi,
1005 3268 1202 3332 archii
1227 3265 1522 3350 praeside,
1544 3275 1612 3332 ut
1641 3267 1926 3332 codicem
1956 3266 2036 3332 ad
2056 3268 2262 3351 hospi-

723 3359 845 3424 tale
879 3375 1090 3422 meum
1123 3355 1479 3421 cubiculum
1512 3354 1876 3421 festinandis
1913 3355 2262 3439 scriptionis

721 3464 908 3512 causa
933 3444 1160 3509 deferri
1199 3443 1462 3509 voluerit
1491 3465 1510 3516 ς
1537 3446 1706 3528 quod
1734 3462 1852 3527 ego
1889 3443 2260 3509 beneficium

719 3533 890 3598 haud
916 3531 1207 3615 equidem
1225 3531 1484 3595 minoris
1503 3532 1624 3596 feci
1649 3549 1838 3615 quam
1863 3531 2062 3596 hilare
2085 3551 2264 3614 pran-

725 3621 897 3685 dium
942 3637 1308 3700 coenamque
1352 3624 1416 3682 et
1443 3618 1682 3702 reliqua
1719 3619 2026 3684 comitatis
2062 3619 2264 3684 officia

728 3707 804 3771 ah
851 3705 974 3769 illis
1018 3707 1141 3769 RR.
1189 3705 1512 3768 monachis
1557 3705 1714 3768 mihi
1775 3715 1924 3770 tunc
1985 3707 2262 3770 certatim

731 3793 1022 3856 exhibita.

816 3903 849 3941 α
871 3881 1012 3944 Jam
1037 3895 1184 3942 vero
1224 3878 1304 3941 de
1346 3877 1472 3942 hoc
1514 3879 1927 3963 geographico
1967 3881 2265 3963 opusculo

727 3985 926 4049 quum
955 3971 1176 4046 postea
1199 3967 1414 4029 Romae
1440 3965 1776 4030 meditarer
1794 4011 1811 4045 ,
1839 3965 2098 4048 cognovi
2130 3968 2191 4030 id
2232 3987 2269 4032 a

723 4051 1086 4118 Mahillonio
1110 4051 1264 4116 olim
1289 4051 1350 4114 in
1379 4053 1632 4116 cavensi
1651 4053 2030 4118 bibliotheca
2043 4055 2264 4131 visum,

725 4139 836 4204 sed
855 4139 1042 4203 unico
1056 4138 1248 4204 verbo
1270 4140 1653 4220 appellatum
1672 4159 1776 4224 op.
1799 4141 1904 4206 cit.
1927 4162 1988 4225 p.
2015 4145 2128 4208 118
2147 4142 2264 4206 sic:

727 4229 802 4291 In
823 4227 1172 4290 bibliotheca
1196 4228 1453 4290 cavensi
1481 4233 1668 4308 pauci
1683 4238 1998 4310 supersunt
2016 4233 2264 4308 codices,

725 4316 1000 4378 Hilarius
1025 4313 1100 4376 de
1125 4318 1393 4377 trinitate
1413 4321 1472 4377 ei
1490 4316 1569 4378 dc
1581 4317 1848 4396 synodis,
1866 4317 2016 4380 liber
2034 4316 2109 4379 de
2133 4337 2269 4397 yco-

719 4403 987 4482 qraphia
1019 4406 1254 4480 antiqui
1293 4405 1579 4480 auctoris,
1613 4407 1752 4465 vita
1781 4409 2024 4484 patrum
2052 4405 2270 4468 Caven-

727 4494 884 4553 sium
911 4495 1028 4552 etc.
1073 4489 1284 4571 Neque
1325 4489 1502 4570 plura
1543 4489 1630 4552 ait
1672 4492 1954 4554 Rozanus
1997 4510 2102 4573 op.
2163 4493 2264 4556 cit.

729 4596 794 4658 p.
822 4579 938 4640 100
961 4595 977 4638 z
1015 4577 1146 4638 «Le
1166 4575 1314 4638 livre
1346 4575 1426 4638 de
1448 4574 1612 4639 Beda
1633 4577 1706 4638 de
1727 4579 2116 4658 temporibus,
2139 4579 2248 4642 des

734 4663 980 4727 exta-aits
999 4663 1078 4726 de
1097 4663 1256 4726 celui
1280 4665 1354 4726 de
1373 4665 1746 4744 etymoloqiis
1766 4662 1846 4728 de
1864 4667 1926 4728 S.
1939 4665 2174 4730 Isidore
2194 4665 2271 4730 de

705 4793 713 4800 -
733 4751 952 4817 fleville
960 4796 978 4829 ,
991 4758 1052 4814 et
1066 4750 1143 4814 de
1158 4751 1461 4833 plusieurs
1483 4757 1687 4815 autres
1702 4770 2001 4833 ouvrages
2021 4771 2162 4817 com
2166 4773 2272 4836 po-

734 4847 874 4903 sant
886 4856 958 4902 ce
971 4837 1221 4914 recueil,
1241 4857 1361 4920 que
1373 4839 1633 4904 termine
1649 4843 1914 4904 Iunior-is
1932 4842 2270 4922 philosophi

731 4933 919 4991 totius
933 4929 1091 4990 orbis
1108 4927 1438 5007 descriptio.
1465 4949 1496 4987 n
1513 4927 1792 5011 Denique
1811 4928 2184 4992 Muratorius
2202 4929 2264 4990 S.

729 5017 802 5078 R.
824 5015 870 5078 1.
897 5021 1050 5078 tom.
1072 5015 1196 5088 vn,
1217 5033 1280 5096 p.
1301 5016 1418 5078 915
1445 5033 1522 5078 ex
1547 5014 1768 5080 eodem
1791 5015 2009 5080 codice
2031 5016 2273 5079 chroni-

721 5120 848 5165 con
867 5103 1132 5166 Gavense
1161 5100 1514 5182 divulgavit,
1547 5101 1656 5166 sed
1679 5111 1884 5168 tamen
1909 5103 2271 5186 geographi·
2357 5119 2471 5186 egit.

2332 641 2411 705 ab
2452 643 2686 706 Jacobo
2728 641 3103 706 Gotboi'redo
3132 662 3293 706 anno
3336 645 3733 708 Mncxxvm
3760 647 3879 709 Ge-

2332 745 2500 791 nevae
2553 727 2779 809 partim
2842 726 3081 792 editum
3140 747 3341 809 graece
3388 735 3451 792 et
3496 730 3711 806 latine;
3766 727 3877 795 sed

2332 815 2535 896 primo
2604 815 3006 897 acephalum,
3055 815 3205 898 quia
3254 816 3469 880 deerat
3532 817 3592 880 ei
3662 817 3877 884 titulus

2334 905 2537 986 operis
2563 911 2628 968 et
2643 903 2911 968 auctoris
2926 951 2943 979 ,
2966 922 3233 986 parsque
3252 905 3436 969 etiam
3456 905 3651 986 ipsius
3670 907 3878 988 operis

2334 1011 2531 1075 usque
2551 993 2629 1056 ad
2661 991 2869 1056 locum
2892 991 3001 1075 qui
3024 1010 3063 1054 a
3080 989 3260 1055 nobis
3287 991 3445 1054 intra
3468 991 3872 1068 indicabitur;

2336 1080 2559 1144 deinde
2588 1081 2813 1144 latinus
2842 1085 3043 1143 textus
3071 1097 3327 1160 prorsus
3355 1096 3392 1141 a
3417 1085 3629 1144 nostro
3666 1079 3882 1144 iauda-

2335 1167 2447 1231 biii
2476 1169 2751 1232 diversus
2777 1167 2942 1250 apud
2968 1164 3415 1232 Gothosredum
3436 1172 3557 1241 est,
3580 1165 3877 1231 barbarus

2338 1257 2600 1336 scilicet,
2620 1255 2961 1339 pessimus,
2991 1253 3309 1330 deformis,
3335 1253 3604 1334 ineptus,
3631 1253 3882 1318 inextri-

2336 1343 2582 1419 cabilis,
2618 1343 2699 1408 ab
2744 1341 2997 1406 homine
3028 1359 3255 1422 nempe
3285 1339 3599 1422 profectus
3638 1338 3777 1423 qui,
3808 1347 3883 1404 ut

2338 1433 2425 1497 ait
2472 1431 2913 1507 Gothori-edus,
2946 1447 3149 1512 neque
3196 1446 3396 1508 graece
3448 1445 3650 1510 neque
3690 1428 3879 1492 latine

2339 1521 2591 1584 sciehat.
2624 1519 2917 1584 Codicem
2950 1516 3401 1599 corruptissimi
3428 1517 3638 1598 operis
3662 1514 3882 1580 habuit

2339 1609 2491 1672 olim
2516 1608 2581 1671 in
2606 1606 2799 1672 Gallia
2822 1609 2891 1670 F.
2921 1609 3206 1685 Juretus,
3238 1605 3417 1686 cujus
3448 1603 3877 1684 apographum

2340 1695 2419 1760 ad
2455 1695 2824 1760 salmasium
2850 1691 3117 1769 transiit,
3151 1691 3263 1774 qui
3292 1693 3426 1772 ejus
3464 1689 3565 1753 bis
3598 1691 3883 1754 meminit

2338 1784 2403 1847 in
2422 1785 2583 1847 notis
2608 1783 2689 1846 ad
2702 1781 2983 1846 Solinum
2996 1799 3059 1862 p.
3084 1782 3203 1844 986
3225 1787 3291 1843 et
3309 1781 3486 1843 1299.
3508 1781 3557 1840 A
3580 1777 3881 1842 Salmasio

2340 1871 2578 1954 accepit
2618 1868 3029 1935 Gothosredus
3078 1866 3299 1944 editor,
3332 1865 3443 1950 qui
3492 1864 3571 1928 de
3612 1867 3881 1930 auctoris

2342 1957 2593 2022 nomine
2636 1956 2859 2021 frustra
2902 1953 3285 2037 disquisivit3
3322 1971 3487 2017 nunc
3531 1960 3739 2016 autem
3779 1957 3882 2018 Ju-

2340 2063 2561 2110 mom
2584 2061 2987 2109 rnuosoruuu
3012 2042 3322 2125 appellare
3350 2047 3549 2105 semet
3573 2041 3777 2123 ipsum
3799 2041 3885 2104 vi-

2344 2132 2563 2198 demus
2581 2177 2599 2212 ,
2620 2131 2770 2216 quia
2800 2131 3095 2194 nimirum
3116 2128 3373 2213 respicit
3396 2129 3475 2192 ad
3504 2128 3884 2212 antiquiores

2344 2241 2379 2284 a
2402 2239 2468 2284 se
2490 2219 2835 2284 nominatos
2862 2216 3266 2301 philosophos
3284 2219 3585 2281 Berosum
3608 2223 3671 2280 et
3697 2218 3885 2298 Apol-

2345 2308 2601 2371 lonium.
2634 2308 2921 2370 Ceterum
2963 2311 3133 2369 recte
3177 2304 3614 2369 demonstravit
3656 2305 3883 2369 Gotho-

2346 2395 2555 2459 fredus
2574 2395 2797 2458 vixisse
2822 2393 2991 2456 hunc
3014 2399 3329 2456 auctorem
3362 2391 3477 2454 sub
3512 2391 3884 2473 imperatore

2348 2485 2698 2548 Constantio
2746 2481 3123 2548 Constantini
3162 2478 3365 2560 Magni
3411 2478 3573 2553 filio,
3605 2477 3668 2540 id
3711 2478 3887 2561 quod

2347 2593 2462 2638 nos
2486 2589 2734 2656 quoque
2762 2570 2887 2634 suis
2916 2573 3055 2650 apte
3081 2567 3237 2632 locis
3264 2567 3467 2650 palam
3495 2565 3815 2628 faciemus.
3846 2587 3876 2623 »ι

2348 2665 2496 2727 Haec
2529 2662 2744 2724 Mnus.

2428 2750 2703 2813 Alterum
2726 2747 2780 2827 ej
2789 2744 3007 2809 usdem
3026 2741 3547 2826 interpretationis
3570 2739 3887 2820 exemplar

2348 2835 2726 2900 bibliotheca
2769 2831 3129 2896 Parisiensis
3166 2830 3355 2893 habet
3389 2829 3453 2891 in
3489 2827 3707 2891 codice
3731 2829 3891 2890 7418

2354 2924 2481 3007 (sol.
2512 2927 2630 2986 264
2650 2921 2839 3005 sqq),
2861 2919 2969 3003 qui
2990 2917 3239 2982 Cavensi
3263 2917 3424 2980 libro
3443 2921 3537 2978 est
3566 2914 3883 2996 integrior,

2348 3011 2505 3074 adeo
2532 3017 2602 3074 ut
2628 3008 2906 3082 lacunas,
2934 3004 3161 3088 quibus
3189 3005 3295 3066 ille
3343 3001 3573 3084 passim
3618 3000 3886 3074 laborat,

2350 3097 2639 3180 supplere
2694 3095 2841 3158 hinc
2899 3090 3163 3156 licuerit.
3209 3092 3493 3154 Ceterum
3557 3087 3893 3152 discrimen

2350 3188 2521 3271 quod
2565 3187 2727 3250 inter
2764 3183 3039 3250 Junioris
3066 3189 3128 3245 et
3167 3179 3473 3262 Anonymi
3518 3178 3758 3242 libellos
3796 3179 3895 3240 in-

2348 3271 2636 3348 tercedit,
2663 3288 2790 3334 non
2811 3268 2955 3332 satis
2993 3267 3189 3331 Maius
3220 3263 3604 3348 perspexisse
3626 3263 3888 3326 videtur.

2347 3358 2653 3422 Videlicet
2692 3353 2997 3437 Anonymi
3040 3352 3239 3417 versio
3286 3349 3602 3416 horridior
3634 3348 3889 3433 quidem

2353 3453 2417 3512 et
2441 3446 2786 3512 scribarum
2817 3442 3187 3525 negligentia
3214 3439 3409 3522 magis
3447 3439 3773 3521 depravata
3800 3453 3891 3502 est

2350 3553 2537 3620 quam
2563 3535 2673 3598 illa
2692 3532 2991 3609 Junioris,
3025 3531 3222 3594 multo
3250 3527 3505 3610 majoris
3547 3534 3758 3590 tamen
3800 3525 3894 3588 fa-

2354 3618 2576 3684 cienda
2612 3626 2710 3683 est
2735 3637 2809 3683 eo
2836 3617 3119 3693 nomine,
3146 3615 3313 3700 quod
3340 3620 3655 3678 auctorem
3683 3612 3893 3694 prodit

2351 3707 2461 3790 qui
2498 3706 2687 3789 graeci
2714 3706 3016 3788 exempli,
3050 3707 3113 3767 in
3147 3702 3397 3768 brevius
3443 3700 3701 3766 tortasse
3740 3717 3881 3763 con·

2350 3795 2551 3872 tracti,
2582 3799 2863 3858 tenorem
2892 3791 3153 3857 reddere
3185 3809 3297 3872 pro
3314 3789 3477 3854 virili
3497 3788 3755 3853 annixus
3786 3788 3893 3850 sit.

2354 3881 2505 3945 dum
2544 3882 2725 3946 aliter
2756 3900 2855 3946 res
2890 3881 2958 3944 in
2990 3879 3244 3945 Juniore
3278 3895 3345 3942 se
3386 3876 3593 3941 habet.
3628 3877 3685 3938 Is
3726 3874 3893 3938 enin:

2354 3988 2548 4056 quum
2568 3987 2996 4054 saepenumero
3012 3966 3200 4031 verbo
3219 3972 3397 4028 tenus
3417 3982 3562 4028 cum
3573 3963 3901 4042 Anonymo

2356 4060 2586 4123 mirum
2606 4057 2673 4120 in
2686 4056 2943 4120 modum
2962 4052 3326 4128 consentiat,
3348 4051 3711 4132 scriptorem
3736 4066 3897 4128 grae-

2357 4161 2502 4207 cum
2516 4143 2599 4206 ob
2613 4141 2829 4207 oculos
2842 4141 3115 4206 fortassis
3132 4140 3387 4204 omnino
3404 4135 3768 4214 nonhabuit,
3785 4135 3893 4198 sed

2355 4231 2701 4315 antiquiore
2721 4229 3003 4294 versione
3021 4229 3210 4294 latina
3220 4246 3368 4292 usus
3386 4231 3510 4306 est,
3536 4241 3723 4308 quam
3746 4241 3899 4288 con-

2357 4315 2513 4380 siliis
2537 4313 2666 4380 suis
2693 4332 2768 4378 eo
2792 4313 3307 4391 accommodavit,
3322 4311 3489 4395 quod
3508 4327 3899 4394 quascunque

2358 4403 2435 4467 ad
2464 4420 2846 4486 paganorum
2872 4402 3107 4466 cultum
3136 4409 3198 4464 et
3235 4399 3597 4480 religionem
3632 4395 3894 4478 pertine-

2358 4499 2530 4566 rent,
2572 4509 2645 4554 ea
2680 4489 3045 4553 christianus
3087 4489 3351 4569 scriptor
3373 4485 3451 4568 (1)
3495 4483 3711 4548 omisit
3745 4487 3821 4576 (v.
3860 4483 3900 4564 ξ

2358 4573 2457 4636 30.
2501 4573 2598 4633 32.
2640 4573 2739 4634 34.
2770 4573 2867 4633 35.
2896 4571 2994 4632 36.
3021 4570 3123 4631 48.
3164 4570 3261 4631 52.
3308 4568 3435 4644 55),
3470 4580 3657 4647 porro
3705 4579 3901 4624 missa

2357 4657 2507 4720 item
2529 4655 2679 4720 fecit
2704 4655 2756 4718 si
2782 4673 2921 4738 quae
2950 4655 3016 4717 in
3046 4671 3221 4718 suam
3254 4651 3447 4734 ipsius
3468 4655 3708 4715 :etatem
3728 4646 3897 4710 haud

2358 4739 3468 4910 tffpfflzscttt‘ssffiisszxff.³231}
3497 4741 3582 4888 ²2².
3609 4737 3899 4906 tw}

3464 4872 3483 4907 2

2422 5049 2489 5114 (t)
2526 5047 2753 5100 Similiter
2767 5047 2819 5098 in
2850 5045 3067 5112 Dionysii
3097 5045 3346 5116 Periegesi
3370 5037 3605 5102 vertenda
3629 5033 3909 5088 Priscianus
