4584 6284
618 577 697 633 ⁴2

1848 560 2196 623 DIONYSII
2238 558 2607 621 BYZANTII

620 718 689 757 ex
721 718 833 757 sese
867 699 1104 771 quinque
1128 696 1394 752 valliculas
1438 698 1495 750 in
1526 698 1704 749 sinum
1744 691 1897 748 valde
1925 710 2119 767 pronas
2144 703 2198 747 et
2287 709 2453 746 comae
2474 690 2617 764 apud
2643 691 2888 763 antiquos
2914 700 3026 744 erat
3059 687 3210 745 rusus
3253 690 3418 756 color,
3461 688 3552 744 sed
3595 693 3856 747 comoedia

621 790 841 845 minime
858 788 1056 843 montis
1076 784 1297 840 dorsum
1322 781 1730 858 penetrantes),
1762 780 1855 837 sed
1884 780 2028 853 quod
2056 783 2201 836 sinus

622 876 841 933 intimus
867 872 1093 930 vadosus
1114 874 1213 939 sit,
1240 870 1365 927 idco
1392 862 1559 944 χηλαὶ
1588 868 1871 926 adstructoe
1904 880 2027 923 sunt
2038 908 2055 936 ,
2086 878 2145 923 ut
2170 887 2200 923 e

624 962 848 1019 navibus
866 963 922 1015 in
940 960 1045 1015 alto
1066 957 1330 1014 stantibus
1342 969 1548 1032 pateret
1560 956 1843 1012 descensus
1858 953 1927 1011 ad
1950 955 2199 1029 templum

625 1051 810 1105 Dianae
836 1050 1118 1121 Dictynnae
1159 1046 1323 1101 situm
1366 1046 1425 1101 in
1450 1044 1632 1100 medio
1660 1044 1810 1098 sinus
1844 1042 1988 1098 flexu
2025 1059 2040 1098 :
2078 1059 2199 1097 nam

624 1135 983 1195 descendendi
1032 1134 1133 1191 alia
1172 1152 1291 1208 quae
1339 1152 1497 1190 causa
1544 1132 1754 1197 fuisset,
1800 1132 1904 1186 nisi
1950 1132 2213 1205 templum.

626 1226 817 1282 Dianae
843 1225 1123 1297 Dictynnae
1139 1263 1155 1290 ,
1186 1220 1335 1294 quod
1366 1222 1559 1295 piscosi
1585 1220 1809 1293 Bospori
1834 1218 2084 1293 permulti
2120 1220 2200 1291 pi·

627 1322 855 1367 scatores
870 1308 1274 1383 frequentabant
1288 1348 1305 1375 ,
1326 1309 1427 1365 bac
1448 1306 1687 1382 quotidie
1708 1325 1919 1362 sursum
1935 1307 2204 1362 deorsum-

630 1418 737 1473 que
762 1398 1127 1455 transeuntes?
1148 1399 1270 1453 Non
1290 1399 1463 1465 enim,
1486 1408 1550 1452 ut
1574 1397 1793 1469 quidam
1819 1397 2199 1461 existimarunt,

628 1500 942 1545 venatorum
964 1486 1087 1543 solis
1104 1486 1306 1542 retibus
1326 1526 1343 1553 ,
1372 1484 1468 1541 sed
1489 1486 1649 1540 etiam
1673 1484 1997 1557 piscatorum
2034 1483 2199 1537 Diana

630 1587 837 1652 praeest.
910 1577 1033 1630 Non
1077 1575 1222 1628 enim
1258 1573 1417 1628 video
1435 1613 1451 1639 ,
1496 1591 1593 1627 cur
1626 1573 1671 1625 si
1712 1571 1834 1625 solis
1870 1569 2202 1625 venatoribus

628 1665 896 1738 Dictynna
912 1662 1108 1718 faveret
1127 1702 1144 1728 ,
1160 1662 1397 1735 Byzantii
1416 1660 1491 1716 illi
1512 1671 1729 1726 veteres,
1752 1677 1860 1713 non
1880 1659 2047 1729 ignari
2064 1656 2204 1712 unde

630 1752 805 1808 Diana
834 1752 1100 1824 Dictynna
1117 1748 1375 1823 appellata
1400 1758 1537 1803 esset
1554 1788 1570 1813 ‚
1591 1746 1705 1819 ejus
1738 1746 1996 1819 templum
2022 1764 2204 1801 secun-

630 1836 764 1893 dum
785 1837 931 1893 littus
956 1846 1223 1892 remotum
1250 1854 1283 1889 a
1300 1836 1580 1889 venatione
1606 1834 1921 1906 posuissent.

633 2007 761 2063 111.
782 2008 862 2060 De
869 2000 1230 2078 promontorio
1252 2004 1494 2057 Hermo-o
1510 2011 1563 2056 et
1580 1999 1773 2074 rapido
1788 2017 1945 2054 cursu
1962 1998 2198 2073 Bospori,

704 2092 770 2147 de
788 2088 1015 2163 Pyrrhia
1044 2092 1231 2161 (bone,
1260 2086 1325 2141 de
1347 2087 1569 2162 Bospori
1586 2085 1807 2141 summis
1829 2085 2113 2155 angustiis,
2142 2086 2204 2139 de

699 2189 863 2251 ponte
888 2173 1069 2231 Darii.

705 2345 863 2400 Mons
900 2339 1143 2396 dividens
1178 2337 1316 2393 duos
1355 2341 1501 2393 sinus
1539 2335 1821 2392 Chelarum
1864 2346 1917 2390 et
1956 2335 2203 2391 Phidaliae

634 2431 841 2487 clausus
867 2448 977 2485 non
1004 2428 1165 2484 inodo
1186 2428 1271 2482 bis
1296 2427 1499 2483 sinibus
1514 2466 1529 2493 ,
1552 2426 1645 2480 sed
1665 2426 1823 2480 etiam
1846 2422 2053 2479 duabus
2079 2426 2198 2481 lon-

635 2520 715 2590 gis
742 2516 962 2572 vallibus
994 2518 1049 2569 in
1074 2514 1173 2569 hos
1213 2514 1361 2569 sinus
1388 2512 1747 2567 desinentibus
1765 2552 1781 2577 ,
1806 2528 1965 2583 supra
2002 2522 2201 2565 ceteros

632 2622 741 2659 orte
764 2604 1061 2676 Bosporicoe
1077 2610 1285 2655 montes
1304 2617 1370 2654 ex
1390 2600 1607 2672 Europa
1624 2600 1682 2652 in
1700 2598 1877 2652 Asiam
1903 2595 2058 2669 longe
2078 2614 2201 2670 pro·

632 2692 827 2758 minet,
858 2700 911 2744 et
943 2687 1370 2764 promontorium
1396 2686 1541 2742 velut
1577 2704 1885 2741 mucronem
1925 2686 2113 2759 procul
2142 2687 2198 2741 in

630 2782 929 2855 Bosporum
956 2777 1194 2853 projicit,
1220 2786 1283 2831 ut
1304 2778 1527 2850 Bospori
1558 2776 1753 2831 fretum
1789 2785 1942 2846 cogat
1966 2776 2021 2829 in
2058 2792 2200 2830 sum-

628 2885 742 2924 mas
776 2867 1073 2940 angustias,
1114 2876 1174 2920 ut
1194 2864 1397 2921 radices
1436 2865 1729 2920 maritimas
1756 2881 1925 2937 usque
1959 2862 2029 2919 ad
2055 2863 2200 2917 littus

624 2974 822 3032 pronas
849 2965 1104 3031 propaget
1120 2956 1176 3008 in
1198 2952 1585 3026 longitudinem
1603 2951 1945 3008 excedentem
1962 2962 2045 3007 ter
2062 2951 2201 3006 mille

625 3056 681 3101 et
708 3043 1121 3119 quadringentos
1146 3059 1332 3115 passus
1349 3082 1365 3109 ,
1404 3059 1530 3096 cum
1569 3038 1683 3112 ejus
1722 3038 1902 3093 cervix
1932 3035 2201 3109 interjecta

624 3135 767 3188 inter
797 3148 1031 3187 summas
1054 3128 1242 3193 valles,
1268 3129 1463 3202 quibus
1489 3130 1603 3203 ipse
1634 3127 1885 3199 cingitur,
1912 3124 2069 3180 latior
2094 3143 2201 3179 non

626 3221 696 3274 sit
726 3218 1066 3291 septingentis
1103 3215 1363 3288 passibus.
1405 3213 1659 3287 Ejusdem
1681 3212 1815 3267 latus
1850 3211 2205 3266 meridianum

628 3303 877 3359 claudens
894 3304 1073 3357 sinum
1097 3300 1371 3366 Chelium,
1395 3300 1532 3354 mari
1562 3299 1745 3371 quieto
1762 3298 2006 3365 alluitur;
2031 3298 2208 3352 orien-

630 3390 735 3444 tale
766 3406 895 3442 vero
928 3387 1085 3441 tertio
1116 3384 1359 3440 anfractu
1382 3402 1447 3439 ex
1484 3394 1687 3457 septem
1736 3381 2044 3438 decursibus
2079 3384 2207 3438 fluc-

632 3485 787 3530 tuum
805 3513 822 3541 ,
851 3490 987 3545 quos
1011 3482 1135 3527 ante
1160 3470 1273 3525 dixi
1321 3470 1491 3525 facere
1532 3470 1857 3542 Bosporum,
1879 3487 2003 3523 cum
2036 3480 2206 3525 totum

636 3561 747 3617 sere
788 3560 1087 3633 inquietum
1104 3598 1122 3626 ,
1167 3567 1285 3612 tum
1321 3558 1551 3612 maxime
1586 3554 1799 3611 duobus
1837 3554 1966 3611 locis
1981 3595 1998 3624 ,
2033 3558 2208 3630 primo

637 3651 876 3707 medium
912 3649 1047 3705 latus
1072 3648 1327 3703 orientale
1366 3658 1667 3704 transverso
1687 3647 1893 3720 impetu
1922 3648 2205 3703 circumso-

636 3750 799 3795 nante
842 3736 1157 3811 percutitur,
1210 3734 1404 3790 deinde
1442 3734 1511 3790 ad
1552 3733 1795 3807 ejusdem
1831 3732 2005 3789 lateris
2049 3734 2207 3789 finem

636 3826 931 3884 seeundum
974 3842 1151 3880 arcem
1191 3826 1487 3897 oppositam
1530 3823 1641 3879 arci
1698 3823 1839 3879 Asiae
1852 3862 1870 3889 ,
1904 3824 2207 3898 appellatam

637 3917 791 3973 Neon
828 3924 1086 3982 castrum,
1109 3914 1163 3968 in
1191 3913 1546 3987 promontorii
1569 3930 1828 3967 mucrone
1854 3929 1966 3966 non
1988 3911 2209 3985 amplius

638 4015 967 4061 transversus
997 4001 1184 4069 fertur,
1222 3999 1317 4056 sed
1354 4012 1529 4056 rectus
1554 4001 1851 4074 praecipitat
1878 4000 2067 4074 rapido
2108 4000 2208 4055 im-

638 4104 785 4168 petu,
806 4103 870 4148 ut
892 4108 1050 4147 naves
1068 4108 1279 4145 sursum
1302 4091 1605 4162 navigantes
1620 4088 1775 4162 juxta
1796 4090 2087 4161 marginem
2105 4106 2210 4143 orae

637 4180 926 4255 procedere
955 4189 1135 4250 cogat,
1171 4187 1226 4233 et
1251 4176 1571 4234 mordaciter
1596 4187 1815 4249 urgeat,
1854 4186 1917 4231 ut
1941 4175 2093 4233 rusus
2128 4177 2211 4232 illc

639 4272 808 4334 canis,
839 4287 871 4323 a
896 4284 1005 4341 qno
1032 4267 1301 4339 Byzantini
1322 4266 1498 4321 locum
1521 4266 1669 4321 hunc
1704 4266 2049 4320 nominarunt
2080 4268 2210 4338 Pyr·

2284 788 2466 850 postea
2483 777 2628 833 hunc
2657 778 2715 832 in
2743 776 2936 833 malam
2956 787 3160 850 partem
3181 779 3340 833 vertit
3357 817 3374 845 ,
3399 787 3460 832 ut
3477 777 3587 850 jam
3606 777 3746 851 apud
3770 800 3854 835 co-

2284 865 2451 918 micos
2492 864 2728 937 Pyrrhia
2771 873 2826 918 et
2883 863 3130 918 Xanthiae
3172 864 3498 937 appellentur
3535 867 3672 919 servi
3705 867 3848 921 mali—

2283 952 2430 1009 tiosi.

2945 1052 3043 1113 Fr.
3093 1060 3188 1112 35.

2362 1211 2490 1262 Post
2503 1248 2519 1272 ‚
2567 1209 2743 1281 inquit
2785 1208 3098 1280 Dionysius,
3141 1206 3332 1262 Dianoe
3382 1209 3658 1277 Dico-mue
3696 1208 3852 1264 oedem

2291 1294 2594 1350 turbulenta
2623 1305 2704 1347 est
2739 1305 2790 1347 et
2815 1294 3138 1347 veliementer
3156 1304 3392 1347 contento
3414 1294 3577 1365 fluxu
3602 1307 3854 1350 commota

2289 1382 2580 1452 navigatio.
2661 1386 2822 1438 Locus
2849 1393 3024 1435 (tutem
3059 1380 3262 1437 dicitnr
3299 1382 3554 1454 Pyrrhias
3602 1386 3760 1451 Qun,
3795 1395 3854 1437 ut

2290 1468 2424 1524 milei
2449 1467 2681 1533 videtur,
2722 1488 2759 1521 a
2804 1465 3183 1535 similitudine,
3207 1486 3366 1540 qnam
3393 1467 3549 1523 habet
3585 1486 3727 1522 mare
3761 1470 3856 1523 hoc

2288 1572 2410 1608 cum
2449 1572 2611 1619 cane,·
2649 1567 2708 1609 ut
2743 1572 2865 1608 vero
2879 1554 3230 1627 plurimorum
3255 1553 3454 1608 obtinet
3477 1574 3644 1610 sermo
3673 1574 3710 1609 a
3731 1575 3856 1611 cane

2286 1640 2578 1717 pastoritio
2600 1642 2757 1697 littus
2787 1642 2882 1697 hoc
2907 1642 3346 1697 circumcursante
3383 1641 3708 1717 Iatraneeque
3729 1663 3812 1699 eos
3834 1687 3850 1709 ,

2292 1727 2388 1801 qui
2415 1728 2670 1784 violentia
2680 1730 2887 1801 fluctus
2895 1730 3061 1800 juxta
3079 1728 3363 1797 marginem
3387 1728 3587 1784 littoris
3611 1730 3856 1799 navigare

2288 1816 2536 1871 haberent
2560 1835 2778 1872 necesse.
2820 1816 2912 1871 tbi
2928 1834 3126 1889 quoque
3141 1828 3344 1871 meatus
3341 1816 3484 1887 freti
3500 1818 3852 1886 arctissimus,

2289 1903 2542 1959 dirimens
2599 1903 2735 1959 duas
2788 1904 3125 1959 continentes.
3198 1903 3402 1959 Ibidem
3449 1904 3612 1959 etiam
3657 1906 3860 1961 dicitur

2284 1991 2458 2060 sitisse
2484 1992 2647 2048 Darii
2673 1993 2954 2049 transitus.
3014 1992 3156 2047 Hinc
3181 1992 3318 2047 enim
3343 1991 3631 2049 Androcles
3651 1998 3858 2050 Samius

2284 2090 2496 2149 pontem
2507 2078 2704 2151 junxit
2739 2078 2796 2133 in
2825 2083 3070 2153 Bos-poro.
3144 2077 3255 2133 Hic
3282 2079 3428 2133 Iocus·
3447 2098 3566 2133 enm
3591 2080 3705 2135 alia
3716 2100 3862 2154 pm·-

2288 2167 2375 2222 bet
2402 2166 2638 2221 historice
2674 2177 3004 2221 monumenta
3020 2206 3036 2230 ,
3080 2175 3192 2219 tum
3219 2166 3402 2221 sellam
3429 2166 3486 2221 in
3515 2179 3676 2243 petra
3715 2169 3860 2223 exci-

2287 2272 2403 2307 sam
2422 2276 2442 2317 ,-
2461 2254 2515 2307 in
2532 2255 2632 2309 lmc
2649 2254 2785 2309 enim
2810 2254 2968 2307 aiunt
2992 2252 3247 2307 sedentem
3265 2253 3491 2333 Darium
3514 2266 3856 2328 spectatorem

2281 2339 2458 2410 secisse
2469 2340 2657 2414 pontis
2675 2352 2725 2394 et
2743 2338 3065 2395 transeuntis
3075 2340 3358 2397 exereitus.
3458 2372 3472 2387 ·

2360 2429 2534 2496 Quam
2566 2428 2854 2500 Dionysius
2881 2416 3086 2500 δίφρον,
3117 2426 3460 2498 Herodotus(
3483 2431 3538 2494 4,
3561 2430 3666 2499 88)
3699 2442 3858 2500 προε-

2286 2507 2437 2585 δρίην
2463 2514 2706 2587 appellat.
2781 2517 2956 2569 Omne
2990 2531 3176 2569 saxum
3204 2516 3482 2570 movissem
3501 2556 3517 2583 ,
3545 2533 3654 2588 quo
3682 2515 3858 2571 sellam

2285 2601 2434 2655 Darii
2455 2601 2769 2667 invenirem,
2793 2601 2894 2655 nisi
2917 2602 3052 2656 arcis
3069 2600 3314 2656 custodes
3327 2619 3435 2655 non
3451 2600 3614 2657 modo
3633 2600 3860 2674 pedibus

2284 2687 2386 2742 iter
2398 2686 2664 2756 facientes,
2681 2686 2774 2743 sed
2792 2689 2951 2743 etiam
2969 2688 3272 2759 navigantes
3286 2699 3862 2762 scrutarentur,peren-

2283 2777 2448 2849 nique
2475 2777 2650 2849 vigilia
2665 2777 2770 2833 hoc
2785 2777 2934 2832 littus
2953 2779 3427 2833 circumcursarent
3443 2778 3580 2832 servi
3601 2778 3855 2851 Pyrrhiae,

2284 2865 2582 2921 acerbiores
2601 2884 2710 2921 non
2730 2866 2895 2921 modo
2911 2866 3128 2920 canibus
3145 2866 3400 2939 Pyrrhiis,
3425 2864 3518 2919 sed
3534 2867 3694 2919 etiam
3712 2865 3866 2920 odio-

2285 2956 2455 3010 siores
2481 2956 2744 3028 Pyrrhaeis
2761 2954 3094 3021 hominibus,
3123 2953 3190 3009 de
3212 2954 3405 3026 quibus
3431 2953 3556 3007 olim
3586 2954 3864 3025 pervulga·

2286 3053 2404 3097 tum
2465 3052 2543 3096 est
2595 3041 2934 3117 proverbium
2955 3062 2970 3109 ς
3029 3042 3072 3095 si
3130 3040 3260 3115 quid
3315 3041 3437 3096 mali
3498 3041 3855 3112 contingeret,

2288 3127 2710 3201 deprecabantur
2735 3128 2996 3201 Pyrrha-,is
3013 3126 3139 3181 odio
3161 3129 3402 3183 omnium
3430 3128 3727 3181 vicinorum
3746 3147 3865 3184 exe-

2290 3212 2602 3269 crabilibus.
2681 3214 2815 3269 Sella
2846 3214 2994 3267 Darii
3013 3212 3123 3285 jam
3153 3231 3260 3267 non
3284 3223 3476 3279 exstat,
3507 3213 3694 3267 excisis
3724 3216 3860 3269 saxis

2290 3303 2348 3356 in
2374 3300 2744 3357 edificationes
2757 3341 2773 3368 ,
2797 3311 2890 3355 aut
2906 3302 3168 3374 oppressis
3177 3300 3321 3372 jacto
3351 3299 3699 3356 fundamento
3726 3304 3862 3356 arcis

2292 3400 2465 3444 totum
2492 3389 2636 3445 littus
2665 3390 2972 3461 occupantis
2987 3428 3004 3455 ,
3033 3406 3142 3459 quo
3169 3388 3317 3441 Darii
3353 3404 3488 3460 pons
3514 3387 3860 3460 pertingebat.

2291 3476 2598 3531 Herodotus
2638 3494 2745 3531 non
2785 3476 3028 3530 meminit
3063 3474 3196 3530 sellae
3232 3474 3474 3528 Darianae
3519 3474 3576 3527 in
3623 3475 3860 3546 Bosporo

2291 3566 2480 3621 excisae
2496 3604 2512 3630 ,
2539 3564 2633 3619 sed
2665 3565 2721 3619 in
2749 3562 3086 3635 Hellesponto
3111 3562 3294 3617 scribit
3320 3562 3484 3617 Xerxi
3513 3572 3858 3634 praeparatam

2292 3654 2482 3722 fuisse,
2518 3656 2610 3727 qui
2649 3662 2929 3726 postquam
2969 3653 3026 3707 in
3069 3650 3241 3707 media
3290 3650 3480 3725 Abydo
3528 3649 3654 3717 suit,
3683 3650 3864 3705 videre

2294 3744 2461 3798 voluit
2484 3759 2701 3797 omnem
2742 3742 3052 3796 exercitum.
3126 3742 3254 3796 Erat
3293 3742 3435 3795 enim
3476 3740 3583 3794 illic
3619 3740 3677 3793 in
3727 3739 3863 3795 clivo

2291 3828 2482 3885 solium
2501 3830 2650 3902 prius
2673 3827 2874 3883 factum
2901 3828 2950 3882 ei
2970 3837 3150 3900 aptum
3177 3846 3242 3882 ex
3266 3826 3384 3881 albo
3403 3826 3598 3900 lapide.
3635 3824 3700 3881 Id
3717 3827 3862 3881 enim

2294 3917 2525 3973 fecerant
2550 3915 2796 3991 Aliydeni
2823 3916 2968 3987 regio
2990 3914 3268 3981 mandato,
3303 3917 3358 3969 in
3386 3933 3496 3989 quo
3533 3932 3630 3969 rex
3673 3913 3864 3969 sedens

2295 4004 2548 4077 spectavit
2587 4006 2878 4059 exercitum
2913 4012 2967 4057 et
2991 4002 3225 4057 classem.
3301 4004 3602 4058 Verisimile
3639 4014 3720 4058 est
3758 4007 3868 4059 Da·

2294 4093 2435 4146 rium
2454 4091 2722 4147 sedentem
2749 4091 2806 4145 in
2843 4089 2976 4145 solio
2996 4100 3252 4163 spectasse
3277 4092 3565 4145 exercitum
3589 4101 3866 4145 transcurr-

2295 4188 2433 4246 tem,
2458 4196 2581 4234 cum
2605 4196 2755 4233 more
2788 4178 3000 4233 Persico
3021 4196 3167 4249 reges
3189 4180 3468 4235 Persarum
3491 4177 3731 4233 delectati
3751 4179 3864 4233 ’sint

2295 4276 2580 4339 conspectu
2603 4268 2864 4322 exercitus
2882 4268 2964 4321 sui
2977 4306 2994 4333 ,
3007 4276 3070 4320 ut
3090 4268 3292 4321 Xerxes
3311 4267 3458 4321 Darii
3479 4264 3617 4320 lilius
3633 4282 3863 4337 pugnam

639 4352 811 4407 rbiam
832 4353 1065 4426 Cyonem
1082 4392 1098 4421 ,
1119 4353 1269 4425 quasi
1286 4352 1605 4408 malitiosum
1624 4370 1831 4409 canem.
1908 4354 2049 4407 Laus
2065 4353 2206 4407 enim
2298 4353 2456 4407 ctiam
2481 4352 2716 4407 navalem
2743 4353 3078 4408 commissam
3101 4350 3170 4406 ad
3207 4350 3518 4407 Salaminem
3557 4352 3865 4425 spectaverit

714 4602 809 4655 Fr.
839 4598 927 4657 35.
951 4598 1202 4671 Pyrrhias
1230 4601 1395 4674 cyon]
1417 4600 1622 4673 Πυρρίας
1636 4601 1779 4655 Κύων
1806 4618 2003 4655 nomen
2018 4600 2208 4656 nonde
2301 4610 2558 4667 moratur,
2605 4600 2749 4673 quod
2794 4610 2946 4655 antea
2983 4599 3186 4655 dietum
3215 4600 3285 4655 sit
3318 4600 3580 4668 Κυνήὸιον,
3617 4619 3718 4674 pro
3754 4619 3862 4674 quo

644 4680 779 4733 mari
803 4679 895 4733 sed
922 4678 989 4734 de
1014 4680 1415 4753 promontorio,
1450 4681 1537 4735 cui
1565 4680 1767 4737 Humili
1795 4678 2017 4736 Hissari
2037 4680 2208 4754 impo-

642 4760 877 4831 positum
900 4768 1011 4824 est,
1032 4756 1427 4828 intelligendum
1449 4758 1629 4815 suerit.
1656 4758 1723 4814 Id
1745 4760 1890 4813 enim
1915 4759 2116 4815 indicat
2135 4759 2210 4815 sa·

642 4836 787 4894 bula.
828 4841 1082 4894 Praete-en
1124 4848 1326 4893 constat
1368 4839 1637 4894 montibus
1651 4879 1667 4905 ,
1714 4841 2093 4911 promontoriis
2131 4841 2207 4896 lo·

641 4916 823 4991 cisque
862 4916 947 4971 his
986 4916 1245 4989 impositis
1283 4919 1472 4991 saepius
1508 4919 1725 4975 nomina
1761 4918 1875 4973 indi
1915 4938 1947 4975 a
1990 4920 2209 4975 canibus

640 4999 882 5071 repetita,
900 5008 964 5051 ut
986 4996 1137 5061 Κυνὸς
1157 4996 1385 5071 κεφαλαί,
1418 4998 1699 5071 Κυνόσουρα
1719 5000 1828 5053 sive
1854 4999 2093 5073 Κύνουρα,
2122 5000 2213 5054 Κυ-

640 5076 889 5149 νόσσημα.
915 5076 999 5131 Cf.
1028 5075 1354 5149 Hesychius:
1380 5077 1637 5150 Κυνουρία·
1664 5078 1788 5133 ὅπου
1817 5076 1940 5151 μετὰ
1964 5085 2210 5152 χειμῶνος

638 5156 771 5228 κῦμα
814 5154 1069 5212 ἔκὸάλλα.
1105 5156 1355 5212 Similiter
1388 5158 1753 5231 Lycophronis
1779 5159 1871 5228 (v,
1913 5163 2019 5230 99)
2052 5159 2210 5214 verba

634 5232 755 5308 πρὸς
782 5234 993 5309 κῦνουρα
1032 5238 1447 5310 interpretantur
1492 5239 1611 5311 πρὸς
1654 5239 1880 5312 τραχείας
1914 5241 2087 5313 πέτρας
2132 5240 2211 5295 vel

633 5313 1771 5474 ffisszff‘szffisssss‘sszssssz‘ffssssiffssss
1791 5319 2210 5473 {²:233}ssssss

2298 4680 2477 4737 ssacio
2519 4697 2586 4734 an
2629 4680 2789 4735 fucrit
2825 4679 3086 4753 Κυνήριον,
3131 4680 3286 4735 Canis
3321 4691 3702 4734 monumentum
3741 4680 3862 4749 (Cf.

2301 4758 2452 4823 Κυνὸς
2477 4758 2616 4832 ἤριον
2643 4760 2964 4834 Pamphyliae
2984 4762 3042 4815 in
3067 4760 3344 4816 Stadiasm.
3374 4764 3404 4830 S
3438 4764 3599 4832 219),
3629 4759 3765 4814 adeo
3807 4771 3864 4814 ut

2299 4838 2440 4895 idem
2483 4841 2810 4913 significetur
2855 4842 3022 4896 Cariae
3061 4840 3209 4896 locus
3234 4859 3392 4914 quem
3430 4840 3621 4896 Strabo
3657 4856 3716 4911 p.
3760 4839 3863 4893 656

2298 4930 2454 4975 vocat
2493 4920 2790 4994 Κυνόσσημα
2833 4921 2888 4975 in
2918 4921 3286 4994 promontorio
3323 4920 3484 4975 situm
3522 4919 3669 4991 quod
3705 4918 3866 4973 bodie

2300 5009 2491 5054 vocant
2511 5003 2652 5055 Cnvo
2676 5000 2920 5075 Alopeki,
2950 5000 2989 5055 i.
3009 5019 3058 5054 e.
3083 5016 3167 5072 pr.
3191 5000 3379 5073 vulpis,
3404 5000 3552 5071 quasi
3578 4999 3720 5053 canis
3737 4999 3860 5063 rufi,

2298 5078 2453 5143 Κυνὸς
2476 5080 2700 5153 πυρρίου,
2747 5081 2902 5134 sicuti
2939 5077 3156 5151 simplex
3186 5079 3350 5149 Πύρρα
3376 5096 3570 5131 nomen
3600 5077 3864 5131 nonnullis

2297 5158 2458 5214 fuisse
2478 5161 2856 5232 promontoriis
2884 5170 3103 5213 constat.
3145 5158 3305 5231 Apud
3338 5157 3616 5230 Polybium
3642 5158 3864 5229 Bospori

2299 5240 2722 5312 promontorium
2749 5240 3049 5293 Hermaeum
3081 5248 3300 5292 vocatur
3327 5256 3358 5291 a
3385 5235 3508 5289 fano
3523 5275 3539 5302 ,
3563 5246 3620 5289 ut
3633 5232 3862 5293 videtur.

2299 5317 2380 5371 vel
2406 5335 2496 5371 ara
2521 5319 2790 5372 Mercurii.
2833 5316 2998 5373 Simili
3031 5317 3234 5371 ratione
3257 5318 3530 5389 Cynosura
3557 5310 3795 5369 Arcadiae
3831 5330 3862 5366 a

2297 5402 2547 5456 Mercurii
2571 5402 2680 5456 filio
2705 5420 2900 5456 nomen
2927 5402 3120 5455 habere
3151 5400 3310 5456 tradit
3337 5400 3650 5473 Stephanus.
