4584 6284
667 673 795 728 ratis
820 670 1022 744 tegulis.
1100 676 1170 727 At
1208 688 1273 725 ex
1310 670 1431 724 vico
1462 670 1873 741 Chrysoceramo
1900 670 2039 725 ultro
2079 672 2238 725 citro·

667 776 773 833 que
802 757 1047 831 trajectus
1072 757 1185 813 fieri
1216 776 1327 813 non
1350 756 1517 824 solet,
1556 755 1649 811 sed
1671 774 1733 812 ex
1763 768 1921 830 portu
1944 760 2233 827 Scutarico,

666 856 729 900 ut
744 844 862 901 loco
882 843 1285 901 accommodato
1302 844 1371 899 ad
1396 840 1781 915 trajiciendum,
1810 842 1969 912 unde,
2000 856 2057 900 ut
2078 863 2236 913 nunc,

671 932 916 1005 mjectus
956 932 1085 987 olim
1114 932 1229 987 fieri
1264 932 1486 988 solebat.
1564 934 1658 987 Est
1696 933 1981 988 etiamnum
2012 934 2238 1007 Byzantii

668 1019 807 1075 scala
843 1020 1088 1074 omnium
1128 1018 1552 1091 frequentissima
1594 1035 1757 1091 prope
1794 1029 2002 1091 portam
2024 1022 2235 1088 Neorii,

667 1107 941 1162 nominata
968 1106 1236 1161 Scutarica
1256 1146 1271 1171 ,
1317 1123 1477 1177 quam
1512 1104 1639 1159 olim
1668 1104 1886 1159 eandem
1918 1104 2077 1161 fuisse
2122 1124 2237 1181 quat

668 1195 1054 1269 Chrysopoleos
1076 1206 1131 1249 et
1153 1192 1518 1261 Chalcedonis,
1546 1211 1669 1249 cum
1686 1212 1749 1248 ex
1771 1194 1853 1248 his
1879 1212 1997 1267 quae
2025 1194 2235 1251 all'eram

668 1284 727 1339 in
756 1282 1109 1355 descriptione
1132 1281 1655 1355 Constantinopoleos
1676 1322 1693 1347 ,
1726 1292 1839 1336 tum
1862 1300 1926 1337 ex
1956 1302 2055 1339 usu
2082 1284 2237 1339 hodie

672 1369 987 1444 quotidiano
1008 1370 1249 1443 colligere
1274 1389 1570 1445 possumus.
1614 1372 1747 1426 Nam
1778 1390 1841 1425 ex
1858 1383 2011 1445 porta
2036 1374 2233 1437 Neorii,

674 1477 796 1533 quae
840 1477 985 1515 nune
1026 1460 1318 1534 appellatur
1363 1461 1491 1515 Oria
1508 1499 1521 1521 ,
1578 1458 1813 1534 quotidie
1849 1460 1960 1531 jam
2000 1458 2235 1516 videmus

674 1546 977 1601 necessitate
1010 1545 1237 1621 quadam
1276 1546 1389 1601 fieri
1430 1545 1699 1619 trajectum
1738 1547 1792 1601 in
1819 1558 2035 1620 portum
2056 1550 2234 1603 Scuta-

676 1632 849 1687 ricum
867 1671 882 1699 ,
922 1634 969 1686 si
996 1634 1115 1705 quis
1140 1630 1375 1705 trajicere
1402 1632 1523 1687 velit
1549 1634 1795 1705 Byzantio
1817 1631 2195 1688 Chalcedonem
2214 1674 2231 1699 ,

675 1729 730 1774 et
750 1720 795 1773 si
816 1720 933 1792 quis
964 1720 1207 1791 navigare
1232 1720 1355 1775 velit
1376 1719 1705 1775 Chalcedone
1729 1721 2037 1793 Byzantium
2052 1762 2067 1787 ,
2087 1722 2232 1776 illum

674 1826 885 1863 necesse
908 1807 1103 1863 habere
1132 1826 1343 1863 sursum
1374 1810 1619 1881 navigare
1640 1827 1805 1881 usque
1834 1807 1901 1863 ad
1932 1812 2184 1865 Scutarim
2216 1828 2229 1864 ε

672 1892 733 1949 id
772 1892 919 1966 quod
951 1892 1254 1967 frequenter
1293 1894 1531 1969 quotidie
1565 1894 1771 1949 videtur
1804 1894 1981 1950 multis
2019 1897 2234 1968 navigiis

672 1981 960 2038 fet-entibus
981 1980 1223 2038 homines
1235 1994 1288 2038 et
1297 1982 1539 2056 jumenta
1560 1994 1699 2039 reete
1722 1984 1802 2037 via
1822 2001 1930 2037 non
1950 1984 2234 2040 valentibus

670 2070 893 2123 transire
920 2067 1305 2125 chalcedonem
1320 2109 1337 2137 ,
1366 2069 1459 2124 sed
1476 2069 1548 2124 ob
1566 2068 1737 2143 rapidi
1765 2070 1935 2124 fluxus
1956 2069 2231 2125 decursum

672 2155 953 2212 ascendere
984 2158 1176 2213 coactis
1196 2174 1365 2231 usque
1395 2156 1465 2212 ad
1488 2158 1769 2224 Scutarim3
1799 2168 1955 2229 atque
1978 2176 2043 2212 ex
2078 2158 2233 2213 Chal-

670 2243 872 2301 cedone
890 2244 1182 2301 volentibus
1200 2246 1420 2301 transire
1443 2246 1747 2319 Byzantium
1762 2286 1778 2313 ,
1802 2264 1935 2319 opus
1955 2258 2033 2301 est
2056 2265 2231 2301 ascen-

671 2332 799 2389 dere
838 2333 905 2388 ad
930 2333 1355 2407 promontorium
1398 2334 1721 2389 Scutaricum
1752 2333 1876 2388 olim
1918 2334 2232 2408 appellatum

669 2424 866 2478 Bovem
882 2423 991 2478 sive
1010 2422 1269 2478 Damalim
1285 2464 1302 2489 ,
1322 2434 1480 2495 atque
1504 2422 1572 2477 ad
1594 2432 1802 2495 portum
1822 2440 1990 2498 usque
2011 2424 2234 2497 Chryso-

666 2508 883 2582 poleos:
906 2506 959 2563 id
982 2508 1128 2583 quod
1152 2520 1211 2563 ut
1236 2510 1297 2564 fit
1323 2508 1500 2575 hodie,
1533 2509 1604 2563 ita
1624 2508 1748 2563 oiim
1772 2508 2057 2563 factitatum
2080 2509 2233 2565 fuisse

664 2606 809 2671 patet
828 2614 859 2651 e
880 2594 1097 2669 Polybio
1116 2597 1181 2669 (4
1204 2638 1221 2661 ,
1244 2598 1313 2662 43
1330 2598 1353 2667 )
1371 2596 1465 2669 qui
1481 2595 1556 2650 ait
1578 2612 1592 2650 z
1619 2618 1643 2645 ι
1666 2595 1741 2649 Ex
1759 2596 1889 2649 urbe
1902 2596 2230 2652 Chalcedone

666 2682 897 2739 volentes
911 2684 1131 2738 tmusire
1142 2685 1472 2757 Byzantium,
1484 2700 1594 2737 non
1604 2692 1823 2757 possunt
1835 2692 1975 2737 reeta
1991 2684 2231 2755 navigare

662 2767 736 2823 ob
746 2766 1114 2823 intermedium
1124 2766 1370 2841 rapidum
1382 2766 1654 2824 defluxum
1663 2769 1903 2841 Bospori,
1918 2768 2011 2824 sed
2025 2787 2231 2825 neeesse

660 2854 855 2910 habent
884 2856 985 2910 iter
1016 2853 1294 2910 deflectere
1327 2872 1496 2928 prope
1528 2857 1721 2910 Bovem
1738 2896 1755 2921 ,
1786 2865 1838 2909 et
1862 2854 2227 2929 Chrysopolim

658 2944 919 3013 navigare.
958 2941 1110 2998 Idem
1150 2964 1175 2995 s
1220 2960 1252 2997 a
1278 2942 1649 3015 promontorio
1663 2981 1680 3009 ,
1721 2942 1923 3014 inquit,
1970 2943 2229 3017 appellato

657 3032 851 3087 Hestiis
883 3032 1056 3087 fluxus
1081 3032 1305 3105 Bospori
1332 3032 1589 3104 impulsus
1614 3030 1907 3104 prolabitur
1931 3030 2001 3087 ad
2036 3032 2225 3088 Bovem

655 3131 1047 3193 nuncupatum,
1074 3122 1166 3194 qui
1190 3131 1269 3175 est
1292 3122 1432 3175 Asiae
1456 3120 1602 3174 loeus
1622 3160 1638 3187 ,
1663 3117 1731 3174 ad
1754 3137 1911 3191 quem
1937 3122 2227 3178 constitisse

655 3209 807 3263 aiunt
830 3210 1060 3282 primum
1098 3208 1287 3263 sabula!
1311 3211 1411 3273 Jo,
1448 3226 1572 3263 cum
1608 3208 1849 3262 transivit
1874 3208 1979 3264 hoe
2010 3209 2220 3265 fretum.

658 3296 862 3349 Rursus
897 3295 1071 3349 fluxus
1096 3294 1354 3369 impulsus
1385 3312 1417 3349 a
1442 3293 1561 3349 loco
1586 3295 1728 3348 Bove
1752 3294 2024 3350 nominato
2058 3296 2225 3351 fertur

657 3380 728 3434 ad
756 3382 927 3453 ipsum
962 3381 1287 3455 Byzantium.
1320 3403 1341 3431 ι
1373 3384 1418 3437 Α
1446 3398 1555 3453 quo
1580 3398 1688 3434 non
1708 3380 1945 3435 dissentit
1970 3384 2225 3455 Georgius

658 3466 949 3535 Cedrenus,
981 3486 1105 3522 cum
1133 3469 1205 3523 ait
1230 3471 1465 3523 Leonem
1498 3468 1725 3522 Phocam
1748 3468 2111 3543 Chrysopolim
2135 3489 2221 3525 oc-

659 3569 891 3625 cupasse,
912 3554 1273 3627 populumque
1292 3555 1347 3607 in
1362 3553 1609 3609 ulteriore
1622 3571 1715 3608 ora
1733 3554 1786 3607 in
1800 3554 1961 3608 aciem
1974 3556 2221 3611 struxisse

658 3636 803 3711 apud
828 3638 1029 3708 locum,
1059 3639 1153 3695 ubi
1192 3640 1247 3694 in
1284 3640 1531 3695 columna
1554 3650 1696 3695 extat
1721 3640 1949 3695 Damalis
1985 3639 2184 3714 lapidea
2198 3681 2216 3709 ,

658 3725 837 3799 itaque
858 3727 1171 3781 exten-ruisse
1206 3744 1325 3794 eos,
1354 3728 1447 3800 qui
1476 3737 1649 3781 essent
1684 3727 1936 3800 Byzantii.
1968 3728 2043 3781 Ex
2077 3738 2221 3783 ante-

656 3810 813 3867 dictis
829 3811 1134 3884 collegeram
1153 3814 1415 3869 Scutarim
1433 3830 1545 3867 esse
1566 3812 1946 3886 Chrysopolim,
1966 3824 2017 3868 et
2044 3814 2215 3869 locum

656 3914 817 3967 quem
851 3896 1098 3969 Polybius
1122 3896 1345 3970 appellat
1380 3899 1577 3952 Bovem
1600 3936 1616 3963 ,
1652 3898 1906 3953 Arrianus
1928 3898 2182 3953 Damalim
2194 3939 2211 3965 ,

656 3982 879 4037 existen
932 3983 1361 4055 promontorium
1404 3984 1729 4039 Scutaricum
1746 4022 1764 4049 ,
1813 3984 1973 4038 situm
2030 3996 2213 4041 contra

650 4069 1079 4141 promontorium
1114 4070 1467 4142 Emporium,
1488 4070 1543 4123 in
1581 4087 1689 4143 quo
1726 4070 1957 4142 positum
1992 4070 2091 4124 fuit
2115 4073 2210 4144 By·

650 4154 883 4209 zantium
910 4171 925 4210 :
954 4174 1136 4211 verum
1157 4166 1338 4229 postea
1352 4156 1521 4211 multo
1532 4156 1735 4231 planius
1750 4158 1893 4223 novi,
1917 4176 2037 4212 cum
2054 4157 2211 4213 incidi

646 4240 704 4295 in
727 4240 965 4313 Dionysii
993 4241 1281 4315 Anaplum.

1301 4403 1398 4464 Fr.
1446 4410 1544 4465 66.

1930 540 2279 604 DIONYSll
2323 542 2684 604 BYZANTH

2327 671 2464 725 rium
2490 689 2654 725 maris
2693 670 2887 726 ictibus
2905 674 3202 746 expositum
3225 676 3496 749 prominet
3508 700 3529 741 ,-
3566 678 3736 733 multa
3757 677 3894 735 enim

2325 756 2603 827 navigatio
2639 757 2716 812 ad
2747 758 2921 833 ipsum
2969 760 3200 835 impulsa
3245 775 3429 818 contra
3468 766 3888 839 promontorium

2327 846 2650 901 nominatum
2679 851 2868 902 Bovem
2893 860 3184 907 concertat.
3219 854 3323 905 Est
3343 864 3518 907 autem
3539 853 3586 907 is
3605 854 3747 909 locus
3775 867 3894 913 mn·

2325 951 2482 1005 quam
2502 952 2529 987 e
2556 933 2850 989 camel-ibus
2883 936 3128 991 emittens
3157 937 3479 1009 trajicientes
3519 939 3572 994 in
3601 945 3890 1015 Europam.

2325 1022 2394 1073 In
2417 1018 2511 1074 Ιιοι·
2526 1020 2883 1093 promontorio
2920 1022 3110 1078 existit
3145 1024 3384 1079 columna
3426 1025 3628 1100 lapidis
3652 1026 3767 1082 albi
3781 1070 3798 1091 ,
3837 1030 3894 1085 in

2323 1123 2429 1177 qua
2468 1116 2618 1160 extat
2654 1110 2784 1171 Bos,
2841 1108 3078 1164 Chat-etis
3117 1108 3448 1185 imperatoris
3500 1112 3893 1173 Atheniensium

2324 1192 2543 1263 conjux,
2561 1210 2718 1265 quam
2737 1192 2824 1247 Ιιίσ
2849 1205 3108 1251 mortuam
3120 1195 3384 1273 sepelivit.
3404 1198 3696 1274 Inscriptio
3717 1213 3893 1258 autem

2324 1276 2589 1345 significat
2627 1279 2877 1335 sermonis
2934 1281 3245 1347 mritatenu
3281 1294 3342 1338 at
3381 1283 3499 1350 illi,
3550 1286 3646 1359 qui
3699 1306 3894 1344 vanam

2323 1363 2547 1417 reddum
2580 1364 2856 1421 historiam
2872 1406 2888 1432 ,
2913 1380 3116 1443 putant
3147 1369 3380 1444 antiqua
3414 1372 3579 1427 Bovis
3617 1384 3888 1442 scaenam,

2323 1450 2622 1507 aberrantes
2647 1470 2684 1506 a
2703 1452 2954 1512 veritate.
2985 1455 3247 1531 Inscripti
3265 1456 3400 1512 enim
3421 1458 3476 1513 in
3497 1459 3748 1515 columnoe
3773 1460 3893 1519 basi

2324 1539 2382 1594 hi
2401 1558 2582 1595 versus
2607 1552 2731 1595 sunt
2757 1562 2778 1596 .-

2444 1683 2642 1747 Ἰναχίης
2660 1684 2746 1734 οὐκ
2766 1686 2860 1749 sipi
2893 1687 3002 1749 βοὸς
3022 1687 3185 1747 τύπος,
3218 1686 3314 1738 οὐδ’
3330 1688 3414 1738 ἀπ’
3439 1691 3569 1752 ἐμεῖο

2507 1753 2734 1815 Κλῄζεται
2756 1754 2973 1806 ἀντωπὸν
2999 1756 3254 1821 Βοσπὸριον
3275 1758 3497 1820 πέλαγος·

2445 1822 2613 1879 Κείνην
2626 1822 2717 1887 γὰρ
2736 1826 2792 1873 τὸ
2822 1824 3010 1888 πάροιθε
3032 1827 3171 1889 βαρὺς
3194 1828 3331 1891 χόλος
3359 1827 3532 1885 ἤλασεν
3551 1830 3700 1892 Ἥρης

2507 1894 2580 1950 Ἐς
2603 1892 2773 1957 Φάρον·
2798 1896 2880 1953 ἥδε
2907 1895 2950 1946 δ’
2971 1896 3066 1957 ἐγὼ
3089 1897 3317 1959 liuponi:
3348 1900 3442 1963 εἰμι
3465 1899 3616 1957 νέκυς.

2461 1966 2645 2021 Εὖνὲτις
2666 1964 2723 2025 ἦν
2747 1964 2837 2031 [δὲ]
2861 1966 3088 2030 Χάρητος,
3111 1967 3265 2017 tuom
3292 1970 3334 2020 δ’
3347 1970 3425 2021 ὅτε
3441 1972 3594 2020 πλῶον
3621 1972 3798 2029 ἐκεῖνος

2501 2037 2624 2101 Τῇδι
2651 2036 2941 2088 Φιλιππείων
2967 2038 3214 2097 ἀντίπαλος
3227 2042 3458 2105 σκαφὲων.

2443 2106 2640 2157 Βοιίδιον
2666 2104 2707 2155 δ’
2724 2106 2895 2167 ἤκουον
2917 2106 3050 2173 [inb]
3071 2109 3192 2173 τότε,
3212 2114 3292 2160 νῦν
3315 2110 3365 2161 δὲ
3393 2109 3603 2177 Χάρητος

2502 2179 2690 2233 zevene.
2705 2178 2908 2243 ἠπείροις
2929 2181 3156 2245 τέρπομαι
3177 2181 3472 2247 ἀμφοτέραις.

2385 2302 2734 2374 Temporibus
2761 2302 2934 2357 Photii
2953 2343 2971 2370 ,
3013 2306 3105 2377 qui
3145 2305 3460 2379 hypotheses
3489 2308 3884 2380 praecipuorum

2317 2390 2632 2462 scriptorum
2652 2390 2792 2446 velut
2819 2390 3016 2447 indices
3040 2394 3267 2467 antiquae
3294 2394 3622 2450 bibliothecae
3654 2398 3885 2455 consu-i-

2321 2477 2450 2550 psit,
2477 2479 2610 2533 vixit
2631 2480 2888 2551 Georgius
2916 2480 3180 2549 Codinus;
3209 2484 3251 2537 is
3271 2483 3382 2537 haec
3403 2482 3513 2538 sere
3527 2484 3737 2550 omnia,
3763 2502 3884 2557 quai

2315 2575 2436 2619 ante
2453 2564 2582 2632 dixi,
2607 2566 2890 2639 exAnaplo
2911 2581 2922 2605 ¹
2947 2569 3190 2641 Dionysii
3219 2569 3309 2642 (p.
3339 2590 3372 2641 9
3392 2568 3476 2629 ed.
3503 2572 3678 2625 Bonn.
3695 2574 3718 2641 )
3737 2581 3883 2627 retu·

2316 2648 2376 2705 lit
2401 2651 2456 2704 in
2478 2669 2574 2706 sua
2596 2653 2788 2726 scripta
2817 2677 2840 2701 ·
2871 2655 3152 2727 Postquam
3169 2694 3186 2719 ,
3221 2656 3424 2728 inquit,
3457 2658 3567 2711 Leo
3599 2658 3822 2711 excessit
3849 2676 3884 2713 e

2319 2738 2422 2793 vita
2443 2778 2461 2805 ,
2491 2739 2890 2795 Atheniensium
2929 2743 3215 2815 imperator
3236 2742 3430 2797 Chares
3446 2783 3464 2811 ,
3500 2762 3624 2799 cum
3651 2741 3879 2816 quadra-

2315 2826 2458 2895 ginta
2492 2826 2710 2881 navibus
2737 2828 2792 2881 in
2818 2846 2884 2883 au
2893 2828 3073 2885 silium
3110 2831 3481 2903 Byzantiorum
3506 2830 3778 2904 profectus
3804 2831 3874 2887 ad

2315 2911 2509 2967 bellum
2542 2923 2727 2969 contra
2757 2913 3058 2990 Philippum
3079 2955 3097 2983 ,
3136 2917 3415 2990 occupavit
3451 2920 3881 2990 promontorium

2315 2998 2672 3072 Propontidis,
2700 2998 2848 3073 quod
2869 3001 3006 3056 inter
3026 3001 3409 3058 chalcedonem
3435 3013 3489 3059 et
3512 3004 3881 3079 Chrysopolim

2311 3086 2472 3141 situm
2495 3097 2600 3154 est,
2633 3097 2685 3141 et
2707 3088 2762 3142 in
2786 3086 2874 3142 illo
2900 3088 3017 3143 loco
3039 3098 3222 3145 contra
3239 3089 3542 3165 Philippum
3561 3092 3744 3164 praelio
3767 3090 3880 3148 ieli-

2311 3174 2443 3229 citer
2513 3173 2798 3230 decertavit
2822 3214 2838 3240 ,
2885 3176 2979 3230 ubi
3037 3174 3316 3249 conjugem
3360 3180 3610 3234 comitem
3675 3180 3876 3235 habens

2313 3259 2502 3315 morbo
2533 3260 2854 3316 laborantem
2890 3264 3094 3329 amisit,
3125 3282 3345 3337 eamque
3374 3264 3640 3339 sepultura
3665 3266 3872 3335 affecit,

2314 3346 2470 3418 eique
2487 3347 2734 3403 excitavit
2753 3364 2898 3401 aram
2918 3358 2972 3402 et
2997 3349 3296 3405 columnam
3321 3351 3375 3404 in
3396 3369 3502 3424 qua
3519 3352 3751 3405 Damalis
3771 3362 3878 3407 sta-

2309 3441 2400 3485 tua
2421 3441 2686 3505 spectatur
2717 3450 2782 3487 ex
2807 3430 2978 3503 lapide
3002 3433 3122 3488 albo
3149 3433 3300 3489 sacta.
3376 3436 3462 3490 Sic
3483 3437 3626 3489 enim
3647 3436 3874 3509 appella·

2307 3515 2464 3571 batur
2486 3516 2570 3571 illa
2582 3516 2818 3571 Charetis
2835 3534 2990 3584 uxor,
3011 3518 3159 3591 quod
3177 3521 3334 3574 etiam
3354 3522 3409 3574 in
3431 3538 3492 3574 ea
3511 3520 3690 3575 incisis
3704 3538 3874 3593 usque

2307 3601 2375 3658 ad
2401 3614 2635 3659 nostram
2671 3614 2875 3658 {etatem
2903 3604 3138 3660 versibus
3171 3617 3329 3679 patet.
3365 3632 3387 3653 ι
3421 3605 3626 3661 Deinde
3655 3606 3873 3663 eosdem

2305 3709 2484 3747 versus
2504 3691 2658 3749 aisert
2675 3732 2693 3759 ,
2723 3710 2856 3765 quos
2893 3710 3052 3766 supra
3083 3694 3285 3767 scripsi.
3347 3694 3603 3751 Praetereo
3620 3692 3733 3766 jam
3761 3713 3873 3751 non

2303 3789 2445 3833 recte
2459 3778 2724 3833 Codinum
2743 3778 2948 3833 tradere
2969 3780 3244 3835 Charetem
3264 3782 3451 3837 Atticae
3479 3781 3657 3835 classis
3679 3780 3871 3837 ducem

2303 3866 2646 3939 quadraginta
2695 3866 2915 3921 navibus
2965 3867 3274 3923 auxiliatum
3325 3868 3488 3922 tuisse
3529 3869 3832 3939 Byzantinis,
3849 3909 3867 3937 ,

2301 3974 2424 4010 eum
2445 3974 2520 4009 ex·
2543 3954 2898 4010 Demosthene
2920 3966 3146 4021 constet,
3176 3955 3521 4011 Athenienses
3543 3957 3869 4014 succurrisse

2300 4040 2559 4113 Byzantiis
2584 4049 2798 4094 «sentum
2821 4048 2874 4093 et
2904 4040 3086 4112 viginti
3105 4041 3342 4111 navigiis.
3371 4042 3578 4095 Omitto
3612 4041 3770 4095 etiam
3798 4040 3866 4095 il-

2299 4126 2392 4181 lud
2408 4166 2425 4194 ,
2454 4126 2599 4200 quod
2631 4126 2775 4181 dicat
2794 4129 3222 4200 promontorium
3236 4168 3252 4193 ,
3279 4129 3335 4183 in
3358 4116 3593 4201 quo-sita
3615 4139 3749 4183 esset
3766 4139 3871 4184 sta·

2296 4208 2390 4269 tina
2416 4213 2676 4278 Damalis,
2711 4231 2822 4268 esse
2849 4212 3216 4287 Propontidis,
3237 4233 3359 4269 cum
3380 4216 3447 4269 sit
3468 4215 3690 4287 Bospori
3718 4231 3732 4267 :
3764 4214 3870 4271 hoo

2296 4318 2463 4355 unum
2487 4342 2502 4363 ,
2539 4299 2684 4373 quod
2733 4310 2877 4355 recte
2913 4302 3115 4368 scribit,
3156 4303 3356 4375 accipio
3375 4344 3390 4367 ,
3435 4303 3688 4356 nimirum
3725 4302 3866 4359 hanc

2292 4386 2594 4441 columnam
2619 4397 2950 4461 statuamque
2975 4388 3222 4443 excitatas
3247 4386 3406 4441 fuisse
3437 4406 3468 4442 a
3501 4387 3768 4460 Byzantiis
3801 4388 3860 4443 in

2289 4474 2510 4546 gratiam
2534 4476 2862 4547 imperatoris
2884 4476 3293 4531 Atheniensium
3311 4518 3324 4541 ,
3346 4487 3406 4530 ut
3434 4494 3558 4531 eum
3582 4493 3647 4530 ex
3665 4473 3867 4531 antedi-

719 4564 847 4616 Post
899 4560 1246 4637 Chrysopolim
1264 4602 1279 4628 ,
1326 4562 1502 4634 inquit
1536 4562 1819 4635 Dionysius
1840 4600 1855 4628 ,
1898 4574 2199 4635 promonto·
2299 4564 2397 4617 ctis
2413 4564 2613 4636 percipi
2631 4574 2802 4636 potest
2818 4602 2835 4630 ,
2857 4572 2970 4617 tum
2995 4581 3060 4617 ex
3083 4563 3432 4636 psephismate
3451 4562 3824 4637 Byzantiorum
3839 4602 3858 4631 ,

718 4738 811 4792 Fr.
851 4740 939 4792 66.
963 4735 1159 4791 Eadem
1182 4748 1399 4791 narrant
1424 4736 1706 4809 Hesychius
1730 4734 1963 4789 Milesius
1986 4755 2041 4808 p.
2082 4736 2200 4799 153,

646 4824 701 4869 et
721 4812 949 4869 Codinus
970 4832 1025 4887 p.
1055 4834 1088 4887 9
1114 4814 1202 4870 ed.
1233 4814 1401 4869 Bonn.
1430 4818 1625 4870 Praeter
1650 4814 1746 4869 hos
1779 4816 2099 4886 epigramma
2134 4816 2203 4868 is·

646 4890 745 4947 tud
790 4904 1084 4948 memorant
1123 4894 1281 4949 etiam
1324 4896 1695 4951 Constantinus
1744 4894 2070 4967 Porphyrog.
2121 4896 2202 4948 De

644 4972 809 5029 thern.
841 4988 895 5039 2,
947 4988 1011 5028 ιο
1038 4974 1139 5045 (ex
1166 4992 1274 5047 quo
1318 4976 1371 5028 in
1411 4976 1588 5048 Steph.
1620 4977 1743 5048 Byz.
1767 4993 1824 5048 p.
1866 4978 1965 5045 178
2006 4977 2205 5031 Meine·

642 5050 765 5107 hius
803 5050 1047 5125 intulit),
1097 5054 1415 5125 Anthologia
1452 5054 1615 5110 Pal-t.
1662 5074 1715 5125 7,
1774 5058 1871 5125 169
1920 5066 1974 5109 et
2013 5054 2199 5110 Suidas

641 5146 693 5184 v.
722 5126 945 5185 Βοίδιον.
972 5128 1055 5187 Cf.
1082 5131 1264 5203 Heyne
1290 5132 1347 5185 in
1375 5134 1635 5205 Antiquit.
1660 5136 1786 5206 Byz.
1810 5151 2037 5187 excursu
2074 5136 2157 5188 111
2182 5153 2196 5189 ε

638 5211 719 5262 Do
746 5206 1027 5263 Damalide
1060 5214 1101 5263 C
1102 5210 1301 5265 lim-etis
1326 5214 1539 5283 conjuge
1565 5214 1769 5286 ejusque
1802 5223 2008 5269 statem.
2032 5242 2105 5254 —
2138 5214 2201 5266 ln

636 5304 790 5342 versu
820 5290 851 5343 3
878 5286 1063 5355 ἤλασεν
1092 5288 1235 5363 apud
1274 5290 1505 5363 Gyllium
1548 5291 1759 5348 excidit.
1796 5294 1859 5346 In
1892 5310 2038 5365 seqq.
2070 5292 2203 5363 lege·

634 5364 792 5420 batur
821 5386 836 5423 t
868 5365 953 5430 Εἷς
983 5368 1183 5440 Φάρον·
1207 5367 1267 5423 οὕ
1292 5388 1350 5439 γε
1376 5369 1520 5443 ίγὼ..
1571 5366 1630 5439 ἦν
1650 5370 1885 5442 Χάρητος,
1918 5369 2095 5426 ἔπλεον
2126 5370 2199 5425 ὅτ’

2292 4736 2504 4791 inmoti
2541 4734 2788 4805 iasi’vog...
2819 4737 3029 4791 Βοιίδιον
3049 4738 3094 4791 δ’
3114 4736 3293 4806 ἤκουον
3317 4739 3450 4793 τότε.
3475 4740 3704 4792 Versum
3731 4754 3866 4809 pen-

2292 4818 2538 4873 ultimum
2571 4818 2710 4870 varie
2737 4826 2934 4871 veteres
2958 4816 3229 4871 exhibent.
3277 4818 3412 4871 Cum
3447 4816 3706 4887 Dionysio
3735 4815 3862 4873 facit

2290 4894 2556 4962 Godinus,
2607 4914 2639 4950 e
2677 4913 2787 4968 quo
2821 4893 3017 4950 adscivi
3061 4913 3244 4950 vocem
3290 4894 3412 4967 ίγώ.
3455 4894 3748 4966 Hesychius
3788 4896 3861 4950 ita

2291 4974 2449 5030 habet
2489 4992 2504 5031 ε
2537 4974 2730 5027 Βοίδιον
2770 4972 2960 5047 οὔνομα
2986 4973 3032 5027 δ’
3056 4972 3140 5041 ἦεν
3208 4972 3322 5045 ἐμοὶ
3346 4973 3479 5027 τότε.
3527 4970 3860 5043 Anthologiae

2290 5054 2497 5108 codices
2527 5072 2541 5109 ε
2571 5054 2768 5107 Βοίδιον
2809 5052 3058 5125 καλεῦμαν
3099 5051 3201 5125 lyci)
3243 5053 3375 5107 τότε.
3419 5052 3800 5106 Constantinus
3839 5068 3856 5107 τ

2292 5134 2482 5185 Βοίδιον
2512 5131 2760 5205 καλεῦμαν
2794 5129 2894 5203 lyd»
2909 5171 2926 5197 ,
2955 5135 3041 5185 νῦν
3060 5130 3114 5184 δὲ
3133 5130 3370 5202 Χάρητος.
3395 5129 3583 5184 Suidas
3610 5144 3625 5182 ι
3661 5128 3856 5183 Βοίδιον

2289 5211 2540 5285 καλεῦμαν
2562 5212 2675 5267 τότε
2695 5211 2812 5285 ἐγώ,
2839 5216 2923 5265 νῦν
2960 5211 3073 5267 κτλ.

2366 5308 2414 5347 1.
2456 5294 2546 5346 Ex
2563 5291 2774 5364 Ampio
2797 5289 3068 5361 Dionysii]
3089 5288 3232 5343 Nihil
3255 5286 3409 5342 video
3431 5286 3574 5341 unde
3603 5286 3708 5341 hoc
3733 5302 3855 5359 proc

2287 5368 2462 5426 betur.
