4584 6284
1934 550 2158 613 omns
2202 549 2667 613 DESCRIPTIO.

861 679 958 768 ἧχι
986 687 1078 747 καὶ
1095 686 1318 765 ὦγύγιος
1347 682 1633 762 μηκύνεται
1657 683 1808 743 ὕδασι
1839 684 2045 745 Λάδων.

867 775 1059 855 Ἀγχοῦ
1089 775 1134 835 δ’
1157 772 1405 852 Ἀργείων
1437 770 1610 852 ἄροσις
1630 770 1721 831 καὶ
1741 778 1868 849 γαῖα
1894 770 2186 843 Λακώνων,

861 867 895 933 ἦ
942 861 1036 941 μὲν
1069 863 1122 927 ίς
1150 859 1395 931 ἀντολίην
1415 904 1432 931 ,
1463 862 1492 929 ἦ
1522 856 1565 916 δ’
1593 859 1644 924 le.
1668 855 1812 917 νότον
1839 856 2144 937 εἰσορόωσα.

743 971 824 1011 no
852 950 1004 1009 Δοιαὶ
1037 950 1083 1007 δ’
1119 944 1344 1025 Ἴσθμια
1371 950 1510 1005 νῶτα
1536 943 1936 1027 περιδρομίουσι
1977 944 2263 1019 θάλασσαι,

865 1034 902 1108 ἥ
923 1039 972 1095 τ’
990 1027 1227 1117 Ἐφύρης
1247 1032 1460 1114 ἀντικρὺ
1487 1034 1604 1092 ποτὶ
1629 1030 1802 1113 ζόφον,
1816 1030 1852 1103 ἥ
1871 1054 1928 1091 τε
1949 1033 2075 1113 πρὸς
2100 1033 2264 1114 αὐγὰς

864 1122 1146 1203 ἑλκομένη,
1173 1122 1269 1195 τὴν
1298 1122 1393 1199 μέν
1419 1145 1476 1183 τε
1501 1122 1776 1203 Σαρωνίδα
1798 1122 2182 1193 κικλήσκουσιν.

854 1212 1026 1293 Νίρθε
1051 1235 1112 1290 γε
1137 1210 1242 1289 μὴν
1259 1212 1488 1287 Ἰσθμοῖο
1512 1212 1638 1291 πρὸς
1663 1210 1824 1290 αὐγὰς
1839 1208 2068 1271 Ἀττικὸν
2087 1198 2259 1281 οὖδας,

871 1306 961 1359 τοῦ
993 1297 1080 1359 διὰ
1109 1300 1380 1359 Θεσπεσίου
1409 1298 1615 1378 φίρεται
1646 1297 1760 1381 ῥόος
1786 1297 2026 1359 Ἰλισσοῑο
2044 1342 2060 1374 ,

753 1408 834 1451 125
867 1388 1006 1449 ἔνθεν
1046 1388 1135 1447 καὶ
1165 1387 1358 1468 Βορέης
1387 1390 1500 1446 ποτ’
1539 1386 1835 1467 ἀνήρπασεν
1861 1385 2176 1466 Ὠρείθυιαν.

867 1478 962 1556 Τῷ
997 1476 1042 1533 δ’
1067 1473 1156 1533 ἔπι
1185 1476 1428 1535 Βοιωτῶν
1449 1496 1502 1532 τε
1531 1476 1686 1533 πέδον
1717 1472 1806 1533 καὶ
1825 1470 2012 1551 Λοκρὶς
2041 1472 2260 1553 ἄρουρα·

870 1560 1144 1633 Θεσσαλίη
1170 1560 1214 1619 δ’
1237 1562 1323 1621 ἰπὶ
1344 1568 1501 1631 τοῖσι,
1527 1558 1860 1634 Μακηδονίης
1881 1582 1937 1618 τε
1963 1558 2178 1632 πόληες.

879 1652 1002 1717 Γαῑς
1037 1650 1084 1707 δ’
1114 1645 1201 1707 ἔπι
1229 1648 1496 1729 φαίνονται
1515 1648 1733 1728 κορυφαὶ
1749 1649 2018 1727 χιονώδεος
2043 1646 2220 1725 Αἵμου

870 1734 1152 1816 Θρηικίου·
1181 1740 1274 1817 *soii
1301 1734 1345 1793 δ’
1371 1736 1498 1795 ἄντα
1531 1736 1649 1795 ποτὶ
1679 1735 1832 1815 §nn->m
1859 1734 2096 1817 ζεφύροιο

745 1844 828 1885 430
853 1823 1106 1895 Δωδώνης
1129 1820 1340 1903 ἤπειρος
1369 1821 1627 1901 ἀπείριτος
1661 1822 2049 1883 ἱκτετοίνυσται.

867 1913 978 1983 Τῆς
995 1908 1176 1989 δ’ὕπερ
1187 1911 1241 1976 ἐς
1259 1909 1406 1969 νότον
1421 1900 1678 1985 ticum-ta
1697 1906 2253 1988 σκοπιὴνἈρακύνθου,

863 1999 1058 2079 ἀνδρῶν
1083 1999 1338 2059 Αἰτωλῶν
1367 1998 1543 2058 πεδίον
1577 1996 1714 2076 μέγα
1731 2001 1850 2057 “tofi
1875 1997 1959 2056 διὰ
1980 1995 2176 2073 με’σσου

713 2214 867 2280 dicit,
889 2214 1033 2287 quod
1051 2216 1320 2289 epitheton
1339 2216 1394 2270 in
1412 2215 1663 2289 Alpheum
1677 2233 1784 2288 prae
1801 2218 1986 2271 ceteris
2007 2214 2262 2286 Pelopon·

713 2296 824 2348 nesi
867 2294 1044 2347 fluviis
1085 2293 1250 2350 cadit.
1305 2296 1472 2349 Porro
1513 2296 1571 2347 in
1615 2294 1796 2367 Alphei
1847 2293 1975 2348 locis
2019 2302 2264 2366 querceta

754 2373 914 2428 Rheae
931 2375 1115 2447 sacra)
1139 2383 1395 2428 memorat
1413 2414 1428 2440 ,
1467 2374 1602 2429 sicut
1637 2374 1825 2429 Strabo
1849 2391 1904 2446 p.
1932 2373 2032 2438 343
2072 2371 2261 2444 Alphei

713 2454 982 2523 regionem
999 2450 1132 2507 dicit
1155 2452 1336 2525 μεστὴν
1361 2452 1676 2526 Ἀρτεμισίων
1715 2453 1800 2507 καὶ
1833 2452 2144 2525 Ἀφροδισίων
2181 2452 2264 2505 καὶ

717 2530 985 2605 Νυμφαίων
1014 2530 1066 2585 ἔν
1095 2532 1267 2586 ἄλσεσι
1306 2531 1491 2587 ἄνθεων
1519 2533 1678 2606 πλέως
1701 2532 1760 2587 τὸ
1793 2533 1922 2589 πολὶι
1943 2529 2023 2584 διὰ
2047 2528 2136 2598 τὴν
2160 2529 2264 2586 ἔνυ-

714 2610 874 2681 δρίαν.
903 2611 1086 2683 Ipsum
1109 2608 1338 2684 denique
1355 2630 1550 2667 nomen
1582 2611 1724 2666 Ἰάων
1747 2630 1842 2667 seu
1863 2611 1978 2666 Ἴων
1997 2610 2138 2665 unde
2163 2610 2260 2665 du·

715 2699 858 2743 ctum
875 2690 944 2743 sit
957 2728 974 2756 ‚
999 2688 1211 2743 abunde
1233 2690 1520 2763 explimtur
1539 2692 1602 2745 iis
1621 2708 1738 2764 quae
1756 2691 1824 2745 de
1845 2692 1878 2746 J
1877 2708 1980 2746 one
1995 2691 2050 2745 in
2067 2690 2264 2763 Alpheo

715 2786 960 2825 cruorem
996 2768 1240 2824 abluente
1265 2768 1437 2843 deque
1463 2770 1700 2826 Joniadis
1721 2771 1966 2845 nymphis
1989 2771 2262 2826 violarum

719 2844 856 2915 (ἴων)
881 2863 1134 2901 coronam
1153 2845 1495 2903 offerentibus
1520 2860 1699 2903 narrat
1715 2849 1994 2915 Nicander,
2015 2861 2168 2923 poeta
2183 2870 2264 2923 φι-

705 2924 954 2996 λάρχαιος
975 2924 1294 2980 Callimacho
1319 2927 1629 2982 simillimus.
1657 2930 1711 2983 Is
1731 2929 1946 2983 enimin
1968 2930 2261 3000 Georgicon

710 3002 847 3059 libro
861 3002 1099 3059 secundo
1121 3009 1229 3077 (ap.
1252 3005 1558 3061 Athenaeum
1586 3006 1668 3074 15,
1688 3024 1745 3080 p.
1767 3007 1892 3077 683,
1909 3010 1972 3079 A)
1992 3010 2064 3064 ita
2081 3009 2258 3065 canit:

1356 3110 1540 3179 ...Γίνη
1559 3131 1616 3185 γε
1647 3110 1734 3183 μὲν
1757 3110 1852 3165 ἰάσι
1872 3113 2012 3165 δισσά

849 3188 1016 3259 ὠχρόν
1035 3206 1088 3241 τε
1115 3195 1285 3262 χρυσῷ
1302 3208 1354 3243 τε
1384 3187 1507 3261 φυὴν
1525 3190 1590 3254 εἰς
1611 3188 1722 3245 ὦπα
1749 3192 1995 3265 προσειδὲς
2011 3231 2026 3258 ,

849 3266 975 3319 ἅσσα
993 3268 1038 3320 τ’
1076 3266 1318 3330 Ἰωνιάδες
1343 3267 1520 3341 νύμφαι
1545 3270 1712 3342 στέφος
1736 3270 1887 3343 ἆγνδν
1910 3270 2047 3324 Ἴωνι

797 3344 802 3351 ’
849 3344 1068 3407 Πισαίοις
1085 3345 1350 3400 ποθίσασαι
1377 3346 1450 3401 tv}
1465 3346 1716 3419 κλήροισιν
1736 3348 1924 3419 ὄρεξαν.

850 3420 1034 3475 Ἦνυσε
1057 3420 1148 3493 γὰρ
1171 3420 1392 3493 χλούνην
1413 3442 1464 3477 τε
1488 3425 1836 3497 μετεσσύμενος
1859 3425 2174 3480 σκυλάκεσσιν

858 3497 1062 3573 Ἀλφειῷ
1085 3500 1169 3553 καὶ
1198 3499 1379 3572 λῦθρον
1413 3502 1504 3555 ἑῶν
1541 3501 1782 3557 ἐπλύνατο
1802 3505 1983 3576 γυίων,

853 3574 1063 3649 ἑσπέριος
1079 3577 1334 3651 νύμφαισιν
1359 3577 1644 3633 Ἰαονίδεσσι
1669 3582 1936 3653 νυχεύσων.

715 3692 811 3745 His
847 3690 982 3745 adde
1013 3690 1157 3763 quod
1180 3692 1370 3747 Strabo
1405 3712 1459 3766 p.
1497 3694 1598 3767 357
1623 3695 1778 3765 (coll.
1810 3697 2063 3750 Pausania
2084 3713 2136 3762 2,
2163 3712 2252 3762 22,

717 3771 788 3842 6)
817 3772 872 3825 in
893 3769 1118 3825 Pisatide
1135 3769 1203 3825 ad
1224 3772 1531 3844 Cytherium
1549 3775 1798 3841 rivulum,
1818 3776 1980 3847 quiin
1995 3776 2254 3847 Alpheum

715 3850 855 3912 exit,
882 3859 1140 3905 memorat
1165 3849 1223 3903 τδ
1247 3856 1343 3905 τῶν
1387 3848 1642 3906 Ἰωνιάδων
1666 3858 1862 3925 νυμφῶν
1890 3852 2017 3925 ἱερὸν
2052 3860 2149 3907 τῶν
2179 3873 2258 3909 πε·

714 3930 1042 3999 πιστευμίνων
1092 3929 1367 4001 θεραπεύειν
1407 3932 1577 3995 νόσους
1625 3933 1732 3997 τοῖς
1763 3931 1924 3989 ὕδασι.
1975 3934 2256 4006 Dionysius

715 4007 875 4077 igitur
895 4008 1116 4062 Jaonem
1141 4026 1173 4063 e
1205 4008 1550 4075 Callimacho,
1580 4028 1736 4082 quem
1769 4029 1878 4065 non
1913 4011 2254 4082 intelligebat,

715 4095 911 4139 temere
936 4086 1180 4159 arripuit.
1225 4088 1388 4141 Melas
1413 4089 1506 4160 qui
1555 4086 1712 4143 luerit
1745 4090 1880 4144 inter
1910 4101 1989 4145 tot
2023 4090 2258 4146 Arcadiae

715 4168 987 4236 fluviolos,
1032 4187 1262 4241 quorum
1310 4173 1523 4227 nomina
1563 4175 1888 4243 ignoramus,
1925 4174 2100 4229 dicere
2150 4194 2258 4231 non

715 4246 902 4301 habeo.
926 4251 1011 4302 An
1041 4247 1143 4303 suit
1175 4250 1367 4304 fluvius
1397 4254 1482 4305 eui
1505 4252 1808 4323 adjacebant
1825 4252 2070 4308 Melaneae
2095 4254 2152 4307 in
2179 4256 2260 4309 via

712 4348 816 4402 qua
843 4332 1086 4403 Gortyne
1113 4334 1222 4387 itur
1236 4335 1474 4387 Heraeam
1491 4333 1516 4388 Ρ
1535 4339 1622 4389 An
1649 4336 1704 4389 in
1729 4336 1966 4391 Armdiae
1987 4348 2134 4411 parte
2172 4337 2262 4393 bo·

711 4409 836 4463 reali
875 4418 930 4464 et
969 4409 1208 4482 Argolidi
1235 4412 1536 4485 propinqua
1582 4432 1692 4469 non
1743 4414 1897 4487 longe
1921 4415 1988 4470 ab
2031 4420 2262 4474 Aroanio

711 4490 876 4545 fluvio
901 4488 1249 4562 quaeoendum
1296 4501 1542 4564 putemus
1557 4532 1574 4560 ,
1616 4496 1866 4565 quoniam
1905 4497 2180 4551 Vitruvius
2205 4514 2258 4563 2,

717 4571 770 4634 8,
795 4586 860 4624 12
883 4578 1064 4623 narrat
1085 4568 1280 4623 Melam
1308 4580 1362 4624 et
1387 4573 1704 4627 Areuaniam
1733 4574 2080 4645 (Aroaniam)
2109 4578 2262 4647 Argis

711 4666 772 4702 nc
787 4648 1040 4702 Troezene
1053 4664 1388 4703 communem
1407 4649 1666 4705 coloniam
1685 4650 1962 4707 deduxisse
1977 4654 2032 4707 in
2051 4654 2263 4709 Asiam?

719 4727 744 4795 11
779 4756 854 4767 --
877 4729 1000 4796 417.
1025 4726 1254 4781 Versum
1277 4726 1454 4783 laudat
1475 4728 1712 4783 Eudocia
1739 4732 1794 4784 in
1818 4730 2014 4785 Violet.
2051 4750 2105 4805 p.
2134 4733 2258 4803 439.

721 4804 744 4873 ΙΙ
774 4834 846 4845 -
869 4806 994 4868 418.
1031 4829 1054 4852 ι
1078 4804 1240 4877 ἄροσις
1263 4805 1380 4861 loco
1396 4808 1576 4881 ἄρουρα
1594 4819 1861 4864 mutuatus
1879 4821 1955 4864 est
1979 4813 2170 4868 Noster
2193 4812 2262 4865 ab

716 4882 996 4954 Apollonio
1021 4900 1070 4949 1,
1097 4887 1220 4940 826.
1247 4886 1374 4943 868.
1403 4910 1426 4935 ι
1456 4888 1662 4943 Bmm.
1684 4889 1964 4961 Λακώνων]
1985 4891 2258 4945 Αυκαώνων

717 4961 975 5018 Glt'bmw.
1013 4964 1038 5035 ss
1067 4994 1140 5006 —
1165 4968 1287 5029 421.
1313 4968 1424 5021 ποτὶ
1451 4969 1646 5041 ζίφυρον
1667 4970 1700 5037 ἦ
1718 4989 1769 5024 τε
1791 4969 1908 5043 πρὸς
1927 4969 2004 5039 ἠῶ
2023 4974 2132 5038 HQ
2158 4972 2260 5026 hoc

715 5042 1238 5113 interpretamentum
1264 5048 1434 5101 versui
1464 5048 1874 5105 accommodavit
1897 5054 1964 5109 X
1978 5051 2257 5107 scribendo

713 5118 914 5192 ἀντικρὺ
949 5120 1066 5176 ποτὶ
1085 5124 1284 5195 ζόφυρόν
1315 5144 1370 5179 τε
1394 5126 1510 5197 πρὸς
1531 5125 1624 5195 ἠῶ.
1650 5158 1721 5171 -
1743 5130 1940 5203 ζέφυρον
1964 5148 2066 5204 pro
2106 5132 2255 5203 ζόφον

711 5197 871 5255 habet
892 5219 950 5266 o,-
968 5199 1166 5273 ἀντικρῖ)
1182 5201 1382 5275 ζέφυρον
1410 5206 1529 5275 (γρ.
1551 5205 1664 5260 ποτὶ
1683 5207 1852 5279 ζόφον)
1881 5206 1938 5263 d.
1961 5236 2036 5251 -κ
2057 5206 2134 5276 ἠῶ
2157 5215 2255 5263 AB

709 5280 1912 5359 DEFGHKLMNOYXbodegmmopqrsm,
1941 5286 2092 5359 αὗγδις
2130 5300 2250 5345 cett.

716 5356 940 5426 ΙΙ-422.
959 5357 1222 5431 ἔλκομίνη]
1240 5358 1478 5432 ἐρχομένη
1493 5372 1599 5434 pet
1617 5380 1738 5433 mgo
1761 5366 1810 5419 Y
1821 5377 1910 5416 vm·
1942 5364 2058 5421 bnt.
2076 5384 2162 5429 an.
2185 5370 2247 5421 R.

1062 5465 1240 5509 flaoca-
1269 5472 1321 5510 11.

3782 566 3894 619 129

2355 690 2445 747 uhi
2460 692 2617 745 etiam
2645 692 2847 763 priscus
2874 693 3057 745 Ladon
3078 690 3251 763 longas
3276 694 3434 747 trahit
3460 713 3641 767 aquas.

2354 782 2523 852 Prope
2552 796 2675 833 vero
2702 778 3016 849 Argivorum
3038 796 3222 833 arvum
3242 797 3305 833 ac
3338 790 3476 835 terra
3502 782 3794 847 Laconum,

2350 866 2510 920 altera
2530 866 2585 919 iu
2612 876 2789 919 ortum
2809 903 2823 927 ,
2849 866 2903 918 iu
2926 875 3163 919 austrum
3184 864 3341 920 altera
3362 878 3619 939 spectans.

2353 955 2474 1006 Duo
2499 964 2675 1007 autem
2692 953 2879 1007 Isthmi
2900 953 3118 1017 dorsum
3141 954 3301 1007 maria
3328 956 3763 1011 circumfremunt
3778 998 3793 1022 ,

2351 1037 2452 1091 hoc
2477 1048 2660 1093 contra
2682 1038 2949 1111 Ephyram
2970 1039 3027 1093 in
3050 1056 3312 1105 occasum,
3334 1040 3462 1094 illud
3485 1042 3539 1095 in
3560 1056 3738 1097 ortum

2352 1121 2590 1190 tendens,
2613 1123 2755 1196 quod
2776 1124 3087 1179 Saronicum
3108 1134 3312 1179 vocant.

2351 1210 2549 1265 isthmo
2570 1221 2743 1265 autem
2769 1208 2989 1265 inferior
3004 1211 3061 1265 in
3084 1213 3339 1265 orientem
3363 1222 3440 1267 est
3466 1214 3639 1269 Attica
3657 1212 3815 1269 tellus

2349 1314 2507 1369 quam
2535 1296 2700 1351 divini
2719 1314 2905 1352 cursus
2928 1296 3057 1351 Ilissi
3082 1309 3314 1371 permeat
3333 1340 3349 1365 ‚

2350 1385 2493 1441 uude
2515 1386 2671 1440 etiam
2698 1388 2892 1441 Boreas
2921 1385 3047 1441 olim
3069 1388 3364 1459 Orithyiam
3394 1387 3645 1461 abripuit.

2348 1476 2474 1529 Post
2495 1472 2631 1527 hanc
2650 1473 2955 1528 Boeotorum
2978 1472 3149 1527 solum
3168 1484 3221 1527 et
3246 1475 3540 1529 Locrorum
3567 1492 3719 1539 anm

2346 1580 2464 1634 quae
2481 1562 2877 1632 subsequuntur
2899 1560 3163 1616 Thessalia
3184 1560 3604 1633 Macedoniaeque
3627 1563 3805 1620 urbes.

2348 1648 2605 1719 Deinceps
2629 1648 2844 1701 vertice·
2862 1647 3256 1720 conspiciuntur
3282 1648 3464 1702 nivalis
3484 1649 3653 1703 Haemi

2342 1734 2583 1798 Thracii,
2616 1730 2765 1805 cujus
2788 1750 2820 1787 e
2846 1732 3061 1803 regione
3085 1750 3262 1787 versus
3280 1734 3433 1788 flatus
3460 1734 3653 1789 favonii

2346 1822 2599 1874 immensa
2624 1830 2766 1893 patet
2794 1818 3033 1875 Dodonae
3060 1822 3347 1879 continens.

2345 1906 2493 1960 Hanc
2504 1922 2663 1978 super
2684 1906 2739 1959 in
2762 1915 2999 1959 austrum
3017 1907 3181 1976 vergit
3191 1905 3291 1960 sub
3310 1908 3598 1980 Aracynthi
3618 1910 3895 1963 cacumina

2344 1992 2525 2048 :Etolae
2542 1994 2709 2065 gentis
2736 2009 2925 2065 magna
2946 1992 3209 2065 planities,
3232 2012 3390 2065 quam
3418 1996 3645 2050 mediam

2349 2222 2402 2265 et
2423 2214 2493 2268 Η.
2520 2214 2766 2285 Stephan.
2788 2212 2877 2281 τὴν
2897 2214 2982 2286 μίν
3000 2214 3089 2285 τε]
3119 2213 3208 2281 τήν
3228 2233 3316 2285 περ
3342 2234 3395 2269 τε
3417 2220 3581 2273 Aoo.
3606 2216 3689 2271 Cf.
3718 2219 3895 2290 Etym.

2349 2295 2425 2347 M.
2452 2312 2507 2367 p.
2540 2298 2641 2364 708
2684 2310 2697 2348 :
2742 2294 2975 2365 Σαρωνίς.
3017 2293 3263 2368 Εὗφορίων
3302 2295 3446 2367 φησίν
3470 2316 3481 2327 ·
3523 2294 3685 2364 ἔπειδὴ
3726 2297 3897 2371 Σάρων

2350 2392 2421 2437 τις
2437 2373 2648 2448 κυνηγὸς
2667 2372 2955 2441 ἔπιδιώαων,
2986 2372 3169 2429 ἐκεῖθεν
3206 2374 3595 2447 κατεκρημνίσθη
3630 2376 3697 2441 εἰς
3721 2378 3900 2433 θάλασ-

2350 2472 2437 2507 σαν
2454 2492 2471 2519 ,
2494 2452 2575 2507 διὰ
2593 2457 2737 2508 τοΰτο
2760 2452 3039 2526 Σαρωνικδν
3062 2450 3243 2521 ἐκλήθη
3261 2451 3319 2507 τδ
3338 2453 3573 2527 πέλαγος.
3595 2454 3843 2522 Διονύσιος
3868 2458 3897 2513 ό

2346 2532 2641 2604 περιηγητής
2656 2552 2668 2565 ·
2694 2556 2717 2585 ι
2734 2530 2823 2599 τὴν
2851 2534 2936 2606 μίν
2950 2552 3005 2587 τε
3024 2532 3275 2605 Σαρωνίδα
3295 2533 3635 2601 κικλήσκουσι.
3669 2559 3692 2588 s
3710 2538 3897 2594 Strabo

2348 2627 2403 2681 p.
2434 2612 2535 2666 335
2576 2630 2590 2669 ε
2620 2612 2743 2677 τινὲς
2766 2611 2819 2665 δὲ
2852 2611 2937 2666 καὶ
2959 2612 3046 2666 τδν
3075 2610 3347 2684 Σαρωνικὶιν
3378 2616 3527 2685 πόρον
3550 2614 3764 2689 πέλαγος
3782 2616 3897 2671 ὀνο·

2352 2690 2574 2761 petowe.
2604 2691 2687 2745 Cf.
2715 2709 2872 2764 supra
2895 2708 2949 2764 p.
2983 2690 3051 2745 53
3072 2701 3187 2747 not.
3218 2691 3243 2763 1]
3273 2693 3485 2757 -423.
3516 2694 3683 2767 νίρθε]
3718 2698 3896 2767 πρόσθε

2348 2770 3082 2844 ACEGNYXabdehmpquw
3096 2787 3259 2841 marg.
3284 2773 3477 2843 0.·πρό
3511 2770 3663 2844 θεμὴν
3698 2792 3748 2831 s.
3774 2776 3897 2831 Vox

2349 2846 2483 2917 νέρθε
2500 2846 2685 2903 eodem
2705 2866 2862 2903 seusu
2882 2848 3159 2903 adhibetur
3176 2866 3281 2920 quo
3297 2868 3375 2906 vs.
3407 2850 3511 2905 336
3526 2850 3749 2924 ὑπένερθε
3776 2854 3799 2925 ΙΙ
3824 2884 3898 2897 --

2350 2928 2474 2990 424.
2488 2926 2757 2981 Θεσπεσίοιο
2767 2926 3139 3001 DGNbceqr-n3
3156 2928 3437 2999 κατέρχεται
3456 2946 3553 3001 pro
3569 2931 3758 3003 φέρεται
3770 2932 3891 2989 cod.

2349 3021 2391 3057 ε.
2424 3006 2447 3073 n
2476 3034 2551 3047 -—
2578 3006 2703 3070 425.
2734 3004 2905 3077 ἔνθεν]
2927 3004 3045 3060 ἔνθα
3064 3023 3123 3078 9,·
3142 3006 3289 3079 πότ’]
3316 3007 3465 3079 πριῖ1τ’
3494 3012 3573 3063 Ds
3595 3030 3618 3072 ,-
3649 3008 3894 3081 Ὦρειθίαν

2344 3100 2397 3151 o,
2434 3079 2705 3153 Ὦριίθοιαν
2756 3090 2827 3141 Α.
2872 3087 2953 3138 De
2995 3101 3053 3138 re
3095 3102 3217 3140 cum
3256 3085 3449 3141 Nostro
3502 3086 3623 3141 facit
3654 3087 3891 3161 Apollon.

2346 3160 2521 3219 Rhod.
2552 3179 2602 3228 1,
2632 3163 2757 3217 215.
2805 3165 2886 3217 De
2910 3162 3219 3237 Βοτεεεῖερῷ
3238 3162 3307 3217 ad
3328 3164 3535 3220 nissum
3558 3183 3611 3220 v.
3636 3167 3893 3227 Herodot.

2337 3254 2397 3307 .7,
2437 3241 2561 3311 189.
2622 3241 2916 3295 Simonides
2944 3242 3237 3314 Orithyiam
3270 3259 3303 3297 a
3344 3244 3601 3313 Brileseo,
3637 3248 3895 3305 Choerilus

2343 3332 2375 3368 a
2394 3316 2629 3388 Cephissi
2667 3318 2899 3373 sontibus
2920 3318 3200 3376 abductam
3226 3338 3337 3377 esse
3376 3322 3655 3392 dixerunt,
3677 3337 3898 3384 testante

2342 3392 2506 3451 schol.
2535 3397 2709 3469 Apoll.
2730 3398 2833 3453 Rh.
2856 3416 2903 3463 1,
2928 3400 3285 3469 nnn—426.
3315 3404 3390 3472 τῷ
3410 3401 3431 3472 ]
3454 3406 3557 3466 τοῖς
3573 3408 3897 3463 BGHEKLe

2343 3479 2537 3545 ηυζ·;δ’
2562 3476 2673 3548 ἔπι]
2694 3476 2746 3531 δὲ
2771 3476 2929 3548 enta]
2959 3478 3115 3533 omis.
3142 3480 3443 3542 EGKLN05
3469 3482 3666 3551 Λοκρῶν
3708 3488 3895 3541 CEFG

2343 3560 2541 3623 cheo;
2569 3558 2755 3627 Λοκρόν
2774 3554 3068 3627 ‚fill-427·
3094 3556 3241 3626 τοῖσι]
3256 3560 3370 3627 τῇσι
3396 3560 3894 3619 ABEGHKLMNb

2340 3634 2558 3698 (κίοσι-ιζ’
2581 3632 2888 3705 Nicephor.;
2908 3630 3078 3687 1Μακεδ
3091 3673 3106 3690 .
3146 3636 3233 3687 CD
3244 3637 3439 3702 GKLQ
3447 3636 3655 3691 Yabert.
3667 3638 3888 3708 ΙΙ-428.

2342 3717 2465 3787 ταῖς]
2482 3718 2570 3789 τῇς
2595 3716 2807 3772 GHLX
2804 3718 2859 3769 N
2866 3718 2907 3769 Υ
2908 3710 3019 3769 bde.
3031 3713 3249 3785 11-429.
3266 3716 3373 3787 τοῦ]
3390 3720 3485 3769 τῶν
3504 3720 3599 3780 Be‚·
3612 3721 3894 3791 περιρριπήν

2344 3802 2403 3853 Β,
2425 3794 2657 3866 11-430.
2688 3790 3054 3863 ἔκτετάνυσται]
3075 3791 3396 3865 ἐστεφάνωται
3421 3798 3573 3851 ABE
3580 3798 3899 3857 GHKLMN

2342 3872 2935 3945 OXbegleikmoqmwtt.
2966 3895 2989 3918 ι
3016 3870 3293 3926 Manifesto
3316 3872 3430 3927 hoec
3454 3872 3767 3930 diversitatis
3785 3880 3893 3933 sin-

2342 3954 2715 4025 gularitasevs.
2737 3954 2771 4015 4
2796 3948 3029 4005 derivata
3062 3960 3159 4006 est.
3186 3976 3210 3999 ι
3244 3952 3561 4025 Bernhardy.
3590 3954 3727 4009 Citat
3750 3954 3895 4015 hunc

2344 4048 2551 4086 versum
2577 4030 2751 4103 steph.
2780 4031 2905 4103 Byz.
2945 4047 2998 4085 V.
3038 4030 3270 4099 Δωδώνη.
3297 4030 3461 4101 Quod
3487 4030 3577 4099 τὴν
3611 4034 3893 4106 παρήχησιν

2345 4109 2625 4165 verborum
2666 4107 2881 4180 ἤπειρος,
2906 4107 3146 4181 ἀπείριτος
3166 4110 3382 4176 attinet,
3409 4110 3614 4165 confert
3628 4114 3893 4169 Bernhar-

2344 4189 2477 4261 dyus
2498 4187 2765 4260 Euripidis
2787 4204 2995 4241 versum
3018 4190 3039 4254 (
3050 4186 3117 4242 fr.
3150 4188 3283 4258 1037
3304 4206 3360 4261 p.
3394 4191 3498 4254 864
3528 4188 3615 4246 ed.
3639 4190 3847 4265 Didot)
3873 4210 3889 4249 ε

2346 4266 2541 4339 ἤπειρον
2573 4264 2639 4328 είς
2660 4266 2853 4337 ἄπειρον
2872 4264 3091 4320 ἰκὸαλὼν
3108 4266 3253 4320 πόδα.
3280 4266 3302 4336 ΙΙ
3325 4296 3401 4308 -
3418 4268 3542 4331 431.
3567 4268 3672 4339 τῆς]
3694 4272 3799 4334 τοῖς
3820 4274 3893 4336 D,-

2346 4344 2444 4400 εἶσι
2464 4344 2607 4417 μετὰ]
2628 4342 2747 4399 εἰσὶν
2766 4344 2859 4399 {aab
2871 4346 3305 4413 AGKLNthe‚
3322 4345 3424 4399 nisi
3442 4344 3585 4418 quod
3605 4346 3726 4401 εἰσὶν
3749 4346 3894 4403 deest

2347 4427 2401 4479 in
2426 4429 2625 4488 GLNe,
2654 4426 2791 4479 sicut
2829 4424 2984 4479 etiam
3010 4426 3065 4480 in
3092 4424 3176 4490 bn·
3208 4424 3389 4481 subter
3410 4426 3597 4481 Avien.
3641 4426 3761 4497 591,
3793 4430 3893 4484 sub

2347 4503 2605 4560 Priscian.
2626 4503 2750 4568 445.
2780 4502 2863 4557 Cf.
2890 4502 3155 4570 Eustath.;
3186 4500 3264 4558 ἐπὶ
3288 4504 3493 4571 σκοπιήν
3516 4522 3655 4560 corr.
3684 4504 3746 4570 εἰς
3772 4504 3896 4573 ἴδοις

2348 4579 2553 4649 σκοπιὴν
2570 4601 2629 4655 9,·
2649 4580 2925 4655 ’Δρακίνθου
2947 4583 3573 4653 ACEKLNl'dqsgltkmr,
3602 4582 3893 4657 Ἀρακάνθου

2351 4665 2410 4727 Β,
2444 4660 2733 4733 ’Amadoco
2754 4662 2832 4715 M.
2855 4686 2877 4707 ι
2895 4659 3054 4729 Quod
3073 4662 3364 4715 Acarnanes
3382 4662 3664 4733 Dionysius
3688 4662 3895 4720 silentio

2348 4740 2681 4813 pretermisit
2696 4780 2711 4804 ,
2735 4738 2877 4793 haud
2916 4738 3077 4793 dubie
3110 4740 3413 4811 significavit
3443 4740 3510 4795 ad
3544 4743 3765 4813 Epirum
3802 4762 3893 4798 eos

2348 4819 2672 4892 pertinuisse,
2680 4815 2827 4889 cujus
2836 4816 3030 4872 finibus
3042 4818 3265 4875 Romani
3272 4816 3535 4889 jusserant
3542 4822 3888 4875 Acarnaniam

2346 4900 2625 4955 contineri.
2652 4924 2676 4946 ι
2709 4900 3067 4955 Baumanr.
3104 4900 3301 4963 Immo,
3348 4898 3654 4953 Acarnania
3692 4900 3891 4955 mentio

2348 4980 2479 5033 inest
2498 4978 2668 5033 verbis
2681 4978 2902 5050 ὁμούρων
2916 4976 3243 5049 Κεφαλλήνων
3257 4976 3537 5050 πτολίεθρας
3555 4976 3891 5051 Cephallenes

2346 5059 2487 5113 enim
2497 5056 2637 5130 apud
2650 5058 2937 5111 Homerum
2952 5074 3061 5111 non
3074 5056 3263 5111 insulas
3272 5056 3530 5111 modosed
3542 5058 3889 5112 Acarnaniam

2344 5154 2557 5208 quoque
2590 5146 2888 5190 tenuerunt.
2922 5136 2993 5191 V.
3028 5135 3214 5190 Strabo
3242 5154 3296 5209 p.
3321 5135 3447 5199 452.
3475 5139 3597 5201 461.
3626 5138 3883 5207 11-432.

2343 5214 2521 5267 maium
2554 5230 2609 5279 s,·
2634 5214 2779 5283 plenu
2810 5212 3015 5269 1²1de
3038 5232 3127 5287 oq,
3154 5215 3297 5285 μέσον
3318 5214 3378 5283 fi
3413 5216 3586 5286 μέσσος
3612 5218 3684 5279 Y,·
3697 5214 3881 5269 πεδίον·

2344 5296 2429 5345 τοῦ
2448 5292 2492 5344 δ’
2514 5293 2560 5345 δ’
2584 5284 2646 5345 αὖ
2668 5290 2747 5345 διὰ
2766 5292 2941 5362 μέσσον
2966 5303 3185 5346 correct.
3206 5296 3276 5348 0.
3295 5294 3418 5348 Vox
3440 5294 3617 5365 μέσσου
3640 5310 3749 5347 non
3764 5308 3885 5365 pre-

2344 5368 2533 5425 menda
2574 5379 2673 5427 est.
2712 5371 2784 5424 V.
2814 5380 2927 5425 not.
2970 5369 3039 5424 ad
3074 5370 3194 5424 531.
3234 5374 3315 5426 De
3357 5372 3626 5445 superiore
3670 5368 3881 5425 Acheloi
