4584 6284
617 513 682 562 14
1839 489 2188 552 DIONYSII
2227 487 2593 550 BYZANTH

604 648 762 706 quam
806 629 873 684 ad
901 631 1110 683 Fanum
1139 628 1173 680 J
1173 625 1308 680 ovis.
1335 621 1600 696 Equidem
1635 622 1748 695 ipse
1785 621 1909 676 alias
1933 618 2172 676 animnd·
2259 618 2473 692 planum
2488 657 2504 685 ,
2535 616 2645 689 jam
2665 616 2925 673 declarare
2940 615 3191 671 conabor.
3215 617 3482 688 Bosporus
3513 634 3623 671 non
3642 625 3819 673 rectus

605 711 1030 789 verti'sngustiss
1061 717 1203 769 inter
1225 712 1508 768 Coracium
1523 710 1948 784 promontorium
1971 719 2027 764 et
2053 726 2176 782 por·

608 818 724 862 tum
756 807 1045 878 Lyciorum
1063 842 1080 870 ,
1136 801 1264 857 alias
1307 802 1448 855 inter
1487 799 1910 872 promontorium
1944 795 2176 852 Clidium

604 905 658 948 et
679 894 824 948 littus
862 890 1193 947 contrarium
1231 889 1466 942 vicinum
1493 887 1610 942 vico
1632 891 1819 941 Staieno
1852 895 2176 958 nuncupato.

607 983 830 1054 Reliqua
863 979 1088 1052 Bospori
1115 974 1344 1033 latitudo
1386 975 1528 1031 vsris
1565 985 1674 1043 cst,
1721 973 1815 1029 sed
1842 973 1930 1029 vix
1955 990 2180 1046 usquam

611 1068 820 1125 excedit
857 1065 1143 1121 duodecim
1182 1062 1384 1130 stadia,
1429 1062 1530 1118 nisi
1566 1061 1657 1116 ubi
1693 1061 1750 1116 in
1790 1060 1990 1133 sliquos
2037 1061 2182 1114 sinus

614 1155 866 1212 dilstntur
883 1195 899 1224 ‚
947 1164 1108 1226 atque
1168 1150 1261 1205 ubi
1311 1149 1630 1224 principium
1669 1158 1747 1204 est
1786 1150 1923 1203 inter
1950 1150 2180 1222 Cyaneas

613 1243 784 1299 letum
807 1239 993 1312 viginti
1013 1235 1210 1303 stedia,
1248 1246 1302 1290 et
1327 1235 1448 1291 finis
1467 1236 1606 1290 inter
1629 1236 1934 1308 Byzantium
1956 1245 2009 1290 et
2029 1234 2183 1289 Chal·

618 1326 878 1383 cedonem
897 1365 914 1392 ,
940 1341 1100 1396 quem
1122 1321 1370 1397 Polybius
1395 1319 1524 1377 dicit
1535 1332 1710 1393 patere
1730 1322 1786 1376 in
1803 1320 2182 1394 longitudinem

622 1413 1026 1489 quatuordecim
1061 1409 1376 1466 studiorum.
1417 1413 1717 1467 Antoninus
1740 1413 1867 1466 Pius
1891 1411 1947 1464 in
1971 1427 2068 1465 suo
2084 1412 2180 1465 Iti-

627 1519 752 1556 nere
789 1499 948 1574 (ltin.
975 1501 1104 1556 Ant.
1129 1513 1186 1570 p.
1233 1495 1364 1570 139)
1387 1495 1662 1569 trajectum
1685 1498 1757 1552 nit
1789 1515 1822 1552 a
1845 1497 2094 1570 Byzantio
2114 1497 2184 1551 ad

625 1584 1014 1643 chalcedonem
1053 1600 1166 1638 esse
1213 1592 1399 1655 quater
1453 1583 1592 1638 mille
1627 1601 1894 1656 passuum.
1983 1583 2183 1637 Plinius

626 1675 704 1742 (5,
735 1674 827 1740 43,
858 1675 888 1742 ς
921 1671 1056 1746 149)
1084 1669 1470 1726 Chalcedonem
1492 1670 1672 1725 scribit
1705 1669 1900 1724 distare
1933 1671 2182 1742 Byzantio

626 1771 826 1835 septem
843 1758 1029 1815 stadis.
1052 1758 1202 1814 Idem
1220 1758 1323 1813 alio
1336 1758 1453 1814 loco
1473 1757 1562 1832 (9,
1583 1759 1684 1834 σο)
1709 1776 1724 1813 :
1758 1758 1960 1822 Omnis,
1987 1759 2178 1830 inquit,

627 1861 853 1923 captura
864 1849 882 1922 (
893 1867 966 1904 sc.
983 1846 1300 1922 pelamidum
1312 1849 1335 1918 )
1349 1848 1695 1920 Byzantiiest,
1709 1867 1897 1918 magna
1911 1848 2181 1904 Chalcedo-

629 1930 716 1984 nis
727 1928 956 2003 penuria
984 1932 1064 1985 M.
1088 1945 1349 2004 passuum
1375 1927 1535 1983 medii
1559 1927 1898 2000 interfluentis
1935 1927 2132 2002 Euripi
2161 1949 2181 1984 .·

637 2016 713 2070 sic
743 2015 884 2069 enim
919 2013 1189 2085 legebatur
1229 2024 1349 2068 ante
1384 2014 1770 2085 castigationem
1795 2015 2089 2081 Hermolai3
2130 2026 2184 2070 nt

629 2105 674 2158 is
689 2101 966 2174 legendum
994 2111 1170 2158 censet
1198 2104 1269 2157 D.
1295 2112 1386 2156 aut
1408 2103 1520 2168 DC,
1544 2112 1598 2156 et
1616 2099 1924 2157 Strabonem
1948 2101 2100 2156 affert
2127 2100 2180 2155 id

630 2187 958 2244 intervallum
992 2186 1198 2243 tradere
1236 2181 1618 2240 πενταστάδιον
1648 2204 1663 2242 :
1694 2189 1841 2260 quasi
1882 2207 2007 2242 vero
2046 2187 2181 2242 dun·

629 2284 774 2331 taxat
818 2273 888 2329 de
920 2274 1038 2330 loco
1071 2275 1293 2347 Bospori
1336 2276 1699 2347 angustissimo
1725 2275 1938 2347 intelligi
1984 2276 2148 2348 possit
2160 2295 2177 2342 ς

630 2362 927 2434 quasivero
948 2401 965 2426 ,
1009 2371 1068 2414 ut
1102 2359 1302 2416 Plinius
1319 2361 1421 2428 nit,
1453 2379 1519 2417 ex
1556 2380 1619 2416 eo
1654 2360 1771 2416 loco
1805 2363 1969 2416 territi
2014 2361 2180 2434 pisces

629 2449 740 2504 saxi
781 2457 996 2521 aspectu
1029 2447 1152 2502 miri
1195 2446 1438 2503 candoris
1475 2459 1710 2521 peterent
1744 2449 2071 2521 Byzantium.
2109 2450 2180 2504 At

628 2533 774 2590 locus
800 2534 894 2590 ubi
925 2533 1025 2589 fuit
1037 2534 1356 2602 hocsuum,
1383 2552 1490 2589 non
1520 2533 1620 2590 fuit
1645 2534 1700 2590 in
1721 2535 1906 2608 Euripi
1929 2535 2178 2606 angustiis

626 2623 864 2696 quinque
906 2631 999 2676 aut
1040 2632 1268 2694 quatuor
1304 2620 1595 2676 studiorum
1608 2662 1625 2690 ,
1663 2620 1753 2678 sed
1770 2662 1787 2689 ‚
1822 2632 1883 2676 ut
1921 2621 2057 2677 infra
2095 2640 2180 2678 os-

629 2707 837 2765 tendam
851 2749 867 2773 ,
901 2709 956 2762 in
979 2705 1199 2780 tmjectu
1221 2708 1326 2764 lsto
1349 2709 1465 2783 plus
1499 2711 1736 2764 minusve
1757 2709 1896 2765 mille
1916 2709 2172 2784 passibus.

622 2798 693 2851 At
718 2795 862 2848 enim
877 2834 894 2860 ,
924 2805 1180 2865 quantum
1201 2793 1367 2849 oculis
1387 2797 1640 2850 aestimare
1656 2796 1835 2870 potui,
1860 2797 2074 2870 euripus
2096 2797 2178 2852 in·

623 2878 890 2934 tercedens
931 2881 1071 2934 inter
1105 2877 1490 2936 Chalcedonem
1527 2891 1580 2936 et
1613 2883 1922 2954 Byzantium
1957 2901 2065 2938 non
2098 2892 2177 2938 at-

620 2964 773 3035 tingit
788 2963 1151 3037 duodeviginti
1175 2965 1363 3021 stadia.
1741 2976 1749 2989 ⁸

1297 3117 1397 3178 Fr.
1445 3125 1502 3176 5.

694 3271 984 3340 Dionysius
1021 3272 1310 3341 Byzantius
1336 3271 1568 3326 canalem
1592 3276 1811 3346 Bospori
1847 3275 2184 3330 intercurren-

628 3369 729 3408 tem
759 3357 894 3410 inter
911 3359 1323 3430 promontorium
1343 3371 1700 3432 nuncupatum
1728 3363 1912 3415 Bovem
1936 3361 2050 3416 sive
2069 3364 2183 3416 Da·

629 3441 809 3494 malim
827 3483 846 3510 ‚
882 3453 935 3496 et
957 3442 1280 3498 contmrium
1308 3443 1725 3517 promontorium
1767 3446 2069 3520 Bosporium
2095 3466 2184 3503 no-

631 3527 908 3594 minatum,
937 3529 993 3583 in
1009 3548 1110 3604 quo
1146 3530 1457 3600 erantium
1481 3530 1644 3586 situm
1667 3545 1744 3587 est
1759 3572 1776 3598 ,
1805 3533 1994 3589 scribit
2019 3535 2186 3591 latum

629 3633 738 3670 esse
761 3627 962 3689 septem
983 3616 1184 3674 stadia.

807 3769 906 3824 IV.
945 3771 1026 3822 De
1047 3769 1218 3837 figura
1240 3771 1460 3844 Bospori
1476 3782 1529 3825 et
1551 3770 1616 3825 de
1639 3773 1751 3844 ejus
1775 3772 2010 3829 decursu.

702 3911 836 3978 Quae
857 3911 1078 3982 Bospori
1107 3909 1274 3982 ligura
1293 3913 1450 3984 quive
1463 3911 1714 3968 decursus
1728 3953 1744 3980 ‚
1761 3933 1827 3969 an
1851 3917 2184 3972 continuatus

632 4013 663 4050 s
687 3997 950 4070 principio
973 3995 1043 4051 ad
1067 3998 1226 4052 finem
1263 3997 1542 4055 decurrere
1566 4013 1886 4074 perseveoet,
1924 4021 1989 4058 an
2025 4005 2184 4060 inter-

632 4079 761 4137 dum
809 4084 1120 4139 intermittat
1169 4083 1432 4152 defluere,
1483 4089 1576 4159 qui
1627 4089 1792 4143 flexus
1805 4129 1822 4156 ‚
1867 4090 1958 4162 qui
2003 4093 2148 4146 sinus
2163 4131 2180 4158 ‚

631 4181 809 4226 utrum
831 4171 1021 4226 canalis
1032 4190 1129 4246 per
1143 4171 1413 4245 planitiem
1426 4193 1494 4229 an
1507 4177 1645 4231 inter
1661 4188 1890 4244 montes,
1903 4179 2182 4252 rapidusne

630 4257 697 4311 sit
706 4255 942 4311 locorum
955 4259 1204 4329 angustiis
1213 4277 1278 4313 an
1289 4257 1666 4332 objectionibus
1677 4265 2180 4336 promontoriorum,

632 4342 900 4416 quodnam
933 4343 1044 4418 ejus
1077 4345 1220 4401 littus
1249 4365 1480 4422 praeceps
1507 4360 1558 4404 et
1582 4363 1903 4424 praeruptum
1917 4393 1930 4418 ,
1963 4362 2015 4407 ct
2036 4353 2182 4426 quod

707 4519 757 4556 1.
778 4500 860 4559 Cs.
886 4505 1061 4575 Etym.
1081 4505 1155 4560 M.
1178 4522 1235 4576 p.
1268 4510 1391 4577 718,
1415 4507 1483 4562 30
1505 4524 1556 4562 v.
1584 4507 1778 4572 σκολιός
1809 4529 1823 4565 :
1852 4509 2064 4566 Σκολιδν
2097 4513 2184 4567 πό-

635 4601 719 4654 ρον
741 4581 939 4653 λέγουσι
969 4582 1051 4636 καὶ
1069 4583 1154 4638 τὸν
1179 4583 1276 4638 ἀπὸ
1299 4585 1562 4648 Βυζαντίου
1578 4587 1733 4642 πλοῦν
1759 4588 1850 4651 ἕως
1870 4593 1957 4643 τοῦ
1979 4590 2184 4664 στομίου

632 4665 718 4715 τοῦ
749 4659 968 4728 Πόντου,
1008 4659 1126 4716 ἔνθα
1159 4661 1280 4717 εἰσὶν
1318 4664 1369 4718 αἱ
1401 4665 1608 4719 Rodum
1635 4668 1802 4739 πέτραι
1827 4667 1908 4722 διὰ
1942 4667 2002 4724 τὸ
2027 4689 2184 4743 σκαμ·

631 4739 720 4794 ὅδν
749 4737 880 4794 εἶναι
907 4739 990 4793 καὶ
1013 4738 1104 4794 οὖκ
1138 4739 1276 4795 ἴσον*
1307 4739 1435 4796 ἔοικε
1467 4743 1521 4798 δὲ
1555 4749 1626 4818 τῷ
1663 4742 1688 4807 ξ
1713 4746 1944 4822 στοιχείῳ
1976 4747 2062 4802 καὶ
2098 4749 2186 4817 θη-

629 4819 720 4892 ρίῳ
742 4819 960 4890 ῐρποντι.
988 4820 1346 4875 Emtosthenis
1361 4823 1573 4878 nomine
1585 4823 1726 4880 hunc
1743 4825 1916 4898 ipsum
1930 4867 1947 4895 ‚
1971 4829 2182 4901 opinor,

627 4899 805 4954 locum
860 4899 1061 4972 Gyllius
1101 4898 1318 4956 indicat.
1364 4901 1779 4975 Etymolog'icum
1828 4911 1915 4961 τοῦ
1965 4907 2184 4981 μεγάλου

629 4981 978 5050 γραμματικοῦ
1020 4979 1134 5047 (sic
1167 4979 1223 5033 in
1263 4980 1422 5036 codd.
1452 4980 1761 5054 quibusdam
1784 5003 1916 5058 opus
1951 4986 2190 5041 inscribi·

627 5057 751 5128 tur)
785 5055 1024 5112 retulerit
1070 5057 1139 5112 sd
1172 5059 1590 5116 Eratosthenem.
1631 5063 1654 5135 ΙΙ
1692 5093 1765 5106 --
1814 5082 1868 5119 2.
1899 5065 2186 5138 parallelas

624 5143 728 5189 etc.
749 5135 772 5207 ]
790 5133 872 5190 cf.
895 5138 952 5190 in
973 5133 1039 5190 fr.
1068 5153 1091 5190 1
1121 5138 1363 5211 Dionysii
1381 5141 1538 5196 verba
1574 5160 1590 5198 ε
1619 5148 1716 5196 τῶν
1740 5141 2051 5218 ἀκρωτηρίων
2089 5142 2182 5213 τὴν

624 5209 931 5284 παραγωγὴν
970 5214 1084 5286 παρ’
1113 5213 1352 5284 ἀλλήλων
1389 5216 1843 5292 ἄναπτυσσομίνων.

696 5289 749 5344 3.
785 5289 1036 5364 Polybius
1074 5292 1142 5347 de
1169 5293 1344 5368 fluxus
1383 5298 1652 5370 Bosporici
1685 5283 1885 5355 tutione
1919 5302 1989 5356 ita
2022 5301 2183 5357 habet

2262 707 2525 782 procedit,
2550 705 2643 762 sed
2692 706 2955 762 flexuosus
2994 695 3233 780 (σκολιὸς
3259 697 3481 780 πόρος),
3527 716 3590 760 ut
3630 705 3818 762 scribit

2262 793 2570 868 Apollonius
2591 791 2866 862 Rhodius(
2884 809 2937 858 α,
2960 790 3091 862 549)
3108 801 3162 846 et
3180 791 3582 847 Eratosthenes¹
3603 812 3619 858 ς
3641 803 3694 847 at
3712 809 3821 866 quo

2263 879 2454 947 modo,
2486 897 2596 934 non
2622 877 2875 934 scribunt.
2898 875 3237 950 Progreditur
3255 879 3399 932 enim
3428 895 3537 933 non
3561 877 3817 934 Maeandri

2265 985 2415 1023 more
2432 977 2525 1022 aut
2538 966 2760 1022 aliorum
2785 965 3061 1020 fluminum
3078 1004 3093 1028 ,
3125 981 3243 1037 quae
3278 965 3513 1018 recurvis
3534 975 3587 1019 et
3614 975 3819 1020 tortuo-

2265 1054 2337 1110 sis
2367 1052 2586 1109 flexibus
2622 1051 2877 1119 seruntur,
2906 1069 3015 1107 non
3045 1052 3180 1124 aptis
3210 1050 3277 1106 ad
3302 1049 3656 1121 navigandum
3682 1069 3697 1106 ι
3726 1052 3819 1107 sed

2265 1141 2339 1195 ita
2361 1142 2535 1214 ipsum
2560 1149 2746 1192 natura
2774 1138 3089 1204 incurvavit,
3112 1147 3172 1192 ut
3197 1135 3421 1192 subinde
3445 1135 3513 1191 ad
3552 1137 3820 1209 parallelas

2268 1228 2751 1302 promontoriorum
2772 1225 3074 1281 eminentias
3099 1225 3349 1292 fractus2,
3378 1241 3474 1297 per
3518 1225 3817 1299 multosque

2267 1315 2531 1371 anfi-actus
2552 1322 2781 1368 mtentm
2794 1352 2811 1378 ,
2834 1311 3061 1367 sedatior
3079 1321 3275 1366 mearet
3291 1313 3567 1384 aptiorque
3586 1310 3654 1366 ad
3672 1313 3821 1367 navi-

2269 1401 2499 1475 gandum
2520 1399 2821 1456 decurreret
2853 1399 3090 1472 undique
3120 1398 3387 1454 montibus
3414 1400 3636 1454 cinctus.
3660 1397 3821 1455 Unde

2269 1489 2329 1544 tit
2344 1530 2361 1557 ,
2394 1499 2455 1543 ut
2476 1507 2585 1542 non
2618 1484 2776 1541 modo
2798 1487 3008 1558 triginta
3029 1495 3212 1558 portus
3246 1483 3445 1539 nobiles
3473 1485 3695 1552 habeat,
3729 1486 3822 1541 sed

2271 1587 2412 1633 totus
2432 1576 2543 1632 fere
2562 1585 2841 1649 portuosus
2864 1576 2930 1628 sit
2944 1613 2959 1641 ,
2990 1573 3081 1646 qui
3106 1575 3151 1628 si
3182 1572 3398 1646 planitie
3420 1575 3715 1644 cingeretur
3730 1584 3822 1628 aut

2266 1675 2443 1720 rectus
2476 1673 2745 1737 pergeret,
2776 1660 2925 1716 valde
2961 1659 3029 1715 ad
3060 1659 3413 1731 navigandum
3451 1660 3821 1716 incommodus

2267 1761 2431 1817 esset3
2461 1760 2516 1805 st
2534 1767 2633 1822 per
2667 1747 2928 1804 anfractus
2948 1756 3223 1819 portuosus
3262 1755 3315 1800 et
3343 1745 3543 1818 amplos
3576 1765 3818 1820 pergens,

2267 1838 2335 1894 ad
2367 1835 2719 1910 navigandum
2748 1834 3197 1892 commodissimus
3242 1833 3484 1892 habetur.
3558 1836 3636 1890 Ut
3677 1836 3819 1890 enim

2267 1944 2453 1982 norme
2503 1924 2701 1981 fabrilis
2743 1934 2943 1981 conam
2988 1922 3182 1996 regulis
3220 1921 3461 1990 duabus,
3513 1922 3586 1977 its
3620 1920 3821 1993 junctis

2267 2013 2523 2086 capitibus
2574 2011 2810 2079 duobus,
2854 2022 2907 2067 et
2954 2009 3249 2066 divaricatis
3298 2009 3479 2064 alteris
3522 2009 3779 2082 capitibus
3800 2050 3816 2078 ,

2265 2111 2327 2155 ut
2368 2111 2571 2156 rectum
2606 2099 2853 2172 angulum
2886 2098 3111 2154 efficient
3147 2115 3162 2154 ι
3190 2087 3263 2153 its
3306 2098 3528 2171 Bospori
3568 2096 3821 2153 decursus

2264 2206 2332 2242 ex
2361 2189 2535 2242 Ponto
2572 2187 2751 2241 exiens
2778 2206 2811 2241 a
2842 2186 3098 2259 positione
3129 2185 3248 2240 coeli
3277 2184 3451 2239 media
3482 2185 3622 2239 inter
3646 2187 3821 2240 orien-

2264 2283 2370 2328 tem
2405 2271 2721 2331 solstitialem
2768 2283 2821 2326 et
2842 2272 3217 2344 septentriones
3240 2269 3309 2326 sd
3340 2270 3627 2325 hibernum
3670 2289 3820 2326 occa-

2263 2379 2382 2416 sum
2418 2359 2621 2416 directo
2650 2377 2809 2414 cursu
2844 2358 3131 2432 procedens
3176 2357 3401 2431 amplius
3439 2355 3551 2412 dno
3588 2357 3815 2412 miliaria

2261 2449 2495 2522 primum
2521 2446 2655 2502 latus
2688 2446 2861 2518 anguli
2881 2445 3127 2503 normalis
3144 2443 3304 2500 efficit
3334 2443 3402 2498 ad
3424 2447 3603 2499 sinum
3624 2444 3820 2518 Bathy-

2261 2534 2453 2610 colpon
2480 2545 2860 2607 nuncupatum,
2885 2553 2916 2588 n
2948 2551 3055 2606 quo
3076 2533 3244 2590 flexus
3270 2531 3338 2587 ad
3356 2533 3617 2587 orientem
3642 2532 3820 2587 hiber-

2263 2639 2395 2676 num
2446 2631 2591 2676 recto
2642 2621 2827 2675 itinere
2867 2637 3087 2692 pergens
3131 2621 3188 2674 in
3234 2616 3619 2690 longitudinem
3662 2619 3820 2691 patilo

2262 2709 2482 2783 amplius
2539 2707 2767 2764 duorum
2822 2707 3104 2763 miliarium
3150 2706 3371 2762 alterum
3416 2704 3554 2760 latus
3613 2725 3818 2763 normoe

2261 2797 2508 2872 complet.
2583 2795 2787 2852 Exinde
2815 2797 2917 2852 alio
2947 2795 3082 2852 sacto
3114 2795 3307 2867 angulo
3349 2796 3576 2851 normali
3616 2796 3819 2852 accedit

2261 2882 2331 2937 sd
2354 2883 2777 2957 promontorium
2812 2883 3109 2937 Her-ineam
3144 2881 3354 2936 circiter
3386 2882 3486 2936 tris
3509 2882 3673 2936 millia
3702 2901 3819 2957 pas-

2264 2987 2423 3024 suum
2448 2972 2807 3024 Romnnorum
2842 2965 2909 3021 sd
2944 2984 3185 3022 occasum
3214 2984 3412 3022 versus.
3483 2966 3617 3022 Inde
3637 2986 3668 3022 a
3702 2987 3820 3042 sep-

2262 3053 2613 3109 tentrionibus
2636 3051 2706 3108 ud
2737 3050 3082 3110 meridianum
3104 3050 3371 3108 cardinem
3397 3072 3429 3108 ιι
3466 3053 3680 3124 regione
3701 3047 3817 3110 coeli

2265 3131 2438 3188 medin
2479 3132 2617 3186 inter
2644 3131 3048 3204 septentrionem
3084 3141 3139 3186 et
3182 3142 3360 3185 ortum
3394 3131 3713 3186 solstitialem
3749 3132 3814 3187 ad

2264 3235 2509 3272 occasum
2534 3216 2813 3271 hibernum
2834 3219 3071 3288 pervenit
3094 3218 3399 3290 Byzantium
3418 3257 3433 3283 ,
3468 3217 3611 3273 unde
3640 3237 3671 3273 a
3701 3236 3819 3292 sep·

2266 3305 2527 3359 tennione
2558 3303 2629 3358 nd
2676 3302 2943 3358 meridiem
2972 3305 3173 3378 rapitur
3210 3307 3265 3358 in
3311 3305 3707 3376 Propontidem.
3755 3309 3819 3362 In

2266 3407 2506 3457 summa,
2548 3389 2617 3446 ab
2654 3389 2807 3445 initio
2837 3388 2907 3444 sd
2946 3390 3105 3446 finem
3146 3402 3345 3463 septem
3392 3390 3517 3445 facit
3552 3390 3817 3448 anfractus

2273 3495 2385 3533 non
2412 3477 2575 3533 modo
2602 3478 2914 3551 Bosporicus
2935 3477 3125 3534 canalis
3140 3518 3157 3546 ,
3178 3477 3271 3533 sed
3305 3478 3451 3534 littus
3473 3481 3632 3534 etiam
3650 3483 3820 3536 utrin-

2267 3584 2375 3639 que
2411 3564 2641 3622 canalem
2678 3567 2907 3638 cingens.
2978 3567 3048 3622 Hi
3094 3577 3291 3642 septem
3337 3565 3600 3622 anstsctus
3632 3568 3817 3625 alterni

2267 3649 2559 3708 retundunt
2580 3652 2800 3708 alternas
2824 3663 3058 3725 septenas
3099 3651 3307 3726 rapidas
3351 3654 3663 3710 confluentis
3696 3673 3817 3729 per-

2267 3739 2559 3805 cussiones,
2596 3747 2650 3792 et
2691 3748 2997 3811 retorquent
3030 3741 3085 3793 in
3119 3741 3441 3794 contrarium
3482 3739 3648 3795 littus.
3702 3743 3817 3796 Pri-

2267 3843 2387 3880 mus
2406 3823 2657 3881 decursus
2678 3824 2935 3881 effluentis
2958 3827 3175 3899 Bospori
3198 3826 3265 3881 ab
3282 3827 3433 3882 initio
3450 3836 3621 3882 rectus
3645 3826 3819 3883 defer-

2268 3923 2357 3968 tur
2376 3917 2431 3968 in
2452 3915 2717 3987 Europum
2733 3912 2801 3968 ad
2820 3913 2991 3969 locum
3017 3913 3327 3987 appellstum
3342 3924 3545 3987 petram
3562 3916 3812 3972 Dicaesm.

2267 4001 2415 4057 Alter
2432 4003 2487 4056 in
2516 4003 2695 4056 Asiam
2719 4000 2788 4056 ad
2806 4001 2979 4056 locum
3001 4001 3240 4058 Gloriam
3268 4013 3651 4074 nuncupatum.
3680 4003 3811 4057 Ter-

2267 4089 2372 4142 tius
2420 4088 2473 4143 in
2510 4089 2777 4161 Europam
2808 4099 2992 4143 contra
3028 4089 3329 4143 Hoemaeum
3366 4089 3809 4161 promontorium.

2269 4175 2391 4229 Non
2430 4174 2591 4246 igitur
2618 4172 2868 4229 decursus
2904 4176 3124 4247 Bospori
3150 4193 3181 4229 a
3207 4175 3380 4230 Ponto
3410 4173 3480 4229 ad
3510 4175 3813 4230 Hermaeum

2264 4262 2689 4334 promontorium
2718 4261 2898 4316 similis
2920 4274 2998 4316 est
3030 4262 3101 4316 ob
3126 4261 3519 4316 similitudinem
3534 4301 3551 4328 ,
3578 4253 3641 4316 ut‘
3659 4261 3813 4335 Poly-

2268 4355 2389 4409 bius
2416 4353 2440 4392 ³
2465 4353 2565 4419 sit,
2589 4352 2827 4408 locorum
2847 4354 3092 4425 utrinque
3107 4355 3399 4426 Bosporum
3425 4355 3811 4426 attingent-iu:-

2269 4512 2364 4568 lib.
2383 4513 2481 4579 IV,
2521 4513 2611 4578 43,
2642 4511 2695 4566 3.
2736 4511 2870 4566 Κατὰ
2906 4511 2991 4584 μὲν
3020 4509 3078 4579 δὴ
3116 4511 3200 4568 τὸν
3232 4512 3387 4566 ἄλλον
3412 4513 3563 4568 τόπον
3596 4511 3693 4568 ὰπὸ
3724 4518 3813 4568 τοῑ

2268 4591 2462 4646 Πόντου
2487 4590 2819 4663 παραπλήσιός
2846 4589 2972 4645 ἔστιν
2998 4590 3031 4659 ἡ
3060 4591 3184 4664 φορὰ
3208 4596 3294 4646 τοῦ
3320 4591 3583 4665 ῥεύματος,
3612 4591 3695 4644 διὰ
3721 4591 3811 4660 τὴν

2268 4670 2538 4744 ὁμοιότητα
2571 4674 2659 4738 τῆς
2683 4671 2793 4742 παρ’
2814 4670 3040 4742 ἑκάτερον
3062 4670 3120 4725 τὸ
3157 4671 3297 4742 μέρος
3322 4676 3396 4742 τῷ
3424 4671 3631 4742 στόματι
3654 4689 3812 4742 παρη·

2267 4750 2457 4804 κόντων
2480 4749 2666 4804 τόπων.
2746 4746 2900 4804 Ἐπὰν
2922 4748 2975 4802 δὲ
2997 4747 3063 4812 εἰς
3079 4747 3138 4802 τὸ
3160 4751 3245 4817 τῆς
3269 4747 3503 4820 Εὗρῶπης
3539 4746 3808 4820 Ἑρμαῖον,

2267 4824 2301 4904 ᾗ
2330 4829 2630 4884 στενώτατον
2666 4825 2846 4901 ἔφαμεν
2866 4824 3020 4894 εἶναι,
3044 4828 3302 4901 φερόμενος
3323 4827 3377 4884 ἐκ
3398 4831 3487 4880 τοῦ
3512 4827 3704 4882 Πόντου
3728 4828 3813 4882 καὶ

2269 4907 2644 4981 συγκλειόμενος
2666 4907 2694 4960 ὁ
2711 4907 2818 4980 ῥοῦς
2844 4907 2927 4979 βίᾳ
2950 4907 3190 4981 προσπέσῃ
3204 4927 3217 4940 ·
3240 4909 3352 4962 τότε
3374 4905 3435 4974 δὴ
3467 4907 3663 4980 τραπεὶς
3679 4947 3693 4972 ,
3715 4911 3810 4962 &ab

2268 5005 2359 5057 περ
2397 4985 2493 5040 ἀπὸ
2514 4984 2725 5055 πληγῆς,
2754 4984 2974 5058 ἐμπίπτει
2993 4987 3097 5047 τοῖς
3113 4983 3308 5056 ἀντικρὺ
3335 4989 3421 5053 τῆς
3448 4983 3601 5049 Ἄσίας
3622 4987 3804 5048 τόποις.

2277 5063 2498 5120 Ἐκεῖθεν
2520 5064 2573 5119 δὲ
2598 5064 2745 5120 πάλιν
2761 5105 2777 5131 ,
2802 5063 2908 5119 οἷον
2937 5063 2986 5128 ἐξ
3005 5063 3329 5136 ὓποστροφῆς,
3359 5063 3449 5133 τὴν
3483 5063 3805 5118 ἀνταπόδοσιν

2267 5146 2481 5198 ποιεῖται
2509 5144 2627 5218 πρὸς
2661 5145 2723 5199 τὰ
2755 5146 2863 5218 περὶ
2893 5145 2977 5209 τὰς
3013 5143 3203 5210 Ἑστίας
3240 5148 3366 5219 ἄκρα
3398 5145 3681 5220 καλούμενα
3722 5149 3809 5214 τῆς

2268 5221 2518 5294 Εὐρώπης.
2592 5223 2743 5279 Ὅθεν
2780 5221 2912 5288 αὖθις
2951 5225 3187 5297 ὁρμήσας,
3228 5226 3515 5297 προσπίπτει
3559 5226 3678 5298 πρὸς
3716 5223 3807 5293 τὴν

2269 5301 2395 5355 Βοῦν
2421 5302 2741 5374 καλουμένην·
2770 5305 2821 5369 ὃς
2842 5303 2941 5358 ἔστι
2962 5307 3046 5370 τῆς
3073 5303 3223 5367 Ἄσίας
3250 5307 3422 5373 τόπος,
3444 5302 3515 5378 ἐφ’
3537 5305 3595 5358 ’ὸν
3621 5305 3813 5373 ἔπιστῆ·
