4584 6284
1821 504 1832 517 ’
1883 512 2112 575 ORBlS
2154 512 2633 577 DEscmPTto.

933 648 1182 723 Ῥηιδίως
1221 649 1268 707 δ’
1301 647 1364 707 ἄν
1391 670 1474 707 τοι
1498 644 1678 705 λοιπὸν
1705 644 1863 726 πόρον
1889 644 2172 721 αὖδήσαιμι

849 738 1052 819 γαιάων
1077 736 1282 809 Ἀσίης·
1309 740 1338 795 ὁ
1372 733 1430 795 δέ
1449 758 1532 795 τοι
1551 735 1703 815 λόγος
1727 734 1782 793 ἰν
1804 732 1980 815 φρεσὶν
2007 732 2173 808 (στω,

854 829 978 904 μηδ’
1006 825 1218 904 ἀνέμοις
1260 823 1498 905 φορέοιτο
1528 820 1858 895 πονηθέντων
1883 821 2036 901 χάρις
2058 820 2242 902 ἔργων.

855 917 921 975 Εἰ
949 911 1053 994 γοίρ
1083 935 1175 990 μοι
1203 912 1350 994 σάφα
1371 910 1528 983 τήνδε
1555 908 1956 993 καταφράσσαιο
1983 909 2248 984 κέλευθον,

734 1027 813 1065 sas
853 996 1054 1083 ἧτοίχα
1079 1003 1180 1063 κᾶν
1200 1001 1435 1061 ἄλλοισιν
1454 997 1808 1077 ἐπισταμένως
1834 997 2096 1079 ἀγορεύοις

859 1091 951 1151 καὶ
963 1088 1232 1168 ποταμοὺς
1246 1136 1262 1161 ,
1275 1088 1474 1149 πολίων
1488 1111 1544 1147 τε
1559 1086 1698 1147 θέσιν
1715 1088 1805 1146 καὶ
1821 1087 1974 1167 γαῖαν
1999 1084 2246 1161 ἑκάστην.

859 1183 1062 1261 Σχῆμα
1079 1177 1174 1257 μὶν
1193 1170 1284 1238 οὗν
1301 1177 1607 1258 πισύρεσσιν
1627 1172 1712 1236 liet
1731 1176 1982 1255 πλευρῇσι
1996 1172 2248 1255 τετύχθω,

858 1266 1196 1343 πεπταμένον
1223 1267 1506 1345 δολιχοῑσιν
1533 1263 1616 1323 ἔπ’
1633 1264 1874 1335 ἀντολίην
1897 1262 2170 1323 πεδίοισιν.

857 1344 1030 1416 Οἶσθα
1065 1354 1182 1433 μὶν,
1213 1356 1267 1413 ἐν
1289 1352 1568 1434 πρώτοισιν
1593 1354 1721 1428 tutta·
1750 1350 1980 1419 εἰπόντος
2004 1349 2248 1423 ἀκούσας,

741 1467 826 1507 sao
865 1455 1043 1505 πᾶσαν
1071 1444 1168 1511 ἔως
1187 1442 1366 1505 Ἰνδῶν
1386 1440 1562 1512 Ἀσίην
1589 1440 1705 1521 ὄρος
1727 1439 1916 1518 ἄνδιχα
1946 1437 2168 1517 τέμνειν.

863 1530 1022 1594 Κεῑνό
1042 1554 1124 1592 τοι
1151 1532 1204 1591 έν
1235 1532 1490 1611 πλευρῇσι
1529 1527 1847 1610 βορειότερον
1869 1526 2096 1587 τελέοιτο
2112 1548 2128 1565 ·

863 1620 1046 1685 Νεῖλος
1085 1616 1134 1677 δ’
1157 1616 1396 1696 ἑσπέριον
1427 1615 1650 1693 πλευρὸν
1671 1614 1854 1675 πέλοι·
1882 1614 2050 1694 αὐτὰρ
2077 1617 2204 1696 έῷον

856 1705 1066 1773 Ἰνδικὸς
1075 1704 1340 1771 Ὠκεανός·
1352 1703 1520 1764 νότιον
1539 1702 1586 1763 δ’
1595 1702 1718 1769 ἁλὸς
1739 1704 1940 1780 οἴδματ’
1963 1701 2246 1785 Ἰἰρυθρῆς.

855 1795 1064 1875 Φροίζεο
1093 1795 1138 1853 δ’
1166 1796 1234 1859 ὡς
1259 1791 1359 1851 ὑπὸ
1381 1792 1543 1861 πέζαν
1568 1794 1651 1851 ἐπ’
1683 1792 1842 1869 αὐγὰς
1867 1789 2048 1867 ἵξομαι
2073 1790 2178 1863 ἤδη
2195 1836 2210 1858 ,

737 1902 816 1942 aas
855 1880 1137 1959 ἀρξάμενος
1160 1878 1416 1961 Συρίηθεν
1433 1923 1448 1950 ,
1475 1877 1590 1938 ὅθεν
1609 1878 1761 1938 λίπον
1779 1900 1794 1916 ·
1812 1877 1916 1938 οὔδ’
1937 1876 2002 1937 ἂν
2032 1875 2209 1955 ἔμοιγε

852 1968 1012 2045 μύθου
1035 1967 1128 2027 ἅτε
1154 1968 1462 2048 ψευσθέντας
1485 1967 1618 2047 ἀνὴρ
1643 1965 2068 2043 έπιμωμήσαιτο.

851 2055 988 2116 Ἀλλ’
1011 2056 1128 2127 ἤτοι
1155 2054 1322 2135 Συρίη
1348 2054 1442 2130 μὲν
1467 2058 1620 2134 ὑπεὶρ
1642 2054 1766 2121 ἁλὸς
1793 2058 1818 2115 ἕ
1899 2054 2005 2113 ’θεν
2027 2052 2174 2134 ἵρπει

850 2143 902 2209 ἐς
927 2141 1074 2204 νότον
1101 2142 1344 2215 ἀντολίην
1367 2166 1427 2202 τε
1437 2187 1458 2214 ,
1490 2140 1810 2203 πολύπτολιν
1819 2078 1958 2201 ἷιςαν
1994 2141 2212 2222 ἔχουσα,

848 2230 914 2303 ἣν
938 2229 1136 2301 Κοίλην
1160 2227 1438 2289 καλέουσιν
1464 2226 1738 2307 ἐπώνυμον
1754 2273 1773 2302 ,
1798 2227 1964 2288 οὕνεκ’
1985 2226 2066 2307 ἄρ’
2092 2226 2256 2300 αὖτὴν

735 2338 816 2379 svo
857 2316 1057 2395 μέσσην
1077 2316 1170 2377 καὶ
1186 2314 1470 2399 χθαμαλὴν
1495 2314 1659 2396 ὀρέων
1678 2314 1779 2376 ὑπὸ
1795 2317 1994 2396 πρῶνες
2020 2314 2251 2395 ἔχουσιν,

865 2405 1109 2486 ἑσπερίου
1139 2404 1362 2466 Κασίοιο
1389 2402 1482 2464 καὶ
1507 2401 1650 2485 ἠῴου
1679 2402 1945 2465 Λιὸοίνοιο.

856 2493 966 2555 Καὶ
991 2496 1086 2567 τὴν
1110 2490 1204 2571 μὶν
1227 2492 1415 2553 πολλοί
1440 2516 1498 2553 τε
1521 2491 1614 2553 καὶ
1640 2489 1808 2553 όλὸιοι
1829 2490 2004 2571 ἄνδρες
2023 2489 2226 2571 ἔχουσιν
2233 2532 2250 2564 ,

854 2582 954 2662 οὐχ
977 2578 1090 2660 ἅμα
1115 2578 1438 2648 ναιετάοντες
1457 2580 1752 2658 ὁμώνυμοι,
1777 2576 1915 2638 ἀλλὰ
1936 2574 2171 2657 διαμφίς,

863 2673 910 2729 οἱ
944 2668 1040 2745 μὲν
1069 2670 1154 2729 ἔπ’
1185 2667 1422 2749 ἠπείρῳ,
1445 2666 1628 2749 τοίπερ
1657 2666 1840 2748 Σύριοι
1866 2665 2172 2740 καλέονται,

735 2778 816 2818 eos
856 2759 903 2816 οἱ
932 2758 982 2816 δ’
1003 2755 1127 2824 ἁλὸς
1150 2755 1306 2835 ἔγγὺς
1329 2756 1525 2829 ἐόντες,
1555 2755 1856 2832 έπωνυμίην
1883 2752 2160 2823 Φοίνικες,

691 3063 878 3099 occasu
912 3062 1092 3099 versus
1119 3054 1298 3099 ortum
1331 3044 1615 3099 hibernum
1651 3046 1916 3118 pertinere
1937 3055 2251 3099 statuerunt.

697 3126 720 3194 ΙΙ
752 3154 826 3164 -
846 3124 969 3178 881.
990 3123 1221 3175 Versum
1251 3140 1362 3176 om.
1387 3126 1458 3185 K;
1492 3122 1538 3174 δ’
1567 3139 1676 3178 om.
1715 3124 1820 3186 De,-
1842 3119 2104 3193 αὖὸάσαιμι
2133 3125 2186 3175 C.
2225 3122 2246 3191 ΙΙ

693 3232 764 3243 -
782 3204 902 3257 880.
942 3225 965 3247 ι
991 3202 1126 3269 ροσε
1149 3211 1446 3273 sequuntur
1469 3200 1497 3253 ὁ
1519 3200 1574 3253 δέ
1600 3219 1676 3253 τοι
1701 3199 1854 3271 λόγος
1875 3199 1926 3254 ἕν
1943 3199 2108 3270 φρεσὶν
2125 3198 2254 3253 ἴστω

697 3279 764 3333 ab
791 3278 902 3332 aliis
927 3278 1096 3350 poetis
1125 3278 1387 3333 consimili
1414 3279 1618 3333 ratione
1642 3287 1696 3332 et
1727 3279 1890 3347 magis
1915 3280 2071 3332 etiam
2098 3295 2252 3332 exor-

697 3362 817 3411 nata
841 3354 1064 3429 proferri
1089 3354 1286 3421 solent,
1307 3366 1369 3408 ut
1396 3356 1684 3427 'Sophocles
1701 3355 2027 3428 Triptolemo
2053 3373 2068 3410 ε
2106 3355 2182 3418 θὲς
2206 3357 2251 3409 δ’

699 3434 750 3488 ἐν
775 3434 942 3505 φρενὸς
957 3432 1169 3487 saroam
1185 3432 1297 3495 τοὺς
1325 3430 1469 3505 ζμοὶις
1487 3433 1688 3503 λόγους,
1709 3444 1762 3489 et
1783 3434 2052 3506 AEL-chytm
2068 3436 2248 3489 Prom.

703 3514 826 3582 789,
867 3511 958 3582 qui
985 3510 1085 3564 tale
1137 3512 1285 3582 quasi
1310 3514 1630 3583 prooemium
1672 3514 1990 3566 enarrationi
2037 3530 2250 3585 geogra-

701 3589 864 3663 phioee
897 3588 1118 3663 perinde
1161 3591 1520 3663 pmlixerunt.
1544 3594 1616 3645 At
1649 3591 1802 3663 longe
1829 3592 2098 3646 tritissima
2128 3604 2250 3647 sunt

701 3672 798 3727 ista
833 3669 948 3743 μηδ’
973 3668 1166 3741 ἀνέμοις
1205 3672 1454 3743 φορέοιτο,
1505 3688 1623 3743 quoe
1648 3689 1770 3725 cum
1811 3682 2086 3743 poetarum
2125 3671 2251 3727 locis

701 3748 964 3802 infinitum
988 3759 1068 3802 est
1094 3766 1313 3820 operose
1355 3747 1702 3813 contendere,
1731 3768 1856 3803 cum
1891 3750 1945 3805 in
1983 3769 2048 3804 eo
2073 3750 2252 3806 labore

698 3827 822 3881 satis
843 3828 947 3881 sint
967 3828 1157 3881 versati
1182 3828 1454 3882 Victorius
1476 3830 1637 3884 Varr.
1675 3826 1799 3881 lect.
1830 3828 1918 3891 30,
1956 3830 1987 3882 8
2015 3838 2067 3882 et
2095 3830 2251 3883 Lam-

701 3906 858 3960 binus
882 3905 949 3959 ad
985 3908 1173 3964 Horat.
1214 3908 1393 3965 Carm.
1437 3924 1487 3973 1,
1515 3911 1604 3963 26.
1654 3929 1678 3958 ι
1717 3909 1928 3962 Baium.
1960 3908 1984 3978 ss
2025 3938 2098 3949 —
2125 3910 2247 3965 883.

699 3984 848 4058 μηδ’]
877 3984 987 4057 μέγ’
1014 3988 1092 4049 D,-
1111 3984 1332 4057 ἀνέμοισι
1353 3990 1514 4059 Dceq,
1536 3984 1738 4057 ἀνέμοιο
1761 3988 1826 4050 B;
1851 3986 1997 4057 χάριν
2019 4005 2054 4058 q
2083 3996 2136 4039 et
2165 4006 2248 4059 pr.

697 4082 772 4118 m.
797 4066 844 4128 ζ.
874 4062 958 4119 Cf.
983 4064 1216 4137 AEschyl.
1254 4070 1448 4137 Agam.
1489 4066 1590 4119 361
1630 4083 1646 4120 :
1673 4066 1814 4137 χάρις
1841 4064 1940 4138 γὰρ
1973 4064 2062 4119 οὔκ
2083 4065 2254 4139 ἄτιμος

695 4141 948 4217 εἴργασται
974 4143 1160 4197 πόνων.
1190 4148 1212 4213 ΙΙ
1257 4174 1331 4185 -
1358 4146 1487 4207 884.
1514 4144 1642 4216 μοι]
1672 4142 1732 4209 δὴ
1757 4143 1797 4196 d
1830 4154 1882 4197 et
1926 4142 2070 4211 Ald.;
2106 4165 2253 4199 κατα·

691 4222 922 4294 φράσσοιο
939 4218 1064 4275 Ald.
1080 4231 1134 4275 et
1149 4220 1210 4286 d,·
1229 4220 1322 4275 sed
1341 4240 1445 4277 sec.
1464 4220 1790 4277 Koeblerum
1812 4222 1868 4275 in
1881 4221 1923 4276 d
1938 4232 2015 4276 est
2031 4226 2253 4297 περιφρά-

693 4318 808 4367 σεο,
840 4298 988 4373 quod
1018 4298 1179 4354 habet
1219 4304 1306 4363 153·
1344 4300 1678 4373 καταφράσαιο
1706 4304 2060 4369 ACDHLXs,
2109 4322 2253 4375 μετα·

688 4379 892 4450 φράσαιο
918 4397 970 4444 o,
989 4378 1306 4452 περιφράσαιο
1335 4379 1520 4448 cmc,
1541 4382 1887 4455 περιφράσσαιο
1911 4402 1982 4448 m,
2011 4386 2256 4457 καταγρά·

689 4462 802 4530 ψαιο
827 4478 906 4533 eq.
931 4457 1018 4516 Cf.
1050 4475 1177 4531 707.
1215 4459 1239 4531 ΙΙ
1263 4489 1340 4501 —-
1364 4460 1491 4518 885.
1521 4462 1650 4535 κᾶν]
1684 4477 1780 4517 κεν·
1797 4467 2252 4524 ABCDEFGHK

700 4541 790 4593 LN
795 4540 841 4606 Q
850 4540 1002 4593 UXY
1005 4538 1314 4612 eeimoqpt'c.
1342 4560 1366 4589 ε
1389 4540 1490 4593 Cui
1514 4558 1626 4596 non
1651 4540 1814 4595 modo
1831 4540 2039 4597 licentia
2059 4546 2256 4617 produ-

694 4618 876 4670 ctionis
895 4615 1068 4671 obstat
1080 4618 1256 4671 minus
1269 4617 1534 4691 legitimae,
1557 4619 1650 4674 sed
1675 4620 1834 4675 etiam
1861 4631 2004 4675 certa
2020 4621 2254 4678 formulae

695 4694 724 4761 ἣ
753 4695 883 4765 τάχα
902 4694 988 4748 καὶ
1009 4696 1338 4751 consuetudo
1353 4736 1370 4763 ,
1387 4715 1506 4770 quae
1523 4700 1604 4753 vel
1622 4698 1906 4753 indicativo
1925 4700 2006 4753 vel
2022 4704 2254 4773 optativo

695 4774 984 4845 reperiatur
1000 4785 1122 4846 apta
1154 4791 1170 4831 t
1205 4774 1383 4831 videas
1415 4778 1654 4851 exempla
1677 4780 1734 4832 in
1762 4779 2008 4833 Schaei’cri
2051 4780 2250 4837 Melett.

695 4870 748 4924 p.
784 4853 902 4907 131.
932 4874 956 4903 ι
978 4855 1190 4909 Baium.
1221 4854 1556 4929 ἐπιστημόνως
1580 4876 1658 4931 eq,
1694 4856 1940 4930 ἀγορεύεις
1972 4861 2093 4923 Get.
2127 4861 2149 4932 ΙΙ
2181 4890 2254 4902 -

695 4934 818 4988 886.
841 4932 1046 5001 πολήων
1065 4937 1186 4998 DY,
1209 4934 1400 5009 ἑκάστῳ
1424 4940 1492 4991 D.
1510 4938 1619 5009 u—
1643 4940 1767 5007 887.
1797 4932 1884 4991 οὖν
1912 4956 2021 4994 om.
2051 4943 2124 5003 G;
2141 4960 2253 4994 πισ-

691 5010 912 5083 σύρεσσιν
939 5031 1000 5085 eq
1015 5052 1031 5078 ,
1056 5013 1331 5086 πισσύρεσιν
1359 5019 1462 5081 No,
1482 5016 1727 5089 πισύρεσιν
1756 5020 1862 5072 FB
1874 5040 1896 5081 ,·
1918 5018 2174 5089 πλευραῖσι
2195 5040 2246 5086 ε,

689 5090 942 5161 πλευροῖσι
965 5093 1124 5156 Dm}-
1150 5096 1378 5165 τετάχθω
1405 5113 1518 5152 var.
1544 5095 1667 5153 lect.
1686 5114 1772 5169 ap.
1801 5095 1939 5154 nob.
1969 5108 2022 5152 et
2051 5096 2115 5154 H.
2136 5100 2250 5153 Ste-

687 5170 846 5242 phan.
883 5192 907 5221 ε
955 5171 1118 5238 Quod
1153 5174 1346 5228 Noster
1385 5176 1526 5232 Astae
1569 5177 1846 5231 circuitum
1883 5175 2128 5232 latissime
2156 5196 2248 5250 pa·

689 5260 918 5317 tentem,
947 5249 1042 5305 sed
1077 5254 1342 5309 anteriore
1370 5267 1530 5327 ‘parte
1566 5256 1763 5310 seclusa
1781 5295 1797 5320 ,
1849 5254 2100 5327 quadrata
2146 5258 2244 5312 sibi

689 5328 851 5398 ligura
893 5332 1176 5402 proposuit
1216 5331 1625 5388 describendum
1643 5374 1659 5403 ,
1691 5335 1966 5389 artificium
2005 5335 2086 5390 ille
2123 5338 2244 5409 pin·

3782 538 3891 589 ¹59

2408 656 2527 709 Iam
2554 656 2651 709 tibi
2679 655 2827 710 facile
2846 656 3019 711 dicam
3038 658 3299 731 reliquum
3329 679 3541 717 cursum

2338 741 2687 795 Asiaticorum
2718 744 3028 813 regionum;
3058 744 3151 799 sed
3176 748 3347 801 oratio
3372 749 3428 803 in
3470 760 3645 805 mente
3668 752 3892 819 hereat,

2337 846 2467 881 neve
2492 831 2659 899 gratia
2684 830 2929 885 laboriosi
2952 834 3129 905 operis
3154 850 3274 888 cum
3304 838 3471 890 ventis
3495 836 3781 894 auferatur.

2338 917 2389 970 Si
2414 918 2556 971 enim
2575 927 2817 973 accurate
2844 920 2997 973 istam
3020 922 3315 993 perceperis
3335 923 3504 989 viam3

2336 1002 2575 1075 profecto
2600 1006 2771 1078 possis
2789 1005 2903 1060 aliis
2936 1024 3151 1079 quoque
3176 1010 3345 1080 perite
3368 1010 3577 1067 tradere

2336 1102 2387 1145 et
2410 1093 2599 1148 fluvios
2626 1094 2945 1168 urbiumque
2969 1096 3102 1150 situs
3122 1106 3175 1151 et
3200 1097 3427 1169 singulas
3452 1110 3635 1153 terras.

2338 1181 2529 1251 Figura
2554 1181 2717 1251 igitur
2734 1192 2985 1253 quattuor
3001 1181 3253 1238 lateribus
3276 1184 3343 1239 sit
3370 1185 3549 1240 innixa
3562 1226 3577 1251 ,

2336 1284 2454 1337 qua:
2474 1284 2570 1340 per
2587 1268 2841 1341 spatiosos
2857 1286 3073 1343 campos
3094 1269 3151 1323 in
3172 1278 3351 1325 ortum
3378 1271 3717 1343 expanditur.

2335 1354 2505 1407 Tenes
2526 1355 2667 1409 enim
2702 1356 2971 1427 superiore
2998 1372 3241 1410 sermone
3262 1355 3506 1423 edoctus,

2338 1458 2551 1495 omnem
2578 1442 2755 1497 Asiam
2782 1439 2849 1496 ad
2892 1440 3059 1498 Indos
3089 1460 3255 1514 usque
3281 1455 3517 1499 montem
3552 1460 3727 1499 secare
3768 1447 3899 1502 bisa-

2338 1531 2389 1583 ls
2412 1528 2509 1583 tibi
2533 1528 2668 1584 latus
2688 1530 2899 1585 exsistat
2911 1529 3244 1603 aquilonare,
3710 1534 3895 1607 [riam.

2337 1616 2485 1672 Nilus
2510 1628 2685 1673 autem
2706 1616 3063 1684 occidentale;
3084 1629 3138 1673 at
3164 1620 3415 1674 orientale

2336 1702 2553 1757 Indicus
2582 1720 2809 1757 oceanus
2827 1742 2844 1770 ,
2870 1713 3027 1775 atque
3048 1704 3271 1759 australe
3298 1706 3465 1760 Rubri
3494 1708 3654 1761 maris
3682 1708 3895 1766 fluctus.

2338 1788 2594 1845 Advertas
2611 1792 2789 1861 igitur,
2810 1801 2870 1846 ut
2894 1790 2995 1845 sub
3016 1809 3134 1845 oras
3153 1794 3205 1845 in
3235 1802 3410 1847 ortum
3425 1806 3760 1866 perrecttu·us
3774 1798 3895 1862 sim,

2338 1896 2555 1935 exorsus
2577 1897 2609 1934 a
2635 1879 2811 1951 Syria,
2832 1878 2977 1934 unde
3002 1878 3357 1951 digrediebar;
3386 1900 3483 1936 nee
3512 1884 3791 1957 quisquam

2340 1983 2428 2021 me
2454 1964 2880 2037 reprehenderit,
2906 1976 3155 2038 tanquam
3178 1969 3430 2023 ementito
3446 1986 3709 2027 sermone.

2339 2055 2458 2107 Jam
2486 2052 2635 2123 Syria
2660 2060 2876 2123 propter
2906 2052 3137 2106 vicinum
3160 2070 3306 2108 mare
3336 2056 3684 2125 protrahitur,

2342 2140 2397 2193 in
2418 2148 2651 2193 austrum
2679 2148 2992 2211 ortumque,
3021 2138 3243 2194 urbibus
3269 2140 3475 2215 oppleta
3497 2142 3645 2213 regio
3663 2182 3679 2210 ,

2342 2244 2501 2299 quam
2527 2228 2721 2285 emm
2748 2228 3061 2299 cognomine
3072 2226 3311 2283 dictitant
3330 2269 3346 2294 ,
3378 2232 3633 2303 quoniam

2342 2315 2567 2371 mediam
2584 2314 2987 2390 depoessamque
3012 2316 3271 2371 montium
3290 2318 3471 2374 subter
3489 2332 3733 2375 coercent
3752 2339 3899 2377 cacu-

2342 2401 2676 2457 oceidentalis
2698 2403 2831 2457 Casii
2855 2412 2907 2457 et
2934 2404 3199 2457 orientalis
3222 2405 3431 2459 Libani.
3686 2408 3863 2480 [mina
3878 2448 3893 2475 ,

2342 2490 2473 2544 Eam
2496 2507 2624 2545 vero
2646 2490 2798 2543 multi
2826 2489 3069 2544 homines
3087 2501 3267 2545 tenent
3290 2502 3447 2565 atque
3474 2494 3710 2566 opulenti

2340 2596 2439 2632 nee
2458 2578 2862 2633 habitationibus
2884 2596 2983 2632 nec
3018 2580 3231 2633 nomine
3250 2579 3455 2651 juncti,
3483 2580 3577 2635 sed
3600 2600 3835 2637 seorsum

2339 2664 2425 2718 alii
2448 2666 2647 2719 suntin
2672 2664 3091 2731 mediterraneis,
3111 2666 3200 2737 qui
3224 2667 3339 2739 Syri
3365 2679 3636 2732 vocantur,

2344 2750 2430 2805 alii
2456 2769 2622 2825 prope
2646 2769 2789 2805 mare
2802 2792 2819 2817 ,
2842 2752 3115 2807 Phoenices
3141 2753 3380 2825 appellati

2343 3044 2495 3114 guius
2524 3044 2741 3097 tentavit
2768 3053 2935 3097 marte
2960 3044 3178 3114 proprio
3219 3042 3541 3096 elaboratum
3580 3062 3593 3097 τ
3624 3062 3745 3097 nam
3774 3062 3898 3116 por-

2340 3131 2547 3175 tentum
2574 3118 2717 3173 istud
2766 3118 3021 3175 doctrine
3060 3138 3217 3174 nemo
3243 3123 3442 3193 peritus
3464 3121 3531 3175 ab
3558 3122 3901 3177 Eratosthene

2341 3199 2420 3252 vel
2466 3198 2725 3253 Strabone
2752 3196 2908 3253 debet
2932 3210 3250 3271 exspectare.
3297 3220 3321 3249 ι
3354 3200 3783 3255 Bmmnrus.
3830 3205 3903 3258 At

2336 3294 2503 3347 quum
2532 3287 2641 3331 tota
2660 3278 2785 3331 Asia
2805 3276 3095 3331 secundum
3123 3294 3213 3331 eos
3227 3316 3244 3343 ,
3264 3295 3399 3349 quos
3419 3280 3703 3349 Dionysius
3728 3281 3901 3351 sequi-

2338 3364 2446 3420 tur,
2476 3354 2596 3408 coni
2612 3353 2836 3409 sormam
2854 3354 3073 3421 reserat,
3102 3364 3289 3427 sponte
3310 3355 3613 3427 intelligitur
3624 3356 3899 3412 dimidiam

2338 3434 2473 3487 Asia
2494 3444 2699 3505 partem
2720 3450 2891 3505 neque
2906 3432 3223 3505 quadratum
3240 3452 3411 3506 neque
3423 3434 3902 3507 parallelogramma

2337 3510 2521 3565 referri
2552 3528 2735 3584 posse,
2784 3510 2877 3565 sed
2904 3510 3313 3583 quadrilateram
3350 3510 3571 3582 liguram
3611 3512 3737 3584 fingi
3770 3513 3900 3567 ἀνώ·

2338 3590 2529 3662 μαλον,
2569 3608 2688 3664 quae
2712 3588 2780 3645 ad
2808 3588 3086 3646 dimidiam
3110 3592 3233 3645 coni
3260 3600 3465 3664 partem
3491 3592 3733 3664 proxime
3757 3612 3903 3649 acce·

2335 3670 2443 3727 (lat.
2476 3672 2499 3742 ΙΙ
2530 3701 2602 3713 -—
2642 3672 2766 3741 889.
2798 3669 2918 3742 μὲν]
2957 3669 3055 3741 γὰρ
3085 3670 3901 3743 ΑΒΟΕΕΒΝΟΟᾹὶεΜςίΜηη

2339 3750 2425 3823 μὲν
2448 3750 2543 3823 γὰρ
2570 3754 2635 3805 F.
2660 3750 2838 3805 Verba
2860 3750 2911 3805 ἐν
2934 3753 3193 3822 πρώτοισιν
3222 3752 3247 3817 (
3263 3768 3340 3803 vs.
3374 3752 3515 3821 639)
3541 3762 3661 3823 post
3696 3750 3901 3807 ἀκοῦσαι

2338 3832 2649 3903 transposita
2670 3832 2725 3884 in
2754 3835 2828 3893 A,·
2858 3830 2979 3903 ἐμοῦ
3004 3828 3127 3885 eod.
3154 3829 3221 3891 ζ’.
3258 3830 3281 3901 ΙΙ
3314 3861 3386 3873 —-
3412 3834 3538 3901 890.
3570 3831 3663 3894 ἕως
3694 3830 3897 3907 Ἰνδῶν]

2338 3909 2385 3971 ἔς
2405 3908 2542 3978 ἠώην
2558 3911 3128 3973 ΒΒΕΟΗΜΟΧοωζς
3156 3911 3345 3981 τεμένει
3361 3928 3448 3983 gq.
3486 3912 3509 3980 ΙΙ
3540 3940 3609 3953 -
3631 3915 3758 3981 891.
3788 3914 3897 3984 τοιΙ

2338 3990 2445 4061 τόγ’
2472 3990 2667 4059 Nbgm,
2692 3990 2793 4044 τότ’
2817 3991 2898 4053 G,·
2921 3989 3175 4060 πλευροῖσι
3199 3992 3413 4046 ADEH
3415 3994 3517 4047 ΝΥ
3516 3994 3577 4045 Χ
3575 3990 3734 4063 best&
3761 3992 3899 4047 τελέ-

2340 4072 2474 4123 θοιτο
2494 4070 2673 4142 Ο.ΙΙ-
2688 4072 2810 4141 892.
2824 4070 3497 4143 πέλειΑΟΟΚΝεεηεῑρτ.
3514 4088 3587 4123 m.
3602 4089 3624 4122 ε
3639 4090 3655 4135 ;
3678 4072 3799 4143 ἀταρ
3816 4090 3875 4147 eq

2346 4151 2445 4218 ss—
2471 4150 2595 4219 893.
2621 4148 2838 4202 ὠκεανὸν
2866 4152 2909 4203 Β
2918 4172 2941 4212 ,·
2954 4149 3112 4210 νότιος
3128 4148 3161 4203 b
3186 4148 3475 4213 ε,νότινος,
3502 4154 3661 4220 supr'a
3678 4150 3899 4205 alterum

2340 4248 2365 4279 ν
2391 4229 2582 4299 scripta
2600 4226 2679 4283 lit.
2700 4246 2749 4295 0,
2779 4227 2811 4281 h
2829 4251 2853 4292 ‚-
2872 4224 3027 4299 οἶδμα
3062 4227 3105 4280 τ’
3127 4226 3325 4299 ἐρυθρὸν
3354 4226 3517 4285 deo
3544 4226 3668 4283 Ald.
3704 4238 3759 4283 et
3784 4248 3897 4284 var.

2342 4308 2457 4363 leet.
2478 4325 2563 4380 ap.
2586 4308 2828 4380 stephan.
2849 4307 2871 4377 ΙΙ
2894 4336 2968 4349 -
2994 4309 3119 4377 894.
3148 4306 3215 4369 ὡς
3239 4304 3366 4380 ὕπὸ]
3388 4308 3454 4369 ὣς
3474 4324 3551 4360 τοι
3578 4310 3623 4361 Ε
3631 4308 3868 4366 GNbdex
3874 4334 3897 4373 ,-

2340 4404 2397 4439 nn
2418 4384 2506 4441 Ed
2520 4404 2679 4461 supra
2704 4403 2804 4440 scr.
2834 4384 2956 4451 ὓπδς
2974 4386 3121 4448 πέζαν
3142 4385 3163 4458 ]
3185 4384 3269 4439 Ci'.
3293 4402 3373 4439 vs.
3394 4388 3516 4457 931.
3550 4383 3646 4456 ἐπ’]
3676 4384 3721 4447 ἐς
3749 4390 3902 4443 CEH

2344 4470 2399 4523 Κ
2398 4466 2741 4541 Lgimps.ss—-
2766 4467 2889 4536 895.
2912 4462 3169 4537 ἀρξόμενος
3188 4483 3219 4519 o
3231 4488 3253 4528 ,-
3272 4464 3531 4536 Συρρὶηθεν
3553 4467 3629 4520 Χ.
3641 4465 3741 4536 11-—
3769 4470 3894 4537 897.

2340 4546 2456 4618 Συρ.
2488 4546 2609 4619 μὲν]
2630 4546 2716 4619 μὲν
2738 4545 2853 4618 Συρ.
2887 4548 2958 4609 G,·
2974 4544 3179 4617 ἐγγύθεν
3197 4545 3218 4617 ]
3236 4543 3283 4607 ἔς
3300 4544 3443 4598 νότον
3464 4542 3893 4617 ΑΒΟΧᾰίᾸ-ηιρ,

2342 4624 2409 4688 εἰς
2432 4628 2573 4679 νότον
2593 4644 2703 4699 eoq.
2724 4622 3038 4680 Emendatio
3061 4625 3219 4697 petita
3252 4642 3319 4677 ex
3342 4642 3419 4679 vs.
3463 4627 3583 4693 174.
3617 4624 3639 4692 ss
3666 4651 3740 4664 —-
3768 4626 3894 4693 898.

2340 4723 2393 4758 τε
2417 4724 2527 4760 om.
2560 4708 2636 4769 D;
2661 4703 2948 4759 πτολίπολιν
2969 4707 3041 4769 D,
3073 4702 3343 4757 πολύπολιν
3373 4704 3421 4760 C
3432 4725 3456 4766 ,-
3485 4699 3632 4755 αἶσαν
3660 4706 3732 4757 D.
3768 4702 3791 4773 ΙΙ
3824 4732 3899 4745 -

2341 4786 2467 4854 899.
2494 4784 2750 4837 καλέουσιν
2774 4782 3315 4855 ABCEGbeghmoqs3
3336 4781 3555 4836 ἐνέπουσι
3580 4790 3705 4834 cett.
3732 4779 3892 4835 codd.

2347 4862 2369 4933 ΙΙ
2404 4894 2474 4905 -
2499 4880 2623 4933 900.
2654 4864 2804 4934 μέσην
2836 4864 3167 4919 CDEFGMo
3191 4872 3243 4917 et
3273 4877 3358 4933 pr.
3386 4878 3462 4915 m.
3496 4880 3548 4927 ες
3579 4859 3663 4913 καὶ
3688 4877 3797 4915 om.
3836 4878 3891 4924 s;

2338 4942 2453 5014 ὑπὸ]
2474 4944 2549 4997 sic
2566 4945 2957 5007 ACDFGHM‚
2980 4940 3257 5012 ὒποπρῶνες
3274 4945 3337 5004 Β,
3359 4940 3445 4994 δύο
3465 4944 3513 4995 Ε
3520 4942 3634 5012 QK
3636 4942 3840 4996 LNOY
3838 4944 3901 4995 X

2338 5026 2358 5083 (
2381 5021 2473 5075 sed
2498 5023 2552 5075 in
2574 5026 2627 5078 E
2642 5032 2935 5075 correctum
2962 5020 3087 5093 ὑπὸ)
3118 5021 3381 5090 ceterique
3406 5017 3588 5083 codd.;
3614 5018 3708 5073 ὕπο
3728 5020 3897 5071 Bern-

2338 5100 2589 5173 hardyus.
2630 5104 2651 5173 11
2679 5130 2753 5143 —-
2779 5118 2873 5171 901
2906 5111 2959 5154 et
2987 5116 3089 5171 902
3116 5118 3225 5155 om.
3240 5098 3299 5169 f.
3328 5102 3391 5154 In
3420 5103 3481 5156 M
3518 5108 3640 5173 post
3680 5116 3758 5154 vs.
3788 5102 3893 5169 904

2336 5192 2633 5251 ponuntur,
2679 5190 2904 5235 attamen
2933 5180 3208 5252 adscriptis
3254 5180 3485 5233 numeris
3530 5177 3665 5234 ordo
3712 5178 3893 5249 vulga·

2335 5269 2418 5313 tus
2450 5258 2732 5315 indicatur.
2772 5257 3004 5313 Raecium
3033 5258 3085 5324 h,
3118 5258 3243 5331 ἑῴου
3274 5264 3342 5315 H.
3384 5260 3405 5329 ΙΙ
3438 5288 3511 5300 -
3540 5258 3664 5329 903.
3702 5256 3889 5311 ἐπώνυ-

2336 5358 2420 5410 μοι
2439 5338 2491 5392 k.
2530 5341 2550 5408 11
2575 5368 2646 5380 -
2670 5343 2790 5410 904.
2819 5338 3015 5411 τοίπερ]
3044 5357 3121 5391 τοι
3148 5338 3201 5392 δέ
3222 5356 3310 5409 περ
3339 5340 3411 5393 D.
3437 5338 3458 5407 11
3490 5368 3563 5379 -
3590 5336 3712 5406 905.
3744 5334 3890 5406 ἔγγῦ·
