4584 6284
1760 428 2117 492 ANAPLUS
2162 428 2480 491 BosPom
2524 430 2870 494 Tunscu.

716 581 937 637 quarum
964 579 1131 633 mayor
1156 562 1317 631 cingit
1346 560 1493 614 urbis
1518 560 1649 613 latus
1672 575 1888 627 vergens
1910 556 1979 612 ad
2001 558 2274 624 orientem,

3839 452 3871 503 2
3887 454 3906 504 l

2436 556 2685 613 Similiter
2697 558 2868 629 Cyzici
2880 558 3074 615 l'uitm
3083 562 3335 633 Apollinis
3345 565 3570 621 Ecbasii.
3582 570 3914 639 Argonauta,

717 650 773 706 id
798 659 877 703 est
908 647 1051 702 urbis
1084 646 1312 701 frontem
1348 656 1401 699 et
1422 646 1649 717 primam
1677 642 2005 715 peninsulani
2028 658 2279 715 promen·
2368 644 2540 717 inquit
2575 644 2880 717 Apollonius
2908 646 2932 715 (
2938 662 2986 710 1,
3010 648 3158 719 996),
3191 667 3309 703 cum
3347 668 3530 707 navem
3565 666 3708 711 extra
3733 656 3916 711 urbem

718 738 839 793 torii
872 745 1072 809 partem
1090 774 1107 801 ,
1143 734 1201 789 in
1236 751 1340 805 qua
1366 732 1495 787 olim
1531 730 1747 785 suerunt
1772 730 1987 785 illustria
2010 728 2121 783 loca
2146 746 2281 783 nun·
2369 730 2721 804 appulissent,
2769 732 3010 803 Cyziceni
3056 732 3168 787 illos
3202 734 3418 789 interius
3453 756 3634 795 navem
3663 743 3920 815 appellere

718 834 903 897 cupam
928 825 1187 894 Mangana
1220 831 1273 875 et
1301 818 1611 875 Arcadianae
1634 820 1877 874 Therme
1901 829 1954 873 et
1990 819 2172 889 primae
2195 835 2276 871 re·
2371 828 2644 873 suaserunt
2687 818 2742 873 in
2769 828 2982 891 portum
3011 815 3188 882 urbis,
3225 819 3316 873 ubi
3350 822 3572 878 Echasio
3605 828 3832 897 Apollini
3863 829 3918 883 in

718 913 885 985 8³0⁰ss
920 928 1069 985 pars,
1110 927 1228 983 quae
1269 908 1572 963 continebat
1616 906 1834 961 domum
1883 904 2125 961 Placidiae
2171 909 2281 959 Au·
2367 904 2540 960 littore
2577 922 2721 959 aram
2765 906 3058 959 excitarunt
3092 920 3159 957 ex
3201 921 3296 969 eo,
3339 905 3484 977 quod
3515 912 3660 965 navis
3691 915 3832 985 Argo
3861 914 3917 967 in

718 1008 906 1072 gustae,
931 996 1152 1051 domum
1178 994 1513 1050 nobilissimae
1546 994 1765 1048 Marinae
1781 1033 1796 1059 ,
1835 993 2069 1065 porticus
2092 1009 2279 1064 perpe-

720 1096 836 1141 tuas
894 1082 1027 1139 duas
1042 1124 1058 1150 ,
1126 1081 1317 1154 gradus
1370 1091 1615 1154 quatuor.
1662 1083 1727 1135 In
1784 1080 1883 1135 hac
1934 1081 2091 1134 etiam
2138 1078 2284 1131 urbis

720 1169 894 1223 fronte
963 1167 1061 1221 l'uit
1101 1184 1222 1239 pars
1276 1164 1519 1221 secundae
1558 1165 1817 1235 regionis,
1868 1182 1987 1235 quae
2026 1164 2094 1219 ab
2132 1163 2284 1215 initio

723 1255 909 1311 theatri
932 1254 1150 1308 minoris
1178 1264 1299 1327 post
1325 1252 1665 1325 equalitatem
1691 1249 1909 1305 latenter
1936 1250 2079 1307 molli
2107 1250 2281 1304 suble-

722 1353 837 1398 vata
858 1342 1023 1409 clivo,
1066 1359 1191 1396 mox
1218 1339 1287 1395 ad
1314 1358 1458 1395 marc
1488 1338 1786 1412 praecipitiis
1820 1337 2045 1411 abrupta
2070 1336 2284 1392 descen·

722 1428 880 1484 debat
891 1470 908 1495 ,
935 1427 1235 1482 continebat
1247 1427 1301 1480 in
1316 1444 1371 1481 so
1386 1426 1635 1498 templum
1658 1442 1909 1495 magnum
1922 1434 1975 1479 et
1986 1426 2282 1496 antiquum,

724 1524 990 1580 senatum,
1030 1510 1259 1567 tribunal
1275 1551 1291 1578 ,
1322 1511 1549 1567 thermas
1574 1511 1857 1583 Zeuxippi,
1884 1509 2119 1582 porticus
2148 1527 2287 1581 mag-

726 1620 819 1657 nas
867 1612 1111 1674 quatuor,
1150 1618 1293 1654 nunc
1327 1600 1561 1653 continet
1586 1597 1797 1653 claustri
1834 1598 1963 1669 regii
1992 1608 2191 1669 partem
2216 1598 2286 1651 si-

728 1701 835 1745 tam
880 1691 934 1743 in
968 1688 1129 1744 latere
1161 1688 1321 1761 primi
1360 1686 1507 1741 urbis
1542 1686 1687 1741 collis
1722 1686 2015 1757 pertinente
2060 1682 2128 1739 ad
2166 1684 2288 1737 solis

726 1786 931 1842 ortum,
960 1792 1121 1847 quem
1154 1771 1367 1846 quidem
1392 1770 1576 1827 collem
1604 1772 1793 1826 circuit
1816 1770 1999 1825 ultima
2020 1788 2141 1843 pars
2162 1772 2287 1825 Bos-

726 1862 843 1935 pori
867 1862 1077 1934 proprie
1100 1878 1131 1913 a
1150 1860 1407 1931 Dionysio
1424 1858 1673 1931 Byzantio
1699 1856 1949 1929 appellata
1971 1866 2281 1929 promonto-

728 1950 865 2003 rium
887 1946 1229 2019 Bosporium,
1258 1946 1313 1999 in
1350 1963 1457 2017 quo
1488 1946 1645 1998 situm
1668 1943 1767 1997 suit
1792 1944 2072 2015 antiquum
2094 1946 2291 2017 Byzan·

734 2036 883 2089 tium.

1407 2146 1502 2207 Fr.
1555 2155 1610 2204 7.

811 2330 834 2352 ι
867 2308 943 2359 De
970 2302 1325 2377 promontorio
1339 2342 1355 2371 ,
1390 2302 1579 2373 inquit,
1610 2298 1749 2373 qnod
1780 2299 2081 2373 Bosporinm
2113 2298 2289 2372 appe!-

738 2391 905 2444 Iamns
920 2431 936 2454 ,
980 2388 1175 2462 duplex
1208 2388 1461 2455 vulgatur
1494 2405 1663 2464 >sermo
1692 2408 1711 2439 .·
1751 2386 1851 2441 alii
1889 2386 2074 2440 dictent
2114 2386 2289 2440 bovem

737 2487 891 2531 ωηο
913 2474 1243 2530 stimulatam
1265 2471 1341 2527 ad
1358 2472 1528 2547 ipsum
1551 2472 1758 2527 illatam
1778 2471 2051 2525 transiisse
2068 2483 2289 2526 meatum

739 2561 959 2617 medium
973 2584 995 2626 ,·
1008 2560 1109 2615 alii
1106 2559 1411 2630 fabulosius
1424 2571 1817 2613 commemorant
1838 2562 1902 2613 Io
1920 2558 2111 2613 Inachi
2122 2559 2290 2627 filiam

740 2649 887 2705 illim
913 2650 967 2703 in
994 2646 1183 2703 Asiam
1195 2646 1499 2703 'transii-sse.

804 2734 953 2789 Idem
998 2736 1281 2807 Dionysius
1306 2733 1429 2788 alibi
1472 2737 1588 2789 ait:
1632 2753 1825 2808 parum
1864 2734 2127 2804 abjici-sse,
2164 2736 2291 2808 quin

738 2821 1047 2895 Byzantium
1084 2820 1387 2875 condentur
1414 2821 1469 2875 in
1508 2823 1614 2876 Ioco
1640 2834 1940 2896 nuncupato
1966 2828 2223 2893 Semystra
2260 2842 2296 2877 a

738 2908 937 2963 nutrice
966 2911 1207 2963 &roa-sm
1232 2906 1419 2961 matris
1450 2908 1719 2978 Byzantis‚
1751 2906 1857 2962 nisi
1878 2926 2067 2963 corvus
2089 2908 2298 2981 rapuis-

735 3009 815 3053 set
836 3016 901 3051 ex
925 2994 1096 3050 media
1106 2997 1333 3065 flamma
1348 3006 1559 3069 partem
1580 2995 1840 3058 victima,
1862 3013 2073 3069 eamque
2100 2996 2155 3050 in
2168 3014 2296 3069 pm·

740 3081 1045 3137 nwntorinrn
1090 3080 1397 3155 Bosporimn
1440 3080 1647 3136 tulisset
1662 3121 1678 3144 ,
1726 3078 1868 3152 quod
1892 3078 2101 3149 signum
2134 3082 2300 3136 secuti

739 3168 948 3223 colonia
974 3164 1253 3236 Megaricoe
1292 3164 1593 3221 deductores
1621 3167 1933 3237 Byzantium
1960 3165 2300 3221 condiderunt

742 3258 802 3309 in
822 3251 1172 3327 promontorio
1197 3251 1447 3325 Bosporio
1470 3252 1577 3321 (V.
1606 3250 1743 3305 infra
1770 3250 1837 3307 fr.
1872 3252 1993 3323 18).

814 3338 961 3393 Idem
1003 3338 1105 3392 olio
1149 3336 1267 3391 loco
1320 3337 1557 3408 loquitur
1590 3335 1658 3391 de
1693 3339 1909 3409 Metopo
1953 3337 2070 3392 loco
2110 3340 2181 3391 ita
2210 3354 2302 3409 ap-

747 3426 935 3499 pellato
959 3441 974 3479 τ
1006 3424 1295 3480 oste-eodem
1310 3466 1326 3489 ,
1372 3425 1545 3497 inquit
1559 3463 1578 3491 ,
1632 3424 1797 3479 Iocum
1828 3424 2031 3498 excipit
2058 3428 2304 3499 Metopon

748 3512 1071 3587 appellatum
1093 3528 1157 3567 ex
1189 3530 1243 3567 eo
1274 3509 1413 3585 quod
1434 3510 1580 3565 urbis
1602 3510 1840 3585 aspectui
1862 3510 2129 3583 objicitur.
2164 3514 2305 3566 Nam

752 3601 983 3656 intuetur
1003 3600 1175 3675 ipsum
1188 3599 1598 3675 promontorium
1626 3599 1929 3673 Bosporimn
1958 3598 2067 3673 (V.
2096 3600 2163 3656 sr.
2186 3601 2302 3673 27).

818 3688 1142 3760 Nicephorus
1170 3687 1447 3741 historicus
1470 3688 1691 3759 appellat
1712 3689 2135 3759 promontorium
2160 3689 2307 3759 aqui-

752 3775 950 3829 lonare.
968 3798 993 3821 ι
1007 3771 1445 3845 Prospiciebatur,
1462 3772 1653 3843 inquit,
1678 3772 1849 3827 classis
1872 3775 2179 3827 Latinorum
2197 3772 2306 3845 jam

757 3859 1191 3934 praeternavigans
1238 3858 1471 3930 Byzantii
1518 3858 1817 3929 aquilonare
1851 3860 2274 3931 promontorium
2290 3900 2306 3925 ,

758 3947 851 4002 ubi
877 3945 997 3999 duae
1019 3956 1190 3999 turres
1210 3954 1521 3999 constructa
1546 3946 1801 3998 exsistunt
1820 3962 1885 3997 ex
1902 3942 2161 4016 lapidibus
2183 3944 2312 3997 albis

756 4043 809 4087 et
834 4031 1095 4105 expolitis,
1126 4030 1219 4085 ubi
1242 4032 1397 4085 ctiam
1428 4030 1681 4085 Demetrii
1708 4030 1949 4100 martyris
1976 4031 2311 4085 constitutum

756 4128 835 4173 est
889 4116 1172 4189 templum;
1231 4116 1511 4171 videbatur
1552 4126 1727 4170 autem
1775 4117 1975 4170 Latinis
2026 4116 2316 4171 laboriosm

758 4206 925 4260 flexus
938 4202 1011 4259 ob
1034 4203 1194 4258 maris
1218 4204 1443 4257 vortices
1464 4214 1517 4258 et
1536 4202 1679 4257 velut
1696 4202 2019 4276 labyrinthos
2040 4202 2313 4275 quosdam,

757 4293 849 4366 qui
866 4293 971 4347 illic
986 4306 1193 4363 semper
1216 4288 1329 4345 fieri
1348 4289 1518 4345 solent
1550 4288 1619 4345 ad
1645 4288 2041 4345 similitudinem
2065 4288 2241 4362 Scyllae
2266 4299 2319 4343 et

756 4378 1067 4455 Charybdis,
1093 4395 1224 4450 quas
1240 4378 1409 4433 Graeci
1428 4376 1710 4432 decantant
1732 4378 1783 4431 in
1802 4376 1935 4433 soeto
1952 4377 2127 4432 Siculo
2142 4394 2267 4431 esse.
2288 4402 2311 4423 ι·

1431 4527 1534 4589 Fr.
1581 4538 1639 4589 8.

835 4690 904 4741 In
930 4684 1022 4740 hoc
1043 4685 1395 4759 promontorio
1410 4682 1701 4755 Dionysius
1716 4682 1876 4757 ponit
1901 4700 2051 4736 amm
2078 4680 2325 4737 Minewoe

770 4771 1008 4828 Ecba-eia„-
1044 4788 1109 4825 α·
1138 4789 1193 4824 eo
1230 4769 1509 4824 nominatoe
1522 4810 1539 4834 ,
1570 4767 1713 4841 quod
1748 4766 1848 4822 lucc
1871 4767 2065 4836 egressi
2088 4767 2322 4842 primum

764 4859 979 4913 colonia
1013 4857 1309 4911 deductores
1340 4856 1527 4911 statim
1568 4868 1816 4929 tanquam
1836 4874 1937 4928 pm
1966 4866 2163 4931 patrm
2186 4866 2326 4909 term

757 4956 1099 5018 pugnassent.

839 5160 931 5211 Fr.
972 5172 1025 5225 7.
1055 5154 1265 5227 Duplex
1308 5153 1559 5221 vulgatur
1592 5172 1757 5207 sermo
1789 5154 1912 5226 etc.]
1957 5152 2043 5207 Sic
2079 5153 2317 5225 Dionysii

2373 992 2666 1047 Dolioniam
2721 1008 2922 1062 egressa
2979 988 3176 1045 suisset.
3235 990 3515 1045 Deilochus
3573 994 3694 1068 (ap.
3753 998 3916 1053 schol.

2372 1078 2544 1152 Apoll.
2578 1078 2614 1133 l.
2645 1078 2716 1151 l.)
2754 1077 3006 1151 templum
3039 1094 3149 1131 esse
3173 1073 3329 1141 dicit,
3352 1094 3458 1131 non
3495 1080 3698 1135 Ecbasii
3727 1084 3922 1155 Apolli.

2372 1168 2470 1231 nis,
2500 1164 2591 1219 sed
2615 1167 2810 1219 Jasonii
2838 1164 3108 1237 Apollinis.
3153 1164 3385 1219 Socrate·
3409 1167 3431 1235 (
3451 1159 3504 1215 ἐν
3546 1158 3922 1235 Ἐπικλῆσισι,

2372 1271 2458 1326 ap.
2486 1250 2644 1307 eund.
2691 1250 2852 1307 schol.
2883 1248 3059 1321 >dicit
3093 1247 3148 1303 id
3189 1249 3442 1322 templum
3489 1252 3734 1323 appellari
3773 1254 3924 1323 Cyzi·

2372 1339 2484 1393 ceni
2529 1338 2800 1410 Apollinis.
2847 1342 3021 1407 Quam
3076 1336 3354 1406 Dionysius
3403 1337 3624 1409 appellnt
3669 1338 3924 1393 Ecbasion

2373 1424 2660 1478 Minervam
2677 1462 2694 1491 ,
2725 1440 2995 1497 possemus
3022 1422 3177 1476 etiam
3205 1421 3458 1493 appellare
3484 1422 3809 1477 Ecbateriam
3826 1463 3842 1489 ,
3871 1436 3930 1479 ut

2374 1513 2590 1590 Syphnii
2615 1520 2835 1573 Dianam
2859 1519 3180 1591 appellarunt
3192 1520 3514 1591 (Hesychius
3537 1536 3552 1573 z
3569 1510 3812 1586 Ἐκὸατη
3818 1512 3930 1593 plag

2381 1604 2454 1677 [l.
2483 1596 2812 1679 Ἐκὸατηρία
2841 1616 2934 1661 aut
2964 1598 3352 1680 Ἐκὸατηριᾶς]
3380 1595 3620 1679 Ἄρτεμις
3647 1600 3700 1657 ἓν
3731 1599 3949 1682 Σίφνῳ).

2375 1774 2448 1825 11.
2477 1776 2554 1825 De
2573 1790 2666 1825 om
2685 1772 2834 1827 sinus
2865 1773 3095 1829 cet-atini
3114 1774 3343 1842 cingi-nte
3377 1770 3522 1825 urbis
3547 1771 3687 1825 latus
3715 1790 3930 1840 vergens

2529 1856 2603 1911 acl
2624 1860 2994 1932 septentriones
3010 1902 3026 1925 ,
3057 1872 3108 1913 et
3133 1860 3197 1914 de
3221 1860 3332 1931 ejus
3353 1856 3591 1931 antiquis
3613 1856 3762 1914 Iocis.

2447 2005 2638 2057 Moenia
2658 2003 2801 2057 urbis
2820 2021 2851 2056 a
2868 2004 3189 2076 Propontide
3217 2022 3382 2079 usque
3401 2004 3466 2059 ad
3491 2023 3794 2061 mucronem
3813 2025 3935 2079 pro-

2379 2091 2624 2145 montorii
2659 2092 2896 2164 Bosporii
2935 2092 3203 2148 alluuntur
3246 2093 3494 2148 extremis
3531 2092 3767 2149 saucibus
3803 2096 3934 2149 Bos-

2380 2177 2496 2249 pori
2521 2176 2664 2231 nullo
2695 2178 2863 2249 spatio
2889 2194 2922 2231 a
2947 2178 3208 2234 moenibus
3235 2188 3288 2233 et
3321 2180 3454 2234 mari
3483 2180 3805 2247 intermisso,
3834 2182 3934 2236 nisi

2375 2262 2530 2336 paulo
2551 2273 2828 2335 antequam
2850 2264 3182 2337 perveniatur
3201 2264 3271 2320 ad
3287 2266 3600 2337 Bosporium
3629 2284 3934 2321 mucronem

2376 2349 2720 2404 ducentorum
2773 2367 3021 2421 passuum
3070 2352 3124 2405 in
3171 2350 3550 2422 longitudinem
3569 2392 3584 2418 ,
3629 2352 3720 2406 ubi
3757 2354 3936 2407 navale

2377 2436 2624 2505 exiguum
2657 2436 2924 2507 regiorum
2951 2436 3243 2491 lemborum
3262 2478 3278 2504 ,
3315 2438 3506 2511 quibus
3533 2438 3805 2509 enavigare
3843 2457 3936 2494 rex

2378 2521 2508 2575 solet
2546 2522 2600 2575 in
2629 2538 2779 2592 agros
2813 2521 3142 2577 suburbanos
3157 2564 3172 2590 ,
3193 2534 3246 2577 et
3267 2524 3524 2578 machina
3553 2524 3767 2581 bellicae.
3805 2524 3938 2579 Inde

2379 2628 2408 2663 a
2434 2628 2684 2664 mucrone
2709 2614 3059 2683 promontorii
3086 2613 3353 2685 Bosporii,
3381 2611 3522 2666 unde
3549 2612 3732 2684 incipit
3757 2630 3850 2667 ora
3871 2614 3939 2667 si·

2381 2716 2479 2751 nus
2509 2700 2734 2753 Ceratini
2763 2696 3008 2753 claudens
3033 2699 3166 2754 latus
3193 2700 3337 2755 urbis
3361 2718 3672 2754 conversum
3701 2700 3770 2755 ad
3791 2704 3940 2774 aqui·

2383 2784 2556 2839 lonem
2596 2801 2762 2855 usque
2806 2784 2874 2839 ad
2907 2784 3063 2839 finem
3095 2786 3238 2840 urbis
3255 2827 3271 2850 ,
3304 2786 3498 2841 moenia
3534 2804 3640 2841 non
3679 2787 3940 2857 attingunt

2383 2889 2560 2937 unare,
2605 2870 2696 2925 sed
2738 2874 2964 2944 spatium
3003 2873 3323 2946 relinquunt.
3376 2872 3537 2943 Quod
3585 2872 3735 2947 quale
3777 2876 3848 2929 sit
3889 2887 3942 2930 et

2385 2969 2638 3030 quantum
2657 2997 2674 3025 ,
2707 2958 2964 3031 quibusve
2999 2959 3155 3014 rebus
3191 2970 3492 3033 occupetur,
3515 2957 3686 3014 dicam
3707 2977 3802 3033 per
3825 2978 3944 3033 par·

2385 3054 2482 3098 tes.
2522 3044 2586 3098 ld
2611 3046 2762 3115 spatii
2795 3044 2939 3117 quod
2962 3056 3038 3100 est
3074 3046 3128 3100 in
3155 3064 3361 3101 summo
3395 3063 3682 3112 mucrone,
3716 3057 3860 3119 patet
3887 3048 3940 3101 in

2387 3131 2713 3186 latitudinem
2750 3132 2940 3187 alicubi
2977 3135 3181 3187 circiter
3219 3133 3399 3203 viginti
3435 3150 3714 3205 passuum,
3744 3132 3836 3187 sed
3873 3133 3944 3188 la·

2389 3218 2574 3271 tiorem
2613 3216 2840 3271 mediam
2857 3258 2872 3283 ,
2916 3235 3104 3291 nempe
3132 3218 3338 3273 circiter
3363 3219 3624 3289 octoginta
3655 3235 3904 3289 passuum
3924 3258 3940 3283 ,

2391 3304 2479 3357 ubi
2515 3316 2590 3359 est
2624 3306 2856 3377 porticus
2896 3315 3030 3359 tecta
3067 3304 3312 3377 plumbo,
3355 3315 3638 3359 sustentata
3682 3297 3942 3358 duodenis

2389 3388 2644 3444 columnis
2678 3391 2953 3445 marmoris
2979 3390 3196 3463 ophitas,
3224 3390 3460 3463 laqueata
3481 3390 3756 3445 lacusculis
3791 3408 3942 3445 aura-

2391 3477 2456 3531 tis
2481 3485 2532 3530 et
2556 3476 2754 3548 persica
2779 3487 2888 3531 arte
2913 3476 3065 3549 pictis
3083 3516 3096 3542 ,
3121 3478 3308 3547 exiguo
3335 3476 3501 3530 vireto
3525 3478 3726 3543 cincta3
3755 3494 3864 3549 prae
3890 3494 3946 3530 se

2389 3561 2545 3617 habet
2570 3565 2888 3635 Bosporum,
2919 3581 2950 3617 a
2987 3573 3130 3634 tergo
3155 3574 3362 3637 portam
3387 3562 3607 3617 ferream
3627 3602 3642 3629 ,
3676 3579 3780 3635 qua
3801 3572 3947 3635 patet

2391 3650 2562 3704 aditus
2583 3650 2638 3703 in
2661 3650 2943 3704 claustrum
2967 3651 3187 3721 regium.
3226 3650 3352 3705 Haec
3377 3659 3554 3723 aperta
3581 3649 3947 3720 navigantibus

2393 3738 2575 3809 retegit
2597 3738 2730 3791 viam
2752 3735 3092 3791 decumanam
3113 3738 3241 3808 regii
3269 3737 3408 3792 horti
3436 3737 3661 3791 molliter
3683 3754 3950 3807 assurgen-

2397 3836 2498 3879 tem
2527 3824 2595 3879 ad
2621 3826 2754 3897 regis
2791 3826 3060 3897 palatium.
3087 3825 3172 3880 Ab
3205 3826 3304 3880 hac
3326 3826 3538 3898 porticu
3562 3842 3728 3897 usque
3754 3822 3822 3878 ad
3860 3841 3950 3878 ur·

2399 3912 2477 3965 bis
2497 3922 2702 3983 portam
2729 3912 2908 3965 Orism
2929 3910 3230 3983 appellatam
3249 3930 3340 3967 ora
3361 3910 3654 3965 intermissa
3675 3910 3814 3964 inter
3833 3927 3950 3965 mu·

2401 4014 2520 4049 rum
2557 3998 2725 4067 regios
2759 3995 2941 4049 hortos
2971 3993 3294 4050 claudentem
3318 4006 3371 4050 et
3405 3996 3549 4049 littus
3578 3995 3776 4065 magnis
3813 3996 3949 4047 saxis

2401 4082 2770 4153 praemunitum
2816 4080 3012 4135 inclusa
3056 4090 3278 4145 tenetur,
3335 4097 3366 4134 a
3399 4097 3520 4151 rege
3563 4079 3762 4133 consita
3797 4078 3946 4133 malis

2402 4168 2603 4239 punicis
2626 4167 2910 4239 ceterisque
2926 4166 3132 4238 plantis.
3155 4170 3219 4221 In
3245 4184 3350 4239 qua
3375 4165 3545 4220 media
3569 4176 3648 4220 est
3673 4164 3951 4219 mediocris

2405 4271 2632 4309 recessus
2668 4254 2824 4307 maris
2835 4294 2854 4324 ‚
2891 4270 3048 4325 opere
3081 4252 3334 4309 abductus
3367 4254 3424 4308 in
3456 4262 3644 4307 tectam
3672 4253 3948 4307 stationem

2407 4345 2748 4414 navigiorum,
2773 4341 2965 4414 quibus
2983 4338 3201 4395 cultores
3221 4342 3483 4412 regiorum
3500 4339 3774 4396 hortorum
3794 4346 3952 4394 utun·

2410 4441 2496 4484 tur
2539 4430 2605 4485 ad
2656 4428 2889 4485 vehenda
2937 4430 3044 4500 regi
3089 4428 3386 4483 necessaria.
3437 4430 3470 4483 J
3473 4438 3596 4483 uxta
3642 4437 3720 4481 est
3760 4426 3951 4481 domus

2407 4534 2628 4579 amoena,
2659 4534 2765 4588 prae
2805 4534 2859 4569 sc
2886 4514 3082 4569 habens
3117 4532 3288 4579 mare,
3319 4532 3350 4567 a
3387 4524 3532 4585 tergo
3569 4524 3772 4585 portam
3791 4553 3806 4577 .
3845 4531 3950 4586 qua

2407 4612 2548 4673 patet
2571 4599 2742 4655 aditus
2771 4602 2824 4653 in
2865 4601 3032 4671 regios
3065 4600 3262 4654 hortos.
3291 4600 3354 4652 In
3385 4598 3521 4653 hanc
3553 4598 3772 4653 domum
3810 4616 3950 4651 sece-

2407 4686 2532 4740 dere
2569 4686 2749 4740 solitus
2785 4687 2939 4757 regiis
2981 4685 3143 4739 hortis
3185 4683 3454 4759 prael'ectus
3491 4684 3784 4753 negotiatur
3827 4700 3950 4737 cum

2409 4772 2554 4825 urbis
2598 4771 2798 4825 incolis.
2841 4773 2964 4825 Haec
2999 4788 3090 4825 ora
3111 4771 3412 4842 priusquam
3446 4777 3581 4822 esset
3606 4784 3856 4821 conversa
3893 4768 3948 4822 in

2407 4857 2626 4911 claustra
2642 4860 2806 4927 regia,
2830 4856 3127 4911 continebat
3151 4856 3334 4909 domos
3353 4856 3668 4927 piscatorum
3698 4865 3752 4908 et
3775 4853 3950 4908 sorum

2407 4943 2714 5016 piscarium,
2741 4960 2860 4996 cum
2887 4959 3011 4995 vero
3033 4940 3390 5014 Byzantiorum
3415 4939 3702 5013 respublica
3720 4940 3946 5004 floreret,

2403 5152 2596 5205 Nostro
2639 5150 2752 5205 loco
2793 5168 2893 5221 pro
2939 5149 3024 5203 his
3069 5149 3199 5203 nihil
3245 5153 3348 5212 nisi
3397 5150 3512 5205 haec
3549 5167 3565 5205 ι
3623 5186 3685 5204 ...
3725 5145 3954 5221 appella·

772 5234 931 5289 verba
956 5232 1167 5287 exhibet
1204 5232 1405 5303 Gyllius
1445 5234 1526 5286 De
1552 5232 1859 5305 topograph.
1901 5234 2083 5287 Const-
2122 5250 2177 5305 p.
2228 5232 2314 5303 59.
2379 5238 2542 5284 ἠιευ.
2607 5228 2956 5297 Pet-vulgatur
2999 5246 3160 5283 semto
3205 5230 3398 5299 bovem
3447 5239 3599 5285 aestro
3641 5224 3962 5285 stimulatam
