4584 6284
629 425 750 478 626

705 567 773 610 ta.
811 543 940 607 Ὀτι
965 551 1000 618 ἡ
1038 543 1376 623 Κομμαγηνὴ
1403 543 1516 624 ἔχει
1541 541 1693 602 πόλιν
1721 541 1980 618 ἐπίσημον
2011 541 2190 618 Σαμό-

627 659 783 696 σατα.
852 634 936 695 ’Ἣ
967 633 1022 694 δὲ
1045 632 1294 699 Σελευκὶς
1320 633 1558 691 καλεῖται
1584 630 1912 710 τετράπολις·
1933 627 2046 709 ἔχει
2087 629 2188 710 γ’ἆρ

625 723 820 790 πολλὰς
843 722 937 799 μὲν
965 721 1162 791 πόλεις,
1177 719 1466 793 ἐπισήμους
1488 717 1544 777 δὲ
1565 717 1854 796 τέσσαρας,
1881 715 2188 777 Σελεύκειαν

622 809 718 881 τὴν
751 807 970 889 Πιερίαν
1010 807 1115 866 ἀπὸ
1144 811 1235 865 τοῦ
1276 805 1486 865 κτίστου
1523 804 1844 884 Νικάτορος,
1877 801 2188 884 Ἀντιόχειαν

622 896 716 969 τὴν
745 897 834 958 ἐπὶ
855 897 1036 977 Δάφνῃ
1068 893 1174 953 ἀπὸ
1199 900 1291 954 τοῦ
1311 891 1512 976 πατρὸς
1538 895 1694 952 αὐτοῦ
1709 937 1728 971 ,
1753 891 2059 952 Λαοδίκειαν
2083 890 2188 950 ἀπὸ

623 989 716 1058 τῆς
744 982 940 1064 μητρὸς
965 984 1154 1056 αὐτοῦ,
1182 979 1475 1056 Ἀπάμειαν
1499 977 1604 1038 ἀπὸ
1629 982 1722 1051 τῆς
1742 979 1992 1059 γυναικός·
2015 978 2189 1047 πάσας

625 1071 731 1153 γὰρ
754 1070 950 1140 ταύτας
982 1071 1243 1137 Σέλευκος
1269 1071 1298 1127 6
1325 1066 1576 1146 Νικάτωρ
1599 1064 1816 1127 ἔκτισεν.

702 1181 776 1221 ao.
821 1157 951 1221 Ὀτι
1013 1161 1042 1217 6
1084 1154 1341 1239 Ὀρόντης
1375 1154 1642 1232 ποταμὸς,
1680 1159 1738 1214 ἐκ
1781 1153 2186 1230 Μεσοποταμίας

623 1247 895 1328 ὁρμηθεὶς,
937 1236 1052 1306 εἶτα
1095 1245 1198 1306 ὑπὸ
1249 1248 1349 1322 γῆν
1394 1243 1716 1324 ἅφανισθεὶς,
1763 1235 1903 1311 αὗθις
1947 1243 2186 1304 ἐκδίδωσι

622 1335 746 1418 περὶ
761 1335 856 1408 τὴν
879 1331 1192 1410 Ἀπαμηνὴν
1213 1330 1306 1392 καὶ
1323 1329 1482 1399 οὕτως
1502 1332 1574 1398 εἷς
1593 1331 1688 1404 τὴν
1715 1329 1850 1392 κατὰ
1875 1331 2184 1392 Σελεύκειαν

623 1423 882 1498 ἕμὸάλλει
927 1423 1220 1482 Θάλασσαν.
1307 1417 1413 1480 Καὶ
1461 1417 1600 1480 ἔστιν
1643 1422 1750 1479 ἐκεῖ
1786 1421 2006 1491 πλησίον
2034 1419 2180 1500 ὄρος,

627 1508 820 1591 Πιερία
847 1505 1196 1584 καλούμενον,
1227 1495 1340 1565 εἶτα
1379 1504 1505 1584 πρὸς
1540 1505 1682 1565 νότον
1721 1506 1780 1567 τὸ
1808 1506 2004 1567 Κάσιον
2031 1506 2179 1588 ὄρος,

623 1598 849 1670 πλησίον
899 1593 1213 1661 Λαοδικείας
1254 1591 1480 1665 πόλεως,
1528 1591 1647 1654 ἔνθα
1694 1593 2026 1662 Δολαὸέλλας
2080 1593 2182 1652 ὑπὸ

627 1684 868 1745 Κασσίου
895 1680 1254 1761 πολιορκηθεὶς
1281 1678 1536 1741 ἐτελεύτα.

710 1789 786 1832 91.
827 1765 959 1830 Ὀτι
987 1771 1023 1840 ἡ
1051 1766 1311 1845 Ἀπάμεια
1329 1764 1476 1835 πόλις
1495 1766 1817 1848 Χερρόνησος
1837 1769 2072 1826 καλεῖται
2089 1765 2179 1828 καὶ

627 1855 770 1918 ἔστιν
805 1855 910 1918 ὑπό
933 1879 991 1916 τε
1017 1863 1109 1917 τοῦ
1135 1861 1374 1934 ποταμοῦ
1401 1854 1645 1936 Ὀρόντου
1671 1854 1761 1916 καὶ
1789 1855 1887 1915 ὑπὸ
1911 1860 2003 1928 τῆς
2030 1853 2181 1936 ἔγγὺς

627 1945 788 2019 οὔσης
832 1945 1020 2026 λίμνης
1065 1947 1298 2025 μεγάλης
1337 1945 1428 2006 καὶ
1454 1948 1559 2005 τῶν
1591 1947 1738 2008 ἑλῶν.
1819 1945 2097 2008 Ἐκαλεῖτο
2123 1945 2178 2006 δὲ

631 2031 821 2095 Πέλλα
864 2032 1110 2115 πρότερον
1156 2033 1264 2094 ὑπὸ
1312 2037 1415 2092 τῶν
1463 2031 1586 2112 πρὶν
1637 2031 1951 2094 Μακεδόνων
2001 2031 2179 2092 αὐτόθι

627 2121 969 2196 οἰκησάντων·
1000 2119 1211 2203 ὕστερον
1261 2119 1307 2180 δ’
1333 2124 1362 2180 6
1389 2121 1639 2202 Νικάτωρ
1683 2121 1958 2196 Σέλευκος,
1999 2119 2177 2186 κτίσας

626 2209 807 2286 αὖτὴν,
828 2211 915 2270 ἐπὶ
935 2214 1004 2292 τῇ
1031 2208 1236 2291 γυναικὶ
1261 2211 1550 2289 ὠνόμασεν.
1631 2209 1887 2270 Ἐνταῦθα
1906 2209 1997 2270 καὶ
2023 2211 2052 2267 6
2079 2211 2178 2271 Νι-

623 2299 805 2381 κάτωρ
828 2299 945 2367 τοὺς
971 2299 1025 2382 φ’
1049 2298 1328 2382 ἐλέφαντας
1355 2297 1562 2382 ἔτρεφε,
1592 2299 1682 2360 καὶ
1713 2295 2052 2379 ίπποφόρὸιον
2077 2302 2173 2379 βα·

623 2387 825 2450 σιλικὸν
868 2387 1186 2469 τρισμυρίων
1227 2386 1406 2448 ἵππων
1433 2390 1670 2461 θηλειῶν.
1747 2385 2004 2463 Ἀπαμεὺς
2030 2388 2077 2445 δ’
2109 2379 2172 2459 ἦν

621 2480 652 2536 6
677 2475 1134 2558 πολυμαθέστατος
1172 2477 1277 2534 τῶν
1305 2477 1422 2534 καθ’
1449 2473 1602 2535 aar&
1639 2472 1929 2556 φιλοσόφων
1969 2476 2171 2536 Ποσει-

621 2562 818 2632 δώνιος.

697 2672 770 2712 29.
811 2647 942 2712 Ὅτι
981 2652 1036 2710 ἕν
1076 2653 1145 2730 τῇ
1189 2651 1333 2730 νήσῳ
1370 2648 1570 2729 Ἀράδῳ
1613 2647 1757 2728 πηγή
1799 2649 1908 2708 ἔστι
1957 2649 2170 2726 γλυκέος

615 2739 828 2812 ὕδατος,
869 2737 971 2798 ὑπὸ
1024 2745 1128 2804 τοῖς
1170 2735 1396 2815 κύμασιν
1437 2735 1930 2798 ἄναὸλυστάνουσα·
1975 2736 2067 2818 ἀφ’
2105 2729 2170 2810 ἧς

613 2826 907 2909 ὑδρεύονται
925 2870 944 2903 ,
991 2824 1238 2886 κλίὸανον
1292 2829 1469 2883 στενοῦ
1533 2823 1789 2900 πυθμένος
1851 2823 2167 2906 εὐρύστομον

613 2913 892 2993 μολιὸδοῧν
919 2913 1039 2996 περὶ
1067 2912 1230 2984 αὐτὴν
1259 2907 1540 2977 καθιέντες.

684 3021 760 3064 aa.
801 3002 932 3064 Ὀτι
967 3006 1004 3074 ἡ
1035 2997 1288 3082 Τρίπολις
1323 3001 1384 3059 ἐκ
1421 3001 1579 3080 τριῶν
1619 2999 1908 3080 συνῳκίσθη
1935 2999 2162 3077 πόλεων,

608 3091 783 3169 Τύρου
811 3089 900 3150 καὶ
932 3089 1144 3154 Σιδόνος
1171 3087 1262 3147 καὶ
1287 3085 1519 3168 Ἀράδου.
1559 3087 1644 3167 Τῇ
1671 3085 1726 3145 δὲ
1755 3087 2011 3166 Τριπόλει
2036 3111 2164 3147 συν-

607 3179 722 3259 εχές
761 3181 869 3241 ἔστι
914 3178 972 3238 τὸ
1021 3183 1110 3238 τοῦ
1149 3179 1289 3240 Θεοῦ
1336 3175 1638 3258 πρόσωπον,
1689 3178 1761 3241 εἷς
1803 3174 1831 3234 δ
1873 3178 2091 3258 τελευτᾷ
2137 3181 2165 3236 6

606 3265 831 3334 Λίὸανος
855 3265 916 3326 τὸ
942 3264 1081 3346 ὄρος.

683 3351 1242 3425 αε.”οτιτὴνιΚοίλην
1271 3349 1468 3431 Συρίαν
1495 3349 1527 3408 ὅ
1551 3373 1606 3410 τε
1639 3349 1863 3416 Δίὸανος
1891 3349 1981 3410 καὶ
2005 3347 2163 3411 δἈν-

607 3439 866 3508 τιλίὸανος
897 3440 960 3502 τὸ
994 3439 1107 3520 ὄρος
1149 3447 1317 3515 ποιεῖ,
1349 3436 1639 3520 ἆρχόμενον
1677 3435 1920 3516 ἑκάτερον
1953 3435 2162 3518 [μικρὸν

610 3524 823 3609 ὕπερθεν
843 3531 936 3600 τῆς
968 3525 1279 3606 θαλάττης],
1305 3522 1366 3584 τὸ
1396 3523 1516 3603 μὲν,
1547 3528 1576 3584 6
1601 3523 1857 3598 Λίὸανος,
1888 3523 1995 3585 ἀπὸ
2030 3524 2166 3607 Τρι-

610 3615 839 3693 πόλεως,
860 3616 918 3677 τὸ
938 3615 992 3676 δὲ
1009 3662 1028 3690 ,
1044 3619 1072 3675 6
1095 3612 1475 3688 Ἀντιλίὸανος,
1493 3612 1599 3673 ἀπὸ
1617 3612 1791 3694 Τόρου
1802 3657 1821 3687 ,
1848 3611 2166 3694 παράλληλα

612 3705 826 3782 κείμενα
841 3727 856 3743 ·
884 3706 1157 3765 τελευτῶσι
1189 3703 1235 3764 δ’
1268 3701 1418 3784 ἔγγὺς
1460 3705 1564 3761 τῶν
1592 3700 1851 3784 Ἀραὸίων
1891 3703 2026 3784 ὀρῶν
2063 3704 2166 3762 τῶν

613 3793 743 3874 ὑπὲρ
770 3797 863 3866 τῆς
903 3796 1287 3870 Δαμασκηνῆς·
1312 3790 1510 3861 πλάτος
1537 3789 1593 3852 δὲ
1621 3796 1716 3866 τῆς
1747 3788 1928 3871 χώρας
1966 3789 2168 3852 στάδιοι

614 3879 682 3954 σ’,
705 3886 868 3959 μῆκος
893 3879 947 3942 δὲ
975 3881 1267 3943 διπλάσιον.
1352 3879 1464 3942 Καὶ
1499 3877 1642 3940 ἔστιν
1672 3883 1704 3951 ἡ
1738 3877 1892 3960 χώρα
1921 3878 2165 3957 εὐδαιμο-

612 3968 862 4050 νεστάτη,
890 3970 1148 4052 ἅρδομένη
1178 3969 1353 4037 ἄλλοις
1376 3989 1438 4028 τε
1464 3974 1724 4046 ποταμοῖς
1748 3965 1840 4027 καὶ
1872 3965 1936 4040 δὴ
1974 3965 2066 4026 καὶ
2091 3969 2166 4046 τῷ

612 4056 687 4118 ’Io
719 4057 869 4130 δάνη.

689 4080 772 4206 t:115-
811 4123 940 4207 ἆΟτι
981 4141 1323 4213 Ποσειδώνιος
1355 4146 1556 4225 ἱστορεῖ
1592 4147 1646 4204 ἒν
1675 4142 1846 4220 Κοίλῃ
1877 4141 2045 4220 Συρίᾳ
2077 4137 2166 4198 τὸν

615 4230 868 4310 δράκοντα
897 4230 1210 4290 πεπτωκότα
1245 4233 1493 4312 ὁραθῆναι
1527 4229 1734 4308 νεκρὸν,
1750 4281 1753 4284 .
1771 4233 1939 4306 μῆκος
1979 4227 2165 4308 σχεδόν

614 4343 667 4381 τι
692 4319 783 4379 καὶ
815 4322 1134 4401 πλεθριαῖον,
1161 4317 1331 4399 πάχος
1361 4317 1430 4390 δ’,
1459 4316 1598 4376 ὥστε
1625 4314 1817 4383 ἱππέας
1847 4313 2163 4396 ἑκατέρωθεν

616 4407 983 4489 παραστάντας
1011 4405 1263 4478 ἀλλήλους
1302 4405 1377 4485 μὴ
1403 4410 1649 4484 καθορᾶν,
1671 4403 1732 4463 τὸ
1764 4399 1818 4463 δὲ
1850 4402 2038 4484 χάσμα
2071 4407 2164 4462 τοῦ

616 4495 906 4573 στόματος,
933 4496 1056 4556 ὥστ’
1084 4493 1300 4576 ἔφιππον
1344 4491 1580 4562 δέξασθαι
1599 4538 1618 4571 ,
1646 4495 1740 4564 τῆς
1764 4489 1820 4551 δὲ
1847 4490 2050 4572 φολίδος
2073 4491 2164 4549 λε-

613 4582 745 4643 πίδα
767 4581 993 4656 ἑκάστην
1019 4581 1148 4658 ὑπὲρ
1173 4579 1346 4661 θυρεὸν
1375 4571 1524 4643 εἶναι.

691 4691 768 4731 αα.
813 4668 943 4731 Ὅτι
979 4669 1163 4731 ἅπασα
1191 4675 1226 4741 ἡ
1255 4668 1404 4749 χώρα
1427 4674 1462 4741 ἡ
1492 4666 1597 4728 ἀπὸ
1627 4670 1721 4738 τῆς
1757 4665 2064 4732 Σελευκίδος
2093 4667 2165 4734 ὡς

615 4757 702 4818 ἐπὶ
745 4755 1016 4838 Αἴγυπτον
1071 4757 1160 4818 καὶ
1195 4756 1437 4837 Ἀραὸίαν
1478 4757 1647 4828 Κοίλη
1693 4753 1861 4836 Συρία
1897 4757 2162 4815 καλεῖται·

614 4845 756 4915 ἰδίως
775 4845 820 4904 δ’
837 4851 872 4921 ἡ
892 4851 969 4927 τῷ
988 4843 1205 4927 Λιὸάνῳ
1223 4843 1312 4904 καὶ
1336 4847 1413 4925 τῷ
1426 4841 1763 4926 Ἀντιλιὸάνῳ
1794 4841 2156 4924 ἀφωρισμένη.

614 4931 682 4994 Ἡ
704 4935 752 4994 δ’
774 4934 878 4996 ἀπὸ
901 4932 1195 5014 Ὀρθωσίας
1214 4932 1413 5001 πόλεως
1441 4935 1594 5014 μέχρι
1614 4929 1908 5004 Πηλουσίου
1926 4928 2161 5009 παραλία

1893 413 1988 472 CH
1999 412 2468 473 RESTOMATH
2478 413 2578 472 1AE

2352 567 2434 620 19.
2474 552 2828 622 Commagena
2848 552 3033 608 urbem
3072 555 3330 626 insignem
3367 558 3525 614 habet
3549 561 3815 618 Samosata

2275 636 2497 692 Seleucia
2524 656 2646 692 vero
2683 640 2947 712 teti-apulis
2966 639 3193 710 dicitur3
3223 645 3381 699 habet
3404 648 3568 716 enim,
3588 651 3725 704 inter
3754 670 3827 706 ce-

2277 734 2409 778 teras
2435 725 2592 779 urbas
2615 725 2915 798 permultas,
2936 740 3165 800 quatuor
3190 731 3417 802 insignes
3440 751 3454 786 :
3478 736 3759 792 Seleuciam
3778 741 3833 793 in

2275 810 2443 864 Pieria
2460 829 2490 864 a
2507 812 2748 865 Nicatore
2769 811 3043 867 conditore
3058 811 3449 871 denominatam
3466 857 3483 884 ,
3504 821 3825 879 Antiochiam

2275 897 2415 969 apud
2470 898 2727 972 Daphnen
2764 917 2798 954 a
2836 910 2985 972 patre
3028 903 3191 974 ipsius
3207 942 3224 969 ,
3268 903 3581 960 Laodiceam
3621 905 3689 960 ab
3721 909 3831 982 ejus

2275 993 2465 1050 matre,
2494 985 2769 1058 Apamiam
2791 985 2858 1040 ab
2882 1004 3065 1043 uxore.
3138 989 3247 1044 Has
3274 1007 3460 1045 omnes
3480 991 3723 1048 Seleucus
3746 997 3825 1050 Ni-

2273 1079 2419 1124 cator
2447 1069 2703 1128 condidit.

2344 1173 2433 1212 90.
2472 1159 2697 1214 Orontes
2732 1159 2923 1214 fluvius
2960 1179 2990 1214 e
3014 1161 3396 1234 Mesopotamia
3420 1165 3587 1220 fluens
3600 1207 3617 1233 ,
3642 1167 3833 1226 deinde

2271 1243 2374 1298 sub
2400 1255 2593 1300 terram
2612 1245 2926 1313 occultatus,
2950 1248 3092 1302 circa
3114 1250 3421 1320 Apamenen
3456 1255 3675 1324 emergit
3710 1274 3833 1310 rur·

2271 1349 2387 1398 sus,
2414 1343 2571 1405 atque
2596 1332 2699 1388 hoc
2724 1346 2879 1407 pacto
2911 1336 2968 1388 in
2994 1353 3139 1390 mare
3153 1376 3169 1402 ,
3206 1335 3353 1408 quod
3374 1334 3525 1408 juxta
3548 1342 3829 1400 Seleuciam

2270 1429 2349 1475 est
2362 1459 2381 1486 ,
2408 1420 2696 1493 egreditur,
2768 1426 2893 1493 Quo
2930 1422 3047 1478 loco
3092 1425 3295 1478 vicinus
3338 1443 3495 1482 mons
3542 1438 3621 1481 est
3662 1433 3829 1488 Pieria

2270 1520 2485 1564 vocatus
2500 1549 2515 1576 ,
2542 1509 2733 1566 deinde
2754 1511 2823 1567 ad
2846 1522 3081 1566 austrum
3103 1513 3282 1567 Casius
3304 1531 3457 1568 mons
3472 1511 3625 1587 juxta
3645 1517 3830 1573 urbem

2269 1596 2613 1662 Laodiceam,
2644 1598 2735 1653 ubi
2764 1599 3026 1656 Dolabella
3056 1617 3085 1653 a
3122 1600 3303 1654 Cassio
3334 1600 3573 1656 obsessus
3608 1615 3829 1660 mortem

2267 1683 2504 1753 oppetiit.

2340 1785 2425 1824 σε.
2466 1771 2689 1842 Apamia
2725 1769 2853 1826 urbs
2892 1770 3245 1826 Chersonesus
3280 1784 3334 1828 et
3372 1785 3589 1829 vocatur
3628 1787 3681 1830 et
3716 1789 3825 1842 est,

2267 1871 2461 1944 quippe
2506 1889 2623 1943 qua:
2664 1871 2891 1928 efficitur
2935 1875 3137 1928 Omnte
3172 1873 3362 1940 fluvio,
3396 1884 3451 1928 et
3486 1874 3603 1929 lacu
3642 1894 3829 1948 magno

2267 1971 2359 2042 qui
2389 1970 2517 2026 huic
2533 1982 2613 2027 est
2632 1973 2862 2040 vicinus,
2891 1992 2953 2028 ac
2972 1973 3271 2046 paludibus.
3347 1976 3501 2031 Prius
3518 1976 3655 2032 Pella
3681 1997 3833 2034 voca-

2264 2068 2419 2125 batur
2454 2089 2487 2126 a
2519 2070 2898 2128 Macedonibus
2924 2073 3016 2146 qui
3044 2073 3152 2130 illic
3176 2074 3509 2142 habitarunt3
3534 2088 3715 2150 postea
3738 2079 3830 2135 Ni·

2262 2178 2411 2224 cator
2436 2169 2680 2225 Seleucus
2702 2173 3043 2227 instauratam
3065 2191 3180 2228 eam
3202 2173 3271 2229 de
3296 2176 3475 2229 uxoris
3501 2178 3716 2232 nomine
3738 2197 3827 2233 vo-

2260 2267 2415 2323 cavit.
2486 2265 2571 2320 Ibi
2584 2267 2800 2322 Nicator
2820 2268 3134 2340 quingentos
3150 2269 3450 2341 elephantes
3462 2269 3618 2340 aluit;
3631 2270 3825 2328 ibidem

2260 2377 2373 2420 erat
2395 2366 2568 2437 equile
2584 2367 2816 2437 regium,
2840 2383 2999 2438 equas
3019 2365 3219 2421 habens
3244 2367 3439 2424 30000.
3512 2370 3596 2422 Ex
3612 2369 3824 2442 Apamia

2261 2462 2360 2517 fuit
2392 2461 2707 2518 Posidonius
2722 2503 2738 2530 ,
2779 2461 3218 2537 philosophorum
3243 2465 3327 2517 sui
3354 2465 3606 2538 temporis
3644 2465 3825 2520 erudi·

2258 2559 2505 2615 tissimus.

2330 2671 2420 2713 aa.
2457 2657 2521 2708 In
2548 2653 2728 2711 Arado
2766 2653 2935 2710 insula
2961 2653 3079 2709 fons
3110 2664 3190 2710 est
3211 2653 3381 2710 dulcis
3406 2673 3557 2728 aquae
3588 2655 3689 2710 sub
3712 2676 3823 2712 ma-

2255 2744 2384 2799 rinis
2399 2743 2644 2799 fluctibus
2660 2745 2919 2810 exoriens,
2934 2762 2999 2799 ex
3014 2762 3125 2818 quo
3142 2761 3333 2816 aquam
3354 2754 3543 2817 petunt
3559 2745 3821 2801 clibanum

2257 2836 2313 2889 in
2335 2853 2527 2906 aquam
2562 2835 2891 2891 demittentes
2916 2835 3225 2909 plumbeum
3242 2876 3259 2903 ,
3284 2853 3381 2889 ore
3418 2833 3551 2902 lato,
3580 2837 3638 2890 in
3659 2855 3824 2908 angu-

2255 2936 2397 2980 stum
2420 2925 2589 2980 fundo
2614 2937 2817 2982 coacto.

2326 3016 2415 3071 23.
2456 3016 2683 3090 Tripolis
2704 3035 2736 3071 e
2764 3017 2932 3071 tribus
2972 3016 3193 3071 urbibus
3232 3018 3462 3072 conflata
3501 3028 3605 3084 est,
3640 3019 3784 3092 Tyro
3800 3059 3816 3084 ,

2253 3129 2449 3186 Sidone
2470 3143 2524 3186 et
2540 3129 2737 3188 Arado.
2756 3131 2960 3204 Tripoli
2981 3134 3288 3203 contiguum
3309 3142 3389 3186 ast
3404 3133 3819 3206 Theuprosopon

2257 3247 2382 3322 (Dei
2390 3247 2615 3320 facies),
2639 3248 2697 3303 in
2722 3248 2868 3320 quod
2888 3247 3123 3303 Libnmus
3143 3265 3297 3302 mons
3316 3248 3455 3306 finit.

2325 3364 2414 3426 94.
2480 3359 2848 3432 &ele-Syriam
2884 3370 3089 3415 montes
3130 3359 3366 3415 libanus
3405 3370 3460 3415 et
3484 3361 3819 3416 Antilibanus

2259 3457 2523 3525 efficiunt,
2565 3457 2775 3512 initium
2817 3455 3069 3512 habentes
3110 3457 3269 3531 paulo
3306 3475 3467 3532 supra
3504 3475 3650 3512 mare
3665 3496 3682 3523 ,
3730 3457 3817 3512 ille

2256 3556 2475 3630 quidem
2498 3575 2531 3613 a
2553 3555 2783 3631 Tripoli,
2809 3555 2901 3611 hic
2940 3573 3064 3611 vero
3099 3573 3131 3609 a
3171 3555 3346 3628 Tyro,
3385 3553 3668 3626 aequalibus
3708 3553 3819 3608 fere

2255 3655 2393 3708 inter
2412 3671 2469 3708 se
2499 3651 2691 3708 dissitis
2714 3652 2910 3725 spatiis.
2942 3651 3163 3706 Finiunt
3198 3659 3377 3704 autem
3413 3666 3579 3722 prope
3614 3660 3820 3704 montes

2257 3750 2463 3808 Arabiae
2478 3790 2495 3817 ,
2524 3752 2617 3823 qui
2640 3767 2799 3826 super
2830 3751 3201 3803 Damascenam
3226 3757 3371 3800 sunt.
3446 3745 3704 3800 Latitudo·
3730 3765 3816 3801 re-

2255 3851 2425 3922 gionis
2450 3851 2740 3907 stadiorum
2778 3861 2858 3906 est
2891 3865 3023 3914 200,
3048 3847 3323 3920 longitudo
3349 3846 3529 3920 dupla.
3600 3847 3695 3902 Est
3717 3864 3815 3901 au-

2257 3956 2363 4000 tem
2405 3947 2551 4017 regio
2588 3944 2703 4001 hec
2740 3943 3065 4010 beatissima,
3087 3943 3398 3996 fluminibus
3436 3941 3660 4012 irrigua,
3698 3952 3817 3996 tum

2253 4041 2397 4109 aliis,
2426 4051 2543 4096 tum
2568 4041 2724 4097 etiam
2745 4039 2977 4097 surdam
3006 4039 3245 4094 flumine.

2324 4139 2411 4195 95.
2451 4138 2765 4195 Posidonius
2821 4139 2983 4194 tradit
3035 4140 3093 4194 in
3154 4138 3469 4210 Coele-Syria
3528 4136 3815 4192 draconem

2254 4228 2455 4303 lapsum
2474 4229 2645 4282 visum
2663 4227 2822 4282 fuisse
2846 4237 3148 4294 mortuum,
3170 4225 3499 4299 longitudine
3520 4225 3629 4280 l'ere
3652 4225 3811 4279 unius

2244 4315 2447 4389 jugerig
2466 4314 2811 4372 crassitudine
2838 4321 3008 4383 tanta,
3028 4326 3091 4370 ut
3110 4314 3313 4387 equites
3329 4332 3395 4369 ex
3420 4325 3641 4386 utraque
3662 4323 3812 4386 parte

2251 4401 2582 4470 adsistentes,
2627 4401 2759 4458 alter
2799 4401 3017 4458 alterum
3050 4399 3231 4456 videre
3265 4401 3505 4473 nequiret
3516 4419 3533 4465 ς
3572 4399 3709 4452 rictu
3744 4417 3811 4452 eo

2251 4490 2345 4562 qui
2381 4488 2649 4544 hominem
2677 4505 2817 4562 equo
2852 4485 3165 4543 insidentem
3192 4487 3476 4559 reciperet3
3504 4483 3810 4538 exuviarum

2251 4595 2521 4651 squamam
2546 4575 2835 4649 quamlibet
2852 4574 3036 4649 clypeo
3057 4573 3311 4647 majorem
3354 4573 3515 4631 uisse.

2322 4673 2411 4723 96.
2449 4668 2613 4737 Regio
2626 4676 2755 4732 tota,
2780 4685 2898 4740 quae
2909 4679 2987 4722 est
3012 4685 3044 4722 a
3063 4667 3332 4722 Seleucide
3344 4665 3413 4720 ad
3429 4666 3709 4738 AEgyptum
3724 4680 3812 4716 us-

2251 4771 2355 4826 que
2366 4765 2420 4808 et
2436 4751 2705 4820 Arabiam,
2723 4751 3587 4826 Coele-Syriaappcllatur3prop1ie
3604 4767 3725 4802 vero
3742 4766 3805 4802 ea

2251 4855 2367 4910 quae
2391 4835 2597 4892 Libano
2624 4846 2677 4890 et
2700 4836 3005 4892 Antilibano
3029 4836 3301 4893 delinitur.
3330 4835 3495 4906 Regio
3523 4832 3809 4892 maritima,

2250 4943 2367 4997 quae
2392 4933 2613 4994 angusto
2638 4933 2811 4978 tractu
2833 4922 2901 4978 ab
2928 4922 3060 4977 urbe
3084 4923 3332 4978 Orthosia
3355 4919 3621 4976 Pelusium
3644 4934 3813 4990 usque

617 5131 742 5199 749.
775 5127 798 5198 11
843 5097 918 5169 -Ᾰ-
955 5127 1132 5182 18·20.
1164 5143 1223 5200 p.
1267 5123 1514 5195 750-759.
1549 5123 1572 5195 ss
1610 5153 1680 5165 —
1716 5139 1805 5176 91.
1847 5139 1904 5195 p.
1945 5121 2067 5192 759,
2093 5125 2161 5179 Β.
2251 5116 2374 5172 cod.
2421 5119 2444 5188 ΙΙ
2472 5146 2543 5157 -
2568 5132 2657 5172 99.
2686 5134 2741 5188 p.
2771 5113 2895 5186 753,
2928 5117 2999 5171 D.
3033 5111 3158 5183 754,
3189 5115 3267 5168 A.
3300 5111 3323 5181 ΙΙ
3359 5139 3433 5151 --
3461 5109 3551 5166 93.
3590 5126 3647 5180 p.
3681 5106 3809 5178 754,

617 5210 737 5277 753,
757 5214 822 5268 B.
861 5211 882 5281 ΙΙ
913 5239 987 5252 -
1011 5225 1098 5264 22.
1131 5226 1188 5282 p.
1217 5207 1343 5282 753,
1371 5213 1443 5264 D.
1469 5206 1590 5276 754,
1615 5210 1686 5262 Λ.
1710 5202 2164 5270 ἆναόλαστανοῦσης

2252 5203 2325 5256 D.
2364 5196 2495 5270 755,
2520 5200 2593 5252 A.
2631 5197 2653 5267 ss
2679 5226 2750 5237 —
2774 5194 2863 5248 95.
2894 5210 2949 5266 p.
2978 5191 3105 5262 755,
3134 5193 3187 5246 C.
3216 5190 3239 5260 11
3270 5221 3339 5233 -
3358 5195 3451 5246 96.
3471 5207 3529 5263 p.
3551 5187 3673 5259 756,
3700 5190 3808 5245 BC.
