4584 6284
1842 540 2195 603 ANAPLUS
2236 540 2562 602 Bospom
2601 541 2944 605 THnAcn.

3923 562 3997 611 58

782 688 997 741 samque
1022 668 1294 726 dimensus
1319 687 1439 724 sum
1464 689 1495 725 a
1520 670 1680 725 latere
1704 689 1961 744 supernos
1987 673 2149 728 clivos
2174 674 2345 746 auspi·
2435 681 2634 727 uorsus
2655 674 2708 725 in
2731 672 3058 745 profundum
3087 674 3359 747 angulum,
3381 678 3472 750 qui
3493 680 3751 733 convertit
3775 681 3995 735 circum-

781 758 948 811 cientc
973 756 1102 829 erigi
1130 757 1189 811 in
1216 756 1547 811 altitudinem
1578 757 1883 812 duodenum
1907 757 2137 831 pedum,
2162 778 2194 813 a
2214 777 2344 813 con·
2433 758 2716 831 scribitque
2747 760 2982 831 primum
3017 758 3310 815 anfractum
3344 763 3596 835 Bospori;
3639 765 3782 820 hunc
3825 784 3999 823 smum

777 846 939 899 tmrio
962 845 1122 899 latere
1138 885 1153 910 ,
1174 845 1493 919 despiciente
1522 863 1681 908 mare,
1710 846 1935 901 dimidio
1955 846 2189 902 altiorem
2208 865 2338 901 esse.
2433 846 2716 917 Dionysius
2747 844 2968 917 appellat
2989 846 3368 919 Bathycolpon.

776 931 911 985 Oum
932 949 997 986 ex
1026 933 1159 986 mari
1188 932 1491 1004 suspicitur,
1521 930 1701 986 similis
1731 944 1807 987 est
1838 934 1961 988 nuci
2005 934 2199 1006 pineoe,
2232 952 2340 989 non

777 1016 939 1073 modo
979 1017 1259 1084 lateribus,
1302 1017 1393 1071 sed
1418 1020 1575 1073 etiam
1605 1020 1793 1073 vertice
1819 1020 1873 1073 in
1910 1020 2101 1075 multos
2127 1038 2342 1075 mucro·

778 1121 871 1159 nes
898 1103 1087 1158 leniter
1110 1102 1387 1173 fastigiato,
1411 1104 1687 1178 pineorum
1712 1104 2017 1160 nucleorum
2036 1106 2338 1161 similitudi-

777 1208 901 1245 nem
938 1200 1193 1263 gerentes.
1243 1194 1367 1261 Quo
1392 1192 1531 1245 enim
1555 1190 1757 1261 longius
1779 1202 2032 1247 remotam
2060 1194 2335 1267 prospicis,

777 1294 843 1333 eo
879 1278 1101 1350 propius
1142 1276 1387 1332 accedere
1418 1276 1621 1333 videtur
1646 1278 1712 1332 ad
1752 1276 2147 1333 similitudinem
2168 1282 2338 1352 pincae

778 1366 967 1433 nucis3
1012 1383 1137 1421 nam
1174 1366 1329 1438 longo
1362 1384 1428 1419 ex
1472 1365 1742 1420 intervallo
1781 1368 2129 1440 conspicitur;
2176 1370 2333 1424 etiam

780 1454 916 1509 ultra
957 1454 1187 1527 Cyaneas
1225 1472 1287 1509 ex
1310 1456 1478 1509 Ponto
1511 1472 1623 1509 eam
1656 1452 1966 1527 assequebar
2003 1452 2243 1509 desinere
2278 1456 2335 1509 in

778 1542 1026 1598 verticem
1048 1552 1280 1598 acutum.
1352 1544 1414 1596 In
1438 1542 1573 1597 hanc
1591 1552 1791 1615 petram
1812 1560 1935 1597 cum
1962 1543 2330 1608 ascendissem,

780 1648 847 1684 ex
879 1628 993 1702 ejus
1034 1648 1237 1685 summo
1275 1632 1467 1685 vertice
1504 1629 1611 1683 vidi
1638 1629 1873 1685 foramen
1910 1631 1965 1684 in
2002 1630 2332 1685 altitudinem

776 1734 1057 1773 concavam
1092 1716 1313 1791 deprimi
1346 1718 1555 1790 penitus
1590 1716 1819 1772 abditam
1838 1758 1855 1784 ,
1884 1728 2165 1791 penetrans
2199 1717 2332 1773 latus

773 1816 933 1877 petre
966 1804 1253 1879 despiciens
1298 1805 1363 1860 ad
1404 1823 1549 1860 mare
1567 1844 1583 1870 ,
1634 1805 1781 1877 quod
1818 1806 1985 1859 imum
2022 1804 2165 1861 velut
2213 1806 2332 1861 fun-

772 1890 899 1945 dum
940 1902 1207 1965 pertusum
1251 1889 1405 1947 fuisse
1456 1891 1665 1947 videtur
1712 1890 1779 1947 ab
1818 1892 2123 1947 hominibus
2176 1892 2332 1965 longa

768 1976 1032 2033 auditione
1074 1978 1411 2051 opinantibus
1455 1997 1521 2033 ex
1564 1996 1797 2051 superno
1835 1978 2095 2034 foramine
2138 1997 2328 2035 aurum

766 2066 971 2137 penitus
995 2063 1231 2120 abditum
1261 2064 1438 2120 fuisse.
1511 2068 1627 2120 Jam
1652 2066 1937 2138 Bosporani
1961 2066 2099 2121 hanc
2124 2076 2326 2141 petram

767 2154 1001 2207 nonnulli
1031 2153 1215 2210 dicunt
1246 2168 1357 2209 esse
1392 2152 1533 2207 illam
1560 2155 1615 2208 in
1659 2172 1819 2226 quam
1853 2170 2045 2209 aurum
2086 2153 2326 2209 abditum

766 2237 892 2306 suit3
928 2239 1015 2294 alii
1053 2240 1203 2295 aiunt
1236 2239 1337 2295 sub
1376 2241 1476 2295 hac
1511 2240 1623 2312 ipsa
1662 2238 1819 2295 fuisse
1873 2240 2087 2295 alteram
2124 2251 2326 2315 petram

762 2327 890 2383 huic
913 2328 1165 2395 similem,
1195 2330 1347 2384 sitam
1370 2330 1425 2383 in
1454 2328 1654 2394 littore,
1679 2326 1915 2401 undique
1940 2330 2075 2383 mari
2095 2330 2326 2383 circum·

763 2414 969 2479 datam,
1006 2412 1097 2469 sed
1123 2426 1247 2469 ante
1272 2432 1467 2489 paucos
1502 2432 1667 2470 annos
1692 2432 1851 2487 quam
1876 2414 1981 2469 huc
2016 2416 2270 2470 venissem
2298 2433 2328 2469 a

764 2504 927 2556 servis
952 2502 1239 2567 AEnoharbi
1260 2503 1495 2557 Turcioe
1517 2503 1661 2557 classi
1680 2502 1928 2576 praesecti,
1958 2502 2185 2557 incitatis
2212 2505 2326 2557 auri

765 2586 1081 2661 cupiditate,
1128 2606 1287 2660 quam
1324 2588 1604 2644 hauserant
1648 2606 1713 2643 ex
1756 2606 1997 2643 sermone
2047 2588 2326 2643 hominum

764 2692 955 2731 aurum
982 2676 1053 2730 ibi
1082 2674 1382 2731 delitescere
1399 2715 1414 2742 ,
1446 2677 1671 2732 excisam
1712 2678 1767 2731 in
1796 2676 2189 2751 fragmentaque
2218 2677 2326 2732 dis-

761 2775 953 2819 sectam
982 2765 1175 2833 suisse3
1222 2784 1380 2837 quam
1416 2766 1701 2838 piscatores
1729 2766 1867 2822 soliti
1894 2778 2045 2821 erant
2070 2766 2326 2840 appellare

758 2852 1095 2923 Brologenem
1113 2892 1129 2917 ,
1152 2850 1552 2925 adjunguntque
1572 2870 1739 2908 unum
1762 2872 1829 2908 ex
1854 2852 1967 2924 ejus
2000 2854 2325 2908 excisoribus

756 2938 966 2993 oculum
1006 2938 1238 2993 amisisse
1272 2957 1336 2993 ex
1378 2937 1661 3009 rejectione
1705 2950 2081 2995 &mentorum
2125 2950 2287 3012 petrae
2304 2980 2320 3005 ,

756 3042 948 3080 nomen
960 3021 1179 3095 justitiae
1200 3042 1393 3097 usque,
1420 3026 1669 3089 arbitror,
1694 3024 1761 3079 ad
1794 3026 2065 3079 interitum
2093 3025 2323 3079 retinen·

755 3115 839 3167 tis.
910 3114 1117 3165 Verum
1138 3122 1201 3166 ut
1228 3122 1431 3185 petram
1454 3112 1763 3176 exciderint,
1794 3129 2000 3185 semper
2028 3110 2322 3165 versabitur

752 3218 952 3265 sermo,
978 3199 1081 3254 illic
1118 3200 1424 3254 thesaurum
1456 3199 1823 3255 absconditum
1856 3198 2014 3253 fuisse
2032 3238 2049 3264 ,
2078 3208 2141 3252 ut
2164 3198 2319 3269 longe

752 3297 903 3342 antea
928 3296 1189 3340 versatum
1216 3284 1373 3339 fuisse
1394 3286 1625 3341 arbitror
1640 3304 1799 3357 quam
1822 3304 1855 3339 a
1881 3285 2139 3357 Dionysio
2166 3295 2316 3355 petra

754 3374 865 3427 baec
916 3372 1177 3427 diceretur
1230 3372 1627 3428 similitudinem
1676 3390 1857 3444 gerere
1904 3373 2073 3445 pinea!
2140 3372 2310 3425 nucis.

752 3463 887 3516 Nam
907 3502 921 3526 ,
944 3472 1003 3516 ut
1031 3460 1245 3533 quidam
1268 3461 1507 3517 scribunt
1538 3464 1883 3533 Lampsacum
1910 3458 2097 3514 urbem
2122 3458 2316 3512 Helles-

752 3550 988 3623 pontiam
1006 3551 1155 3623 prius
1165 3550 1367 3623 Pityam
1384 3551 1406 3595 ⁴
1432 3550 1737 3624 appellatam
1756 3566 1819 3603 ex
1840 3566 1905 3603 eo
1922 3547 2067 3620 quod
2085 3547 2314 3601 Phrixus

753 3637 1021 3693 thesauros
1062 3637 1151 3692 hic
1206 3638 1439 3710 posuerit
1496 3640 1767 3708 (Thraces
1814 3639 1957 3693 enim
2004 3637 2310 3691 thesaurum

750 3716 939 3792 πῑτῦην
979 3726 1201 3797 dicunt)
1218 3766 1235 3793 ,
1284 3728 1353 3781 ita
1387 3738 1589 3799 petram
1640 3730 1871 3783 Dicam
1910 3726 2149 3799 suspicor
2200 3725 2312 3797 pri·

752 3832 901 3870 mum
926 3816 1129 3888 Pityam
1154 3816 1475 3871 nominatam
1498 3813 1685 3883 fuisse,
1720 3834 1879 3888 quam
1896 3856 1913 3882 ,
1960 3815 2147 3868 amissa
2176 3823 2315 3865 anti-

750 3919 857 3974 qua
876 3904 1173 3975 cognitione
1196 3904 1463 3959 Thracia
1496 3904 1713 3976 linguae,
1742 3908 1973 3976 posteri,
2012 3904 2312 3974 ignorantes

748 3994 953 4065 Pityam
976 4010 1009 4045 a
1030 3990 1277 4045 thesauro
1302 4001 1653 4065 nuncupatam
1676 3991 1833 4047 fuisse
1846 4032 1863 4060 ,
1891 4002 2072 4066 postea
2096 3989 2312 4043 sortasse

748 4088 949 4151 petram
973 4070 1333 4149 στροὸιλοειδῆ
1358 4078 1607 4135 dixerunt
1626 4098 1766 4145 esse,
1793 4100 1858 4136 cx
1884 4101 1949 4137 eo
1970 4083 2116 4155 quod
2152 4081 2310 4159 στρό-

748 4156 895 4227 6ιλος
918 4168 985 4222 sit
1012 4164 1046 4232 ἡ
1076 4160 1232 4228 πίτυς
1258 4159 1351 4220 καὶ
1374 4164 1403 4219 ὁ
1432 4163 1630 4240 καρπὸς
1658 4166 1835 4235 αὐτῆς.

742 4324 843 4378 XV
846 4326 919 4378 11.
952 4325 1032 4377 De
1068 4321 1193 4377 sinu
1226 4337 1528 4399 nuncupato
1545 4325 1815 4399 pmfundo
1828 4349 1850 4391 ,·
1883 4328 1946 4384 de
1973 4332 2151 4400 fluvio
2176 4335 2312 4403 ejus-

769 4410 883 4465 dem
904 4409 1131 4465 nominis
1148 4421 1200 4463 et
1218 4409 1432 4465 Samnis
1452 4430 1581 4477 τινας
1604 4412 1669 4467 de
1688 4433 1817 4481 agro
1842 4416 2110 4473 nominato
2136 4420 2278 4479 Calo,

814 4566 859 4617 Α
888 4563 1061 4616 Dicxra
1093 4571 1239 4633 petra
1265 4560 1411 4615 littus
1436 4562 1699 4617 ¹recedere
1726 4566 1782 4617 in
1814 4566 1989 4620 sinum
2014 4568 2199 4641 incipit
2228 4570 2311 4623 in·

820 4771 875 4831 l..
904 4766 1151 4841 Pitraen]
1178 4768 1349 4823 Schol.
1380 4768 1551 4842 Apoll.
1580 4768 1755 4825 Rhod.
1786 4789 1835 4837 1,
1863 4773 1967 4841 933
2015 4792 2029 4829 :
2073 4768 2137 4825 Ἥ
2166 4776 2304 4846 Δάμ-

740 4846 891 4921 ψιοιος
918 4846 977 4900 τὸ
1006 4848 1239 4921 πρότερον
1266 4847 1465 4901 Πιτύεια
1504 4850 1893 4921 προσηγορεύετο
1910 4891 1925 4917 ,
1952 4850 2014 4917 ῆν
2056 4870 2183 4915 τινες
2210 4854 2302 4906 Πι-

740 4924 861 4979 τῦαν
917 4926 1252 4995 (Πιτῦουσσαν
1292 4927 1471 5001 steph.
1521 4932 1645 5002 Byz.
1669 4930 1687 5003 )
1736 4928 2035 5001 ὀνομάζουσι
2066 4931 2089 5003 [
2110 4931 2192 4985 διὰ
2245 4933 2302 4988 τὸ

738 5004 925 5059 mentm
950 5004 1086 5075 ἔχειν
1109 5006 1295 5074 πλῆθος
1325 5006 1472 5060 addit
1493 5008 1571 5061 St.
1598 5010 1658 5063 B.
1700 5019 1753 5063 et
1772 5008 1936 5064 schol.
1956 5010 2119 5065 Hom.
2144 5010 2209 5066 11.
2240 5030 2296 5078 a,

738 5084 843 5153 829
860 5084 904 5156 ].
948 5082 1084 5148 Τινὶς
1118 5085 1171 5139 δέ
1196 5104 1339 5158 φασιν
1375 5086 1453 5139 ὅτι
1478 5086 1653 5159 Φρίξος
1676 5089 1940 5161 γενόμενος
1966 5088 2177 5144 ἐνταῦθα
2213 5092 2302 5159 θη·

736 5162 915 5234 σοιυρὸν
945 5162 1119 5233 ἔθηκεν
1138 5164 1224 5219 καὶ
1244 5164 1341 5221 ἀπὸ
1367 5165 1541 5221 tostos
1566 5166 1597 5236 ἡ
1626 5168 1765 5231 πόλις
1794 5168 2085 5242 ὠνομάσθη.
2114 5168 2301 5241 Θρᾷκες

732 5243 830 5319 γὰρ
852 5244 941 5300 τὸν
960 5244 1206 5318 θησαυρὸν
1232 5246 1406 5316 manv
1423 5246 1641 5318 λέγουσι.

732 5358 737 5363 ·
802 5327 897 5379 Er.
919 5324 1009 5388 43.
1036 5342 1059 5378 1
1072 5366 1085 5379 .
1106 5325 1322 5380 Seu-onis
1338 5326 1507 5381 hemis
1525 5326 1796 5400 Megarici]
1816 5330 1895 5383 De
1916 5330 2113 5384 Sarone
2141 5332 2302 5385 beroe

734 5403 977 5469 nautico,
1006 5405 1103 5477 qui
1147 5421 1345 5459 nomen
1378 5406 1512 5461 mari
1534 5408 1781 5461 Saronico
1812 5406 1987 5475 dedit,
2027 5427 2077 5463 v.
2110 5410 2300 5465 Aristi-

3079 998 3178 1059 Fr.
3233 1006 3328 1059 ⁴3.

2497 1172 2664 1244 Prope
2680 1211 2695 1234 ,
2739 1172 2910 1241 inquit
2925 1210 2941 1237 ,
2975 1185 3184 1245 petram
3230 1173 3465 1229 Dicoeam
3501 1190 3836 1251 nuncupatus
3878 1174 3991 1235 B«-

2425 1249 2706 1323 θῦκολπος,
2727 1257 2775 1313 is
2800 1269 2879 1313 est
2900 1258 3058 1313 Sinus
3073 1258 3398 1335 pmsundus,
3416 1280 3517 1316 non
3537 1272 3647 1317 tam
3669 1264 3996 1324 circanam-i-

2415 1342 2602 1417 ptione
2635 1344 2724 1399 sui
2761 1343 2940 1399 intimi
2966 1362 3194 1402 recessus
3209 1348 3480 1423 per-pulcri
3511 1360 3562 1402 et
3593 1350 3647 1403 in
3671 1353 3995 1423 profundam

2426 1430 2686 1505 latamque
2723 1450 2936 1485 arenam
2965 1433 3196 1506 porrecti
3209 1474 3226 1499 ,
3279 1452 3437 1507 quam
3478 1453 3668 1503 magna
3707 1438 3994 1493 altitudine

2424 1519 2606 1573 maris.
2649 1518 2786 1575 Clivi
2821 1520 2956 1575 enim
2983 1520 3142 1575 ardui
3181 1531 3233 1575 et
3251 1522 3560 1596 proecipites
3597 1525 3837 1597 proximi
3868 1537 3994 1581 sunt

2421 1626 2525 1661 orte
2572 1608 2871 1663 maritimas.
2947 1608 3172 1665 Flavius
3215 1608 3269 1663 in
3313 1608 3499 1683 sinum·
3533 1611 3646 1666 exit
3661 1652 3677 1677 ,
3723 1613 3814 1667 cui
3857 1613 3991 1668 idem

2419 1694 2562 1768 quod
2587 1696 2734 1749 sinui
2763 1714 2942 1750 nomen
2979 1708 3078 1751 ert.
3155 1697 3262 1752 Hie
3293 1697 3481 1753 existit
3521 1699 3733 1753 Samnis
3755 1710 3771 1736 ¹
3822 1701 3991 1756 hemis

2423 1782 2682 1851 Megarici
2707 1802 2822 1849 am,
2845 1796 2896 1837 et
2907 1785 3094 1855 jactus
3104 1784 3342 1857 piscium
3365 1784 3476 1839 sibi
3505 1784 3682 1839 idoneo
3703 1797 3755 1839 et
3781 1797 3991 1842 matum

2421 1880 2643 1943 tempore
2682 1868 2914 1939 confit-ta
2950 1880 3000 1923 et
3036 1869 3324 1925 continenti
3359 1871 3632 1927 natatione
3653 1872 3834 1945 primo
3871 1892 3990 1928 stm-

2416 1973 2532 2011 sum
2543 1996 2558 2021 ,
2589 1955 2771 2011 deinde
2797 1955 3032 2011 deorsum
3057 1958 3474 2021 commeantium,
3505 1958 3672 2013 maris
3699 1960 3988 2017 altitudine

2415 2042 2754 2117 deceptorum.

2485 2133 2642 2187 Hunc
2667 2134 2986 2203 Megaricum
3014 2133 3228 2189 heroem
3258 2133 3487 2188 arbitror
3509 2152 3620 2189 csse
3647 2134 3794 2190 illum
3829 2138 3984 2192 Saro-

2419 2236 2542 2272 nem
2567 2217 2728 2272 deum
2757 2220 3050 2286 marinum,
3074 2221 3164 2291 qui
3195 2220 3524 2275 nauticarum
3549 2238 3726 2276 rerum
3755 2224 3985 2278 scientiae

2419 2323 2637 2377 praeesse
2661 2306 3008 2373 existimatur,
3037 2324 3068 2361 a
3096 2325 3204 2378 quo
3230 2308 3454 2378 Megara
3489 2308 3692 2362 vicinus
3719 2309 3866 2364 sinus
3893 2311 3985 2365 Sa-

2415 2394 2626 2448 ronicus
2647 2394 2954 2467 appellatur.
3027 2394 3190 2466 Cujus
3211 2414 3300 2449 ara
3319 2394 3520 2451 facilius
3537 2407 3596 2451 ut
3618 2408 3980 2470 cognoscatur,

2415 2481 2506 2537 ubi
2537 2484 2634 2537 sita
2669 2482 2852 2549 ruerit,
2877 2494 2929 2537 et
2956 2483 3121 2555 qualis
3150 2484 3296 2538 sinus
3319 2484 3387 2539 sit
3426 2496 3761 2558 nuncupatus
3787 2486 3983 2560 Bathy-

2415 2569 2622 2641 colpos,
2671 2568 2982 2641 subjungam
3023 2569 3167 2624 littus
3203 2568 3348 2640 quod
3375 2570 3476 2624 sub
3504 2582 3705 2644 petram
3750 2573 3981 2627 Dicoeam

2413 2656 2664 2712 succedit.
2737 2660 2860 2727 Qua
2901 2659 3212 2730 quingentos
3258 2676 3441 2730 passus
3477 2657 3780 2725 discedens,
3819 2662 3982 2715 imam

2416 2742 2557 2799 vallis
2585 2756 2603 2781 ¹
2625 2745 2768 2816 attigi
2790 2742 3087 2817 planitiem,
3111 2762 3228 2817 qnae
3261 2744 3514 2817 panditur
3541 2745 3596 2799 in
3625 2763 3872 2817 passuum
3902 2747 3978 2802 la·

2414 2830 2692 2885 titudinem
2736 2830 3109 2904 quadraginta,
3161 2830 3250 2885 ubi
3303 2831 3516 2900 vestigia
3563 2832 3804 2903 quaedam
3850 2833 3978 2887 aedis

2411 2917 2546 2973 divae
2579 2920 2882 2992 Euphemioe
2921 2930 3242 2993 spectantur.
3315 2922 3378 2973 In
3419 2918 3591 2974 littore
3632 2918 3766 2975 ultra
3797 2920 3980 2977 vallem

2412 3004 2666 3059 ducentos
2702 3024 2882 3078 passus
2930 3016 3007 3061 est
3045 3006 3162 3059 sons
3205 3006 3515 3078 Euphemiae
3557 3023 3720 3073 sacer,
3759 3010 3980 3079 perenni

2409 3092 2579 3145 rivulo
2621 3092 2907 3145 scaturiens
2923 3131 2938 3158 ,
2989 3091 3212 3145 lateritio
3257 3109 3416 3163 opere
3451 3102 3862 3147 concameratns.
3930 3098 3980 3149 A

2410 3177 2554 3233 sonte
2598 3180 2923 3250 octingentos
2962 3196 3144 3253 passus
3181 3196 3486 3252 progressus
3522 3196 3640 3233 sum
3679 3179 3748 3234 ad
3774 3191 3978 3253 petram

2405 3266 2538 3317 mari
2547 3263 2945 3330 circumdatam,
2963 3262 3233 3337 paululum
3249 3282 3312 3319 ex
3331 3281 3468 3336 aqua
3483 3274 3795 3330 exstantem,
3817 3282 3975 3337 quam

2404 3349 2994 3421 piscatoresTrapezam
3021 3348 3044 3387 3
3067 3349 3360 3421 appellant,
3385 3366 3451 3403 cx
3477 3367 3543 3403 eo
3558 3349 3703 3420 quod
3727 3359 3976 3421 tanquam

2405 3452 2584 3488 mensa
2603 3434 2758 3506 plana
2784 3452 2940 3507 supra
2972 3452 3162 3505 aquam
3188 3437 3436 3489 emineat.
3513 3434 3598 3489 Ab
3617 3434 3718 3489 hac
3744 3436 3976 3506 Trapeza

2404 3518 2547 3573 brevi
2571 3520 2794 3575 decurso
2812 3523 2980 3593 spatio
2997 3532 3076 3575 est
3101 3519 3379 3592 profundae
3401 3520 3548 3574 vallis
3573 3522 3676 3575 ima
3701 3520 3968 3593 planities,

2403 3610 2646 3663 intimum
2690 3610 2992 3684 Bathycolpi
3034 3628 3295 3664 recessum
3339 3608 3586 3664 claudens
3604 3650 3619 3675 ,
3667 3618 3972 3665 montanam

2400 3696 2584 3751 {iniens
2620 3715 2768 3750 oram
2811 3698 3155 3762 maritimam,
3197 3714 3317 3769 quae
3365 3716 3394 3751 a
3434 3695 3732 3751 Comarode
3781 3697 3970 3771 incipit

2400 3801 2616 3855 pergere
2654 3784 2720 3837 ab
2751 3774 2886 3838 'ortu
2935 3782 3158 3838 brumali
3209 3783 3278 3838 ad
3325 3801 3569 3839 occasum
3615 3784 3934 3839 solstitialem
3951 3824 3968 3851 ,

2399 3889 2576 3939 saxea,
2602 3883 2869 3939 montosa,
2899 3873 2954 3927 in
2982 3890 3138 3944 qnam
3169 3872 3481 3944 impendent
3499 3871 3656 3926 ardui
3691 3872 3810 3928 clivi
3827 3912 3844 3938 ,
3873 3890 3970 3945 per

2399 3977 2533 4033 quos
2561 3970 2878 4014 transversos
2913 3960 3012 4013 iter
3033 3960 3092 4017 tit
3135 3958 3268 4011 male
3303 3968 3480 4013 tutum
3513 3958 3742 4029 obliquis
3771 3960 3971 4014 semitis

2398 4047 2624 4119 exiguis,
2658 4046 2806 4102 valde
2831 4063 2861 4099 a
2883 4045 3056 4099 littore
3075 4044 3217 4109 altis,
3247 4062 3315 4097 ex
3343 4043 3536 4116 quibus
3562 4043 3836 4116 permultis
3857 4045 3970 4101 sine

2398 4136 2648 4207 praecipiti
2674 4152 2796 4189 casu
2826 4152 2894 4189 ne
2919 4143 3277 4187 transversum
3305 4129 3524 4203 quidem
3569 4129 3757 4203 pedem
3799 4130 3970 4185 disce·

2399 4220 2523 4274 dere
2545 4221 2682 4275 licet.

2469 4308 2808 4381 Bathycolpos
2834 4306 2902 4361 ad
2923 4306 3323 4362 similitudinem
3351 4303 3620 4378 quandam
3643 4304 3818 4376 anguli
3841 4322 3966 4358 nor-

2398 4394 2547 4449 malis
2569 4393 2798 4458 accedit,
2829 4411 2937 4466 quo
2959 4396 3223 4465 Bosporus
3243 4432 3258 4457 ,
3287 4394 3436 4465 prius
3468 4409 3690 4465 pergens
3723 4389 3791 4447 ad
3815 4408 3966 4445 occa·

2398 4498 2516 4535 sum
2543 4479 2859 4546 brumalem,
2885 4480 3112 4534 flectitur
3130 4479 3198 4535 ad
3221 4490 3396 4535 ortum
3425 4478 3730 4544 hiemalem,
3765 4494 3964 4533 normae

2397 4566 2789 4621 similitudinem
2809 4584 3008 4639 gerens,
3034 4584 3140 4621 non
3167 4566 3328 4620 modo
3346 4566 3511 4630 alveo,
3533 4564 3626 4619 sed
3643 4564 3800 4619 etiam
3820 4574 3964 4619 utra·

2395 4770 2487 4825 des
2504 4782 2544 4827 t.
2570 4774 2644 4838 11,
2677 4790 2734 4844 p.
2764 4774 2866 4827 208
2889 4769 2976 4827 ed.
3017 4768 3201 4825 Dindl'.
3228 4768 3313 4824 Cf.
3349 4767 3690 4841 proverbium
3725 4767 3958 4839 Σόρωνος

2392 4854 2759 4923 ναυτικώτερος.
2785 4850 2954 4906 Aliam
2978 4848 3044 4903 de
3070 4850 3266 4903 Sarone
3289 4848 3390 4902 isto
3417 4850 3773 4903 narrationem
3803 4845 3964 4901 habet

2393 4934 2698 4989 Eustathius
2721 4932 2788 4987 ad
2815 4935 3034 5005 Dionys.
3065 4937 3190 4997 [μα.
3216 4930 3296 4986 Cf.
3326 4932 3402 4986 St.
3429 4933 3554 5004 Byr..
3583 4941 3636 4987 ct
3666 4932 3846 5003 Etym.
3877 4930 3957 4988 Μ.

2393 5031 2438 5067 s.
2484 5032 2534 5067 ν.
2575 5013 2769 5085 Σάρων.
2797 5014 2820 5085 1}
2867 5043 2940 5054 —
2970 5014 3157 5066 Iactus
3188 5009 3455 5084 piscium]
3499 5028 3566 5064 eo
3590 5010 3708 5064 loco
3733 5008 3834 5063 suit
3865 5008 3956 5062 ubi

2391 5094 2694 5147 etiamnunc
2713 5102 2792 5145 est
2809 5090 3074 5164 piscatio(
3095 5090 3266 5144 talian
3284 5090 3518 5157 turcice)
3539 5129 3554 5156 ,
3575 5087 3642 5144 ad
3667 5086 3959 5159 affin-Koa·

2391 5184 2445 5227 et
2471 5174 2680 5227 initium
2696 5170 3034 5226 meridionale
3053 5170 3208 5224 Sinus
3226 5167 3486 5223 Prosundi
3507 5167 3660 5237 (baie
3676 5166 3740 5222 de
3757 5166 3956 5238 Bujuk·

2391 5250 2536 5314 dem,
2569 5254 2605 5307 i.
2633 5270 2680 5305 e.
2712 5253 2856 5305 sinus
2889 5266 3088 5321 magnae
3111 5249 3309 5323 vallis).
3345 5250 3368 5321 ΙΙ
3395 5280 3469 5290 -
3499 5264 3551 5304 a.
3581 5246 3746 5301 Vallis
3769 5247 3824 5300 in
3853 5262 3958 5316 qua

2393 5332 2698 5403 Euphemiae
2733 5330 2910 5404 templi
2945 5326 3137 5383 rudera
3170 5327 3374 5401 Gyllius
3413 5328 3580 5393 vidit',
3611 5336 3691 5380 est
3723 5322 3790 5379 ad
3824 5322 3952 5379 hod.

2395 5410 2778 5480 Agatcle-Alty.
2813 5412 2834 5481 ΙΙ
2865 5440 2937 5452 --
2966 5410 3016 5464 3.
3057 5412 3291 5483 Trapeza
3317 5426 3380 5462 ex
3420 5407 3575 5481 Gyllii
3602 5403 3858 5460 mensuris
3881 5401 3952 5456 ad
