4584 6284
1864 550 2211 613 DIONYSII
2252 553 2628 617 BYzANTn

634 686 770 753 duos
792 696 977 759 portus
1002 687 1137 739 intra
1162 702 1375 739 murum
1403 684 1601 738 catenis
1627 683 1829 738 clausos
1845 681 2051 748 habuit,
2076 700 2211 756 quo-
2297 684 2437 741 ridas
2458 706 2489 742 a
2511 688 2919 758 Grocisdictas,
2946 693 3002 746 in
3022 710 3152 766 quas
3175 692 3548 751 subducuntur
3567 699 3791 769 navigia,
3814 714 3866 759 et

634 793 756 831 rum
776 774 991 830 brachia
1014 772 1344 829 sustinebant
1372 782 1548 827 turres
1579 770 1730 826 valde
1750 770 2059 827 eminentes.
2090 773 2214 827 Fuit
2295 772 2440 846 palos
2455 772 2676 844 defixos,
2699 776 2924 861 adquos
2943 778 3028 834 illa
3041 779 3339 853 alligantur,
3359 784 3656 852 continens,
3673 804 3861 858 aquas·

632 862 789 918 etiam
811 872 998 937 portus
1038 860 1404 935 Phosphorius
1427 877 1460 915 a
1488 858 1757 933 Stephano
1784 852 1872 929 (v.
1909 850 2205 933 Βόσπορος)

633 960 1105 1018 commemoratus3
1142 948 1244 1005 suit
1274 948 1565 1015 Neoriuua,
1592 947 1694 1003 suit
1722 948 1862 1004 scala
1893 950 2119 1015 Timaei,
2150 960 2213 1006 ut

632 1041 688 1095 in
726 1040 1037 1096 tractatione
1076 1038 1225 1093 urbis
1254 1036 1461 1112 plenius
1492 1034 1895 1093 monstrabitur.
1928 1037 2034 1092 Pro
2058 1048 2213 1112 porta

631 1146 790 1202 quam
820 1127 979 1200 vulgo
1007 1136 1199 1182 vocant
1224 1126 1405 1182 Oriam
1438 1135 1715 1199 corrupte,
1748 1127 1897 1199 quasi
1922 1125 2047 1181 olim
2070 1128 2211 1183 Neo·

632 1218 699 1272 rii
739 1228 951 1291 portam
968 1258 986 1283 ,
1035 1216 1262 1289 spatium
1296 1211 1440 1287 jacet
1474 1232 1704 1270 vacuum
1741 1214 1811 1270 ad
1854 1214 2211 1271 exona-andes

630 1322 790 1359 naves
836 1301 1318 1368 accommodatum3
1373 1311 1519 1376 patet
1559 1300 1819 1356 ducentos
1867 1300 2213 1375 quadraginta

633 1408 818 1466 passus
840 1392 899 1445 in
921 1389 1331 1463 longitudinem,
1360 1389 1417 1444 in
1439 1387 1775 1444 latitudintm
1793 1407 1919 1445 vero
1941 1401 2063 1446 aute
2084 1410 2207 1466 por-

634 1491 745 1535 tam
768 1488 981 1535 centum
1004 1496 1285 1552 passuum3
1309 1476 1469 1551 paulo
1487 1476 1624 1533 ultra
1646 1486 1855 1552 portam
1873 1478 1931 1533 in
1952 1480 2211 1553 quinqua·

631 1566 775 1639 ginta
804 1566 1101 1637 stringitur,
1125 1563 1267 1619 undo
1298 1562 1546 1637 trajectus
1568 1574 1647 1619 est
1671 1562 1740 1619 ad
1761 1563 2127 1641 Chrysopolim
2156 1578 2211 1622 et

632 1650 1019 1709 chalcedonem
1037 1691 1053 1719 ,
1088 1649 1181 1706 ubi
1207 1650 1365 1705 etiam
1394 1668 1503 1706 oroe
1524 1650 1803 1706 maritima
1823 1650 2099 1724 praefectus
2120 1654 2211 1709 tri·

634 1739 797 1795 bnnal
819 1738 1008 1805 habet,
1044 1736 1139 1792 ubi
1161 1739 1287 1792 item
1319 1735 1514 1793 domus
1545 1738 1769 1811 portorii
1795 1737 2037 1807 Turcici,
2065 1741 2205 1796 utin

632 1828 901 1882 contrario
936 1825 1111 1881 littore
1133 1824 1377 1881 GalatIno
1409 1836 1489 1880 est
1510 1824 1673 1880 altera
1710 1823 1904 1880 domus
1928 1829 2207 1883 constituta

632 1912 702 1967 ad
722 1910 1039 1985 exigendum
1062 1910 1357 1986 portorium
1380 1912 1730 1969 Francorum.
1761 1913 1886 1968 Post
1905 1912 2008 1968 hoc
2042 1914 2204 1971 inter·

636 1999 829 2056 vallum
865 2010 946 2056 est
981 1998 1159 2056 sorum
1184 1999 1465 2073 piscarium
1482 2039 1501 2066 ,
1533 2017 1601 2054 ex
1631 2017 1740 2073 quo
1775 2018 1996 2073 magnus
2019 2002 2203 2075 trajec-

634 2098 722 2142 tus
751 2096 899 2160 patet
922 2085 992 2142 ad
1010 2086 1279 2152 Galatam,
1316 2103 1477 2159 quem
1504 2086 1709 2159 antiqui
1740 2086 2066 2161 appellabant
2097 2099 2202 2145 tra·

626 2172 832 2245 jectum
879 2173 1157 2247 Sycenum.
1207 2176 1255 2227 A
1294 2182 1442 2244 tergo
1478 2181 1559 2227 est
1589 2171 1738 2227 urbis
1774 2184 1929 2247 porta
1977 2175 2201 2232 Piscaria

630 2269 957 2334 nuncupata,
996 2277 1102 2331 qua
1125 2257 1426 2314 ascenditur
1444 2256 1515 2314 ad
1539 2276 1791 2333 magnum
1817 2259 1990 2315 forum
2007 2300 2023 2329 ,
2054 2262 2199 2335 quod

628 2347 795 2403 Turci
816 2347 1095 2402 nominant
1120 2350 1378 2404 Besesten.
1407 2348 1456 2402 A
1482 2358 1636 2421 porta
1660 2347 1888 2403 Piscaria
1912 2366 2005 2404 ora
2038 2351 2200 2406 maris

629 2433 877 2508 frequens
913 2433 1228 2489 suburbanis
1272 2433 1329 2489 in
1367 2432 1751 2506 longitudinem
1787 2434 2195 2509 quadringento-

625 2538 751 2576 rum
794 2521 1171 2594 quinquaginta
1210 2537 1459 2593 passuum
1499 2520 1841 2577 continuatur
1882 2520 1952 2576 ad
1988 2534 2193 2596 portam

622 2609 1020 2676 Fructuariam,
1058 2624 1218 2681 quam
1243 2608 1417 2689 ‚Tm-et
1456 2608 1718 2682 appellant
1742 2609 2045 2684 Gemieapi,
2095 2610 2189 2667 ubi

622 2714 784 2753 omne
808 2714 971 2769 genus
997 2695 1264 2751 &actuum
1293 2706 1401 2751 tam
1426 2696 1718 2752 recentium
1754 2714 1913 2771 qnam
1948 2696 2191 2754 condito·

620 2800 743 2839 rum
776 2794 833 2839 et
855 2783 1068 2855 fingam
1105 2781 1487 2839 esculentamm
1510 2784 1774 2840 venalium
1810 2798 2071 2841 inautus
2095 2786 2190 2843 ha·

615 2870 807 2925 betur:
838 2868 981 2925 unde
1001 2886 1221 2943 magnus
1244 2865 1491 2943 trajectus
1516 2870 1721 2925 exsistit
1752 2870 1823 2927 ad
1851 2872 2112 2931 Galatam
2140 2878 2188 2929 A

611 2966 765 3030 porta
806 2957 1115 3012 Fructuaria
1155 2954 1223 3011 ad
1262 2967 1471 3030 portam
1499 2956 1803 3029 Lignariam
1821 2998 1837 3025 ,
1886 2957 1953 3013 ab
1990 2962 2187 3016 acervis

610 3041 873 3114 lignorum
894 3040 1155 3097 venalium
1176 3043 1491 3098 constructis
1517 3043 1575 3097 in
1593 3043 1767 3117 ampla
1778 3062 1900 3099 area
1917 3056 2040 3101 ante
2064 3064 2189 3120 por-

608 3138 717 3184 tam
740 3130 998 3203 explicata
1016 3130 1345 3204 appellatam,
1388 3129 1727 3188 intercedunt
1758 3131 1973 3188 ducenti
2000 3152 2185 3207 passus

603 3216 759 3289 juxta
786 3217 953 3285 littus,
976 3217 1117 3290 pleni
1145 3215 1377 3273 edificiis
1401 3228 1456 3272 et
1476 3219 1634 3273 variis
1660 3217 1923 3287 tabernis,
1952 3220 2065 3275 aliis
2090 3222 2186 3277 ob·

610 3304 885 3358 soniorum
904 3342 922 3369 ,
952 3302 1217 3357 fruuuum
1230 3342 1249 3369 ,
1273 3302 1387 3358 aliis
1410 3303 1633 3359 aliarum
1667 3323 1867 3360 rerum.
1892 3309 2039 3362 Inter
2060 3308 2187 3363 mdi-

616 3390 739 3446 ficia
760 3401 815 3445 et
838 3408 1055 3446 murum
1088 3390 1239 3445 urbis
1259 3392 1492 3445 excurrit
1512 3392 1597 3446 via
1623 3391 1727 3446 lata
1750 3391 1983 3447 silicibus
2006 3403 2185 3462 strata,

611 3474 829 3548 etjuxta
852 3476 993 3531 muri
1014 3474 1308 3549 crepidines
1328 3478 1615 3531 constituta
1641 3487 1768 3533 sunt
1788 3494 1940 3550 aqua:
1958 3479 2183 3546 castella,

614 3581 849 3638 quorum
886 3564 987 3619 alia
1016 3564 1237 3639 perenni
1274 3563 1446 3619 fistula
1491 3582 1683 3638 aquam
1726 3564 2039 3638 largiuntur,
2086 3568 2187 3623 alia

612 3652 873 3727 operculis
899 3651 965 3707 ad
1001 3663 1207 3727 tempus
1240 3664 1559 3711 reserantur.
1584 3656 1634 3711 A
1668 3665 1823 3729 porta
1859 3655 2103 3728 Lignaria
2130 3656 2185 3712 in

610 3740 995 3815 longitudinem
1043 3752 1397 3797 trecentorum
1440 3760 1689 3817 passuum
1746 3744 1959 3800 invenio
1996 3743 2184 3801 domos

610 3839 911 3904 perpetuas,
947 3831 1176 3903 exceptis
1197 3831 1295 3885 viis
1316 3830 1814 3899 intercurrentibus,
1840 3832 1966 3887 alias
2002 3832 2092 3888 ubi
2122 3834 2184 3888 li-

610 3936 715 3991 gna
767 3918 1062 3974 materiai-ia
1108 3918 1432 3988 venduntur,
1480 3919 1604 3975 alias
1654 3920 1745 3976 ubi
1798 3938 1967 3995 capse
2020 3920 2177 3977 fiunt.

610 4003 819 4060 Deinde
834 4004 1067 4060 succedit
1086 4002 1311 4079 spatium
1332 4016 1689 4063 trecentorum
1708 4008 2036 4081 passuumab
2054 4007 2179 4065 adi·

610 4090 743 4145 ficiis
768 4108 1021 4158 vacuum,
1054 4090 1219 4147 solam
1247 4092 1384 4147 viam
1406 4092 1640 4148 silicibus
1667 4104 1886 4151 stratam
1908 4102 1967 4153 et
1986 4094 2181 4151 Euda·-

2294 876 2398 932 que
2455 860 2694 919 salientes
2743 874 2892 921 extra
2942 883 3124 922 muros
3165 886 3234 922 ex
3278 868 3676 942 aqueductibus
3715 874 3862 929 urbis

2292 948 2455 1004 claras
2481 961 2536 1005 et
2559 950 2804 1025 liquidas,
2831 954 3022 1027 partim
3052 954 3325 1027 potabiles,
3355 957 3548 1029 partim
3574 959 3860 1018 resilientes

2292 1036 2350 1090 in
2393 1037 2606 1111 euripos
2641 1056 2968 1096 marmoreos
3000 1039 3070 1096 ad
3107 1059 3312 1115 pannos
3347 1041 3618 1100 lavandos.
3658 1048 3863 1105 Deinde

2295 1122 2441 1179 brevi
2477 1126 2644 1199 spatio
2701 1125 3011 1183 exaedificato
3042 1127 3278 1184 succedit
3310 1140 3466 1204 porta
3500 1132 3801 1203 Farinaria,
3830 1156 3860 1191 a

2291 1215 2481 1269 'I'urcis
2525 1224 2709 1275 vocata
2753 1216 2980 1291 Uncapi.
3026 1220 3166 1274 Ante
3213 1229 3422 1292 portam
3469 1232 3550 1276 est
3577 1240 3700 1279 anea
3725 1222 3857 1292 lata,

2290 1299 2386 1355 ubi
2426 1299 2690 1357 frumenta
2719 1312 2773 1357 et
2809 1303 2988 1359 farinae
3017 1305 3339 1363 venduntur.
3371 1308 3468 1363 Est
3497 1310 3658 1364 etiam
3701 1310 3860 1365 aedifi-

2291 1390 2434 1445 cium
2455 1408 2720 1463 maguum,
2741 1391 2956 1465 plenum
2973 1394 3134 1449 saccis
3156 1392 3337 1451 farinae
3356 1395 3649 1470 quadratis,
3673 1398 3856 1457 laneis.

2291 1480 2452 1532 Juxta
2495 1495 2652 1533 naves
2689 1489 2828 1535 stant
2867 1477 3223 1537 frumentaria!
3250 1483 3528 1557 permulta
3566 1494 3619 1539 et
3651 1487 3858 1559 scaphae

2289 1563 2549 1639 plurimoe,
2571 1565 2884 1639 trajicientes
2909 1569 2963 1623 in
2987 1568 3236 1625 ulteriora
3255 1570 3578 1627 suburbana.
3606 1574 3701 1628 Est
3730 1575 3857 1629 item

2292 1653 2430 1711 aedes
2449 1656 2746 1712 Mametana
2762 1655 2982 1730 plumbo
2999 1668 3149 1727 tecta,
3169 1677 3293 1715 cum
3310 1660 3446 1715 turri
3465 1661 3665 1717 excelsa
3678 1704 3695 1732 ,
3713 1663 3858 1719 unde

2290 1745 2582 1801 exclamare
2626 1764 2806 1820 preces
2849 1746 3120 1821 presbyter
3151 1758 3206 1804 et
3244 1766 3462 1806 evocare
3485 1750 3618 1806 solet
3661 1752 3857 1808 incolas

2290 1833 2448 1888 viculi
2466 1834 2760 1889 suburbani
2789 1836 2873 1890 siti
2901 1844 3022 1890 aute
3038 1836 3178 1891 baluc
3191 1846 3420 1910 portam,
3442 1856 3507 1891 ex
3529 1856 3634 1911 qua
3656 1840 3857 1910 ingres-

2288 1940 2379 1977 sus
2413 1934 2558 1997 patet
2581 1925 2639 1980 in
2674 1926 2813 1980 viam
2854 1934 3206 1997 assurgentem
3242 1944 3338 2001 per
3371 1925 3602 1982 mediam
3638 1927 3853 1994 vallem,

2287 2011 2442 2066 tertio
2476 2021 2531 2067 et
2560 2022 2749 2084 quarto
2777 2012 2922 2067 urbis
2953 2013 3172 2069 collibus
3197 2014 3447 2073 clausam.
3485 2016 3612 2070 Haec
3637 2015 3853 2087 quidem

2286 2097 2384 2151 etsi
2411 2095 2732 2172 pervulgata,
2775 2107 2950 2153 tamen
2975 2097 3282 2171 negligenda
3309 2117 3418 2155 non
3446 2100 3655 2166 censui,
3687 2111 3748 2155 ut
3777 2099 3858 2177 fa<-

2284 2183 2435 2239 cilius
2461 2184 2800 2257 perveniatur
2829 2185 2884 2239 iu
2915 2185 3184 2241 notionem
3207 2186 3548 2260 antiquorum
3581 2185 3819 2242 locorum
3834 2226 3850 2253 ,

2284 2287 2405 2343 quae
2429 2288 2461 2325 a
2497 2273 2868 2345 promontorio
2911 2272 3164 2346 Bosporio
3190 2270 3260 2327 ad
3292 2283 3500 2345 portam
3527 2274 3852 2329 Farinariam

2281 2358 2436 2431 ponit
2455 2356 2740 2432 Dionysius
2767 2356 3067 2431 Byzantius.

2957 2586 3058 2647 Fr.
3103 2593 3162 2646 9.

2358 2804 2380 2827 ιι
2411 2782 2582 2854 Supra
2624 2777 2785 2833 etiam
2801 2818 2818 2843 ,
2851 2776 3028 2851 inquit
3043 2816 3060 2845 ,
3079 2774 3498 2851 promontorium
3538 2780 3849 2850 Bospormm

2276 2868 2526 2943 templum
2547 2879 2626 2922 est
2653 2866 2891 2942 Neptuni
2911 2865 3208 2939 antiquum,
3237 2863 3388 2937 apud
3402 2864 3546 2937 qnod
3552 2864 3678 2936 suit
3707 2865 3849 2940 Iapis

2277 2958 2335 3013 in
2367 2976 2508 3011 nias-e
2529 2955 2774 3019 eminens,
2822 2973 2972 3029 quem
2997 2952 3305 3025 Byzantinis
3329 2952 3384 3007 in
3417 2952 3586 3009 Iocum
3613 2954 3846 3009 ornatio·

2276 3064 2382 3101 rem
2403 3063 2568 3121 supra
2591 3043 2829 3100 stadium
2855 3042 3135 3114 transferre
3157 3040 3496 3107 conantibus,
3529 3060 3631 3097 non
3651 3042 3849 3117 permi-

2272 3134 2354 3188 sit
2387 3150 2446 3187 se
2478 3129 2783 3203 transferri,
2824 3130 2940 3186 sive
2977 3147 3165 3185 amans
3209 3128 3377 3183 Iocum
3407 3127 3548 3184 mari
3574 3128 3841 3194 vicinum,

2274 3219 2392 3275 sive
2419 3217 2690 3274 ostendens
2719 3216 2886 3292 parvi
2925 3213 3168 3270 momenti
3210 3232 3318 3270 esse
3348 3212 3554 3289 pietati
3592 3213 3844 3273 divitias.

2276 3305 2382 3361 Sub
2426 3304 2616 3379 templo
2647 3302 2885 3377 Neptuni
2914 3302 3056 3357 intra
3088 3299 3236 3357 urbis
3263 3321 3468 3357 murum
3483 3342 3501 3368 ,
3537 3300 3594 3357 in
3631 3302 3760 3359 Iocis
3788 3304 3846 3358 in

2273 3390 2556 3467 planitiem
2577 3390 2883 3465 explicatis,
2909 3400 3059 3445 erant
3077 3386 3263 3443 stadia
3279 3400 3332 3443 et
3351 3388 3649 3461 Hmnasia.
3675 3393 3756 3444 At
3775 3408 3843 3444 es.-

2274 3480 2442 3535 maris
2471 3490 2632 3553 parte
2669 3488 2783 3533 erat
2829 3476 3102 3546 navigatio
3147 3475 3204 3531 in
3245 3474 3421 3531 sinum
3467 3479 3622 3531 Ceras
3660 3477 3841 3531 leniter

2268 3567 2455 3633 fluens.
2505 3564 2746 3620 Primam
2787 3562 3136 3639 promontorii
3177 3562 3424 3638 Bosporii
3465 3565 3840 3643 contre-sionem

2269 3653 2387 3709 siue
2405 3651 2872 3726 eie-emnfietionem
2896 3649 3227 3727 excipiebant
3259 3661 3367 3706 tres
3374 3661 3587 3726 portas,
3620 3670 3841 3726 quornm

2270 3740 2474 3797 medius
2493 3739 2634 3797 satis
2649 3738 2948 3816 profundas
2969 3758 3006 3793 a
3041 3738 3225 3794 ceteris
3247 3739 3422 3795 ventis
3447 3741 3734 3809 tegebatur,
3769 3740 3840 3796 ab

2270 3831 2463 3903 Ali-ico
2487 3841 2634 3885 tutus
2659 3828 2867 3883 omnino
2887 3846 2988 3883 non
3012 3840 3158 3891 erat,-
3179 3825 3363 3884 deinde
3383 3828 3550 3884 turris
3571 3829 3693 3884 bene
3721 3848 3838 3884 ma·

2264 3936 2376 3988 gna
2411 3916 2638 3972 rotanda
2671 3912 2962 3971 continenti
2987 3913 3248 3986 jungebat
3283 3912 3434 3968 urbis
3464 3913 3673 3971 neoenia.
3713 3916 3837 3970 Pri·

2268 4022 2386 4059 mus
2401 4015 2531 4080 post
2552 4003 2740 4059 moenia
2775 4019 2992 4075 campas
3013 4011 3128 4055 emt
3149 3998 3445 4075 peninsnloe
3469 4000 3687 4055 cen-icis
3719 4020 3835 4056 sen·

2264 4094 2371 4150 sim
2412 4090 2766 4147 descendentis
2800 4089 2878 4144 ad
2913 4088 3096 4153 littus,
3129 4100 3183 4143 et
3221 4106 3284 4143 ne
3323 4088 3450 4143 urbs
3488 4100 3623 4144 esset
3661 4088 3838 4143 insula

604 4334 671 4369 ex
706 4314 1063 4389 promontorio
1126 4316 1373 4391 Bosporio
1426 4328 1790 4375 tmnsnatasse
1846 4320 1901 4375 in
1961 4320 2167 4376 Asiam.
2260 4330 2404 4376 taxat
2427 4328 2680 4395 portuum
2712 4318 2818 4372 Dio
2853 4316 3173 4372 meminerit.
3206 4314 3342 4370 Fieri
3379 4316 3538 4371 etiam
3569 4324 3743 4388 potest
3775 4325 3836 4369 ut

676 4398 767 4451 Fr.
804 4416 857 4467 9.
900 4394 1371 4469 Lis-cunfietionem
1415 4398 1787 4474 excipiebant]
1830 4401 2123 4472 Legebatur
2151 4416 2166 4455 ε

603 4474 980 4529 conversionem
997 4516 1012 4539 ,
1050 4474 1543 4549 circumflexionem,
1578 4497 1695 4554 quoe
1722 4479 2037 4556 enipiebat.
2080 4481 2165 4538 Cf.

603 4553 805 4627 Gyllius
830 4556 885 4609 in
901 4556 1132 4628 Topogr.
1157 4556 1339 4611 Coust.
1359 4574 1415 4630 p.
1443 4574 1508 4612 12
1529 4572 1544 4612 :
1562 4557 1850 4625 Dionysius
1878 4559 2169 4633 Byzantius

604 4632 775 4690 tradit
786 4632 1003 4709 Bospori
1003 4634 1233 4709 primam
1242 4635 1598 4694 circuitionem
1608 4636 1841 4715 excipere
1852 4651 2163 4716 tmportus,

600 4725 654 4769 et
676 4733 729 4788 p.
766 4720 835 4772 60
866 4732 881 4770 ε
906 4714 1171 4789 Adjungte
1192 4716 1479 4789 Dionysius
1580 4730 1710 4794 post
1734 4738 2025 4776 mueronem
2044 4741 2170 4796 pm·

601 4795 852 4851 montorii
874 4794 1117 4870 Bosporii
1142 4794 1319 4852 sinum
1342 4800 1493 4853 Ceras
1522 4798 1847 4874 appellatum
1886 4800 2169 4857 immisisse

599 4882 707 4926 tres
722 4884 919 4947 portus
960 4872 1196 4929 turribus
1220 4885 1274 4929 et
1302 4874 1529 4932 molibus
1548 4876 1796 4936 munitos.
1826 4880 1934 4935 Dio
1960 4881 2168 4936 Cassius

597 4951 743 5025 apud
768 4952 1101 5026 xiphilinum
1135 4972 1191 5028 p.
1222 4958 1322 5020 ἀοι
1354 4956 1565 5012 nonnisi
1592 4955 1728 5013 duos
1751 4969 1937 5034 portus
1964 4978 2167 5017 memo·

596 5041 682 5085 rat
707 5050 722 5088 :
750 5030 818 5085 Οἵ
842 5051 897 5087 τι
924 5032 1119 5103 λιμένες
1140 5032 1277 5100 ἐντὸς
1303 5036 1498 5108 τείχους
1526 5034 2026 5111 ἆμφότιροικλειστοὶ
2043 5039 2165 5095 ἀλύ-

594 5128 731 5164 σεσιν
758 5106 916 5179 ἦσαν.
933 5112 1016 5167 καὶ
1039 5112 1092 5168 ai
1103 5114 1265 5186 χηλαὶ
1290 5112 1449 5170 οὔτῶν
1467 5116 1678 5191 πύργους
1708 5116 1780 5191 ἔφ’
1808 5117 2010 5193 {adripe
2034 5121 2165 5175 πολὺ

592 5189 896 5262 προέχοντας
914 5189 1103 5265 ἔφερον,
1115 5192 1429 5269 ὥστ’ἅπορον
1448 5200 1523 5269 τῷ
1540 5196 1765 5273 πολεμίῳ
1783 5197 1868 5254 τὸν
1883 5198 2161 5273 πρόσπλουν

588 5270 774 5324 ποιεῖν.
802 5272 1107 5344 Ducangius
1129 5273 1388 5330 inConst.
1412 5274 1608 5334 Christ.
1633 5294 1689 5351 p.
1724 5294 1784 5333 11
1806 5279 2021 5333 tertium
2037 5297 2165 5354 por-

589 5356 705 5401 tum
739 5360 801 5403 ut
824 5350 1062 5408 inutilem
1089 5371 1119 5407 a
1153 5353 1411 5426 Byzantiis
1443 5367 1807 5429 exaggeratum
1841 5368 1963 5414 ante
1980 5360 2159 5415 Severi

588 5436 827 5502 tempora
850 5432 1133 5499 existimat,
1155 5432 1317 5509 idque
1332 5454 1443 5491 esse
1460 5455 1629 5492 causae
1650 5455 1747 5492 cur
1770 5436 1998 5494 duorum
2027 5436 2163 5493 dun-

2257 4400 2444 4456 tertius
2492 4410 2678 4474 portus
2693 4437 2710 4465 ,
2759 4413 3082 4470 quamquam
3119 4412 3220 4450 suo
3261 4394 3675 4467 distingueretur
3733 4413 3831 4450 no·

2257 4479 2429 4544 mine,
2483 4495 2665 4553 reapse
2711 4476 2927 4532 nonnisi
2965 4491 3086 4549 pars
3124 4482 3260 4529 esset
3293 4483 3386 4528 aut
3425 4473 3588 4547 primi
3632 4482 3724 4529 aut
3754 4493 3835 4529 se-

2255 4556 2442 4617 cundi.
2467 4560 2618 4613 Duos
2649 4567 2831 4613 autem
2862 4556 2989 4610 istos
3012 4554 3204 4609 veteris
3232 4552 3462 4626 Byzantii
3503 4563 3689 4627 portus
3718 4556 3830 4610 Du-

2254 4641 2472 4713 cangius
2487 4636 2702 4695 eosdem
2725 4656 2838 4693 esse
2859 4646 3036 4692 censet
3057 4654 3182 4691 cum
3207 4634 3406 4691 Neorio
3423 4644 3476 4690 et
3501 4636 3831 4709 Bosporiano

2254 4718 2765 4794 Constantinopolis,
2785 4734 3014 4791 quorum
3036 4714 3166 4771 illud
3197 4715 3252 4770 in
3270 4725 3436 4781 sexta,
3458 4714 3546 4769 hic
3570 4715 3628 4769 in
3643 4716 3829 4787 quinta

2254 4798 2404 4853 urbis
2425 4798 2642 4871 regione
2665 4797 2752 4853 siti
2769 4806 2940 4852 eram.
2966 4797 2990 4868 ΙΙ
3003 4826 3078 4839 -
3096 4794 3390 4851 Continenti
3397 4792 3659 4866 jungebat
3680 4794 3829 4849 urbis

2254 4878 2482 4953 moenia]
2509 4878 2756 4936 Ambitus
2776 4876 3006 4951 Byzantii
3025 4894 3130 4933 see.
3155 4874 3470 4949 Dionysium
3493 4883 3607 4929 erat
3627 4877 3699 4938 40
3720 4884 3827 4929 sta·

2254 4958 2490 5026 diorum,
2509 4957 2768 5033 prodente
2785 4954 2960 5029 Gyllio
2983 4956 3064 5010 De
3090 4964 3300 5027 topogr-
3320 4953 3504 5008 Const.
3533 4969 3591 5025 p.
3625 4952 3710 5019 15,
3735 4952 3826 5007 nbi

2252 5050 2532 5115 postquam
2555 5040 2750 5095 Zosimi
2769 5036 3120 5093 narrationem
3146 5032 3217 5089 de
3242 5033 3432 5089 veteris
3461 5033 3696 5105 Byzantii
3713 5050 3826 5087 am·

2252 5119 2372 5175 bitu
2386 5120 2645 5186 attulerat,
2657 5119 2828 5192 pergit
2843 5133 2859 5172 t
2878 5114 2980 5171 Sed
2987 5113 3273 5188 Diony-sias
3281 5111 3590 5185 Byzantius,
3611 5112 3826 5167 Zosimo

2252 5200 2420 5256 multo
2437 5197 2724 5273 antiquior,
2753 5208 2814 5252 ut
2839 5215 2907 5252 ex
2926 5197 3038 5269 ejas
3071 5194 3296 5270 seriptis
3327 5203 3671 5263 cognoscatur
3701 5204 3826 5247 ante

2249 5278 2426 5335 Severi
2446 5278 2630 5334 minas
2641 5276 2943 5353 scripsisse,
2968 5275 3051 5331 ait
3070 5274 3330 5331 ambitum
3349 5270 3598 5345 Byzantii
3613 5271 3828 5327 circiter

2247 5358 2608 5433 quadraginta
2645 5356 2830 5412 stadia
2891 5354 3216 5431 complexum
3253 5352 3437 5425 finisse
3451 5393 3468 5417 ,
3510 5370 3628 5425 qna!
3678 5351 3822 5422 long&

2248 5440 2425 5511 majus
2446 5437 2683 5512 spatium
2717 5436 3127 5511 complectuntur
3151 5451 3311 5507 qnam
3344 5431 3432 5487 illi
3462 5429 3821 5489 tradiderunt.
