4584 6284
646 552 719 601 ‘16

642 670 873 728 maxime
889 672 1121 727 omnium
1154 672 1487 727 Chalcedonii
1523 672 1661 726 Ιιιιιιι·
1690 672 1856 727 locum
1882 673 1993 727 sibi
2016 672 2213 729 heredi-

642 758 840 817 tarium
876 778 1102 817 asserere
1150 760 1517 825 condemna,-
1562 772 1917 815 verumtamen
1958 761 2215 835 possessio

638 866 843 924 semper
864 848 1120 903 remansit
1142 846 1450 919 Byzantiis,
1476 847 1605 904 olim
1622 846 1831 921 quidem
1854 849 1918 903 ob
1936 848 2214 923 principa·

643 950 757 993 tecm
783 951 835 993 et
861 936 1205 993 domesticum
1231 936 1393 992 robur
1410 934 1632 1011 (multis
1649 936 1783 991 enim
1814 936 2041 991 navibus
2078 956 2217 991 mare

636 1026 1020 1102 possidebant)
1038 1068 1054 1093 ,
1082 1044 1267 1081 rursus
1289 1043 1413 1080 vero
1448 1044 1567 1080 cum
1590 1024 1833 1080 emissent
1870 1044 1905 1078 a
1944 1024 2215 1080 Callimedis

641 1114 841 1172 Seleuci
864 1113 1127 1171 exereitus
1148 1113 1299 1171 duce.

715 1205 846 1259 Haeo
866 1201 1087 1276 quidem
1110 1202 1395 1274 Dionysius
1415 1200 1483 1257 de
1500 1204 1665 1257 Fano.
1738 1201 1985 1275 Polybius
2008 1203 2097 1271 (4,
2126 1201 2213 1268 50,

645 1294 721 1363 2)
756 1308 883 1344 vero
906 1291 981 1343 ait
1002 1290 1245 1343 Prusiam
1270 1287 1445 1343 locum
1479 1298 1669 1344 natura
1697 1289 2103 1343 munitissimum
2122 1328 2137 1355 ,
2166 1300 2221 1343 et

646 1396 813 1452 supra
856 1378 1028 1449 ipsum
1058 1378 1214 1431 Ponti
1250 1377 1443 1432 ostium
1470 1378 1631 1431 situm
1663 1378 1863 1432 Fanum
1892 1378 2219 1432 nominatum

648 1468 851 1540 cepisse
867 1506 883 1533 ,
905 1464 1051 1538 quod
1068 1466 1301 1538 Byzantii
1324 1483 1433 1520 non
1453 1464 1621 1521 multo
1637 1476 1756 1520 ante
1780 1466 1974 1538 ingenti
1998 1468 2220 1539 pecunia

649 1553 873 1608 mercati
902 1550 1110 1607 fuerant
1126 1591 1141 1617 ,
1168 1552 1561 1626 opportunitate
1588 1552 1688 1607 loci
1708 1552 1941 1625 pellecti,
1974 1570 2041 1606 ne
2057 1569 2218 1625 quam

651 1636 1088 1696 commoditatem
1116 1638 1269 1693 alicui
1292 1637 1649 1710 relinquerent
1667 1640 1721 1694 in
1749 1641 2007 1707 Pontum,
2041 1640 2119 1693 vel
2153 1657 2219 1693 ex

652 1729 833 1783 Ponto
858 1724 1175 1796 navigandi,
1202 1725 1301 1779 nisi
1328 1724 1385 1779 id
1406 1744 1531 1780 cum
1556 1728 1925 1798 Byzantiorum
1956 1726 2221 1781 voluntate

649 1813 864 1869 faceret.
939 1813 1143 1866 Verum
1164 1812 1371 1866 Prusias
1393 1823 1572 1884 postea
1600 1813 1853 1884 Byzantiis
1874 1814 2080 1868 Fanum
2097 1812 2218 1867 red·

650 1898 820 1966 didit,
869 1899 1098 1971 itemque
1135 1898 1274 1969 ligna
1293 1937 1310 1965 ,
1358 1897 1557 1969 tegulas
1573 1938 1590 1966 ,
1624 1899 1880 1971 laquearia
1907 1892 2145 1970 [λιθείαν
2162 1900 2185 1967 ]
2202 1937 2219 1967 ,

651 2002 773 2059 que
828 2003 892 2041 ex
947 1987 1092 2040 Fano
1144 1994 1539 2058 exportaverat,
1578 1987 1823 2042 restituit.
1898 1988 2220 2061 Pomponius

648 2073 881 2144 Mela(1,
909 2072 995 2145 19)
1017 2090 1123 2126 non
1146 2090 1176 2125 a
1189 2072 1401 2145 Phryxo
1410 2071 1704 2140 conditum,
1726 2073 1819 2127 sed
1839 2092 1868 2128 a
1882 2076 2091 2143 Jasone,
2112 2084 2220 2129 tra·
2246 2061 2256 2069 ⁴

650 2158 751 2216 dit.
780 2158 1081 2233 Apollonius
1096 2160 1172 2229 (2,
1208 2158 1330 2232 531)
1354 2154 1537 2214 scribit
1546 2162 1871 2232 Argonautas
1891 2177 2013 2215 cum
2028 2163 2219 2216 Jasone

648 2393 811 2451 quam
829 2382 988 2428 reete.
1000 2371 1230 2427 Ultimus
1238 2370 1381 2425 testis
1393 2372 1485 2445 qui
1504 2373 1559 2426 in
1575 2390 1790 2427 censum
1804 2373 1993 2439 veniat,
2010 2372 2207 2427 Tabula

648 2466 730 2511 est
756 2454 1155 2527 peutingeriana
1176 2450 1238 2524 (e
1261 2468 1364 2523 qua
1402 2469 1499 2505 sua
1519 2453 1713 2522 Geogr.
1756 2454 1882 2505 Rav.
1922 2455 1975 2516 4,
2003 2451 2091 2523 9),
2118 2450 2207 2505 ubi

648 2530 933 2589 Arisurius
950 2534 973 2603 (
990 2532 1089 2587 i.e.
1106 2530 1251 2585 Jovis
1276 2528 1425 2602 Urii)
1442 2528 1587 2584 locus
1611 2540 1839 2595 notatur,
1855 2529 1989 2585 adeo
2016 2542 2077 2585 ut
2093 2529 2209 2586 Ale-

644 2612 839 2669 xandri
866 2612 1037 2667 Severi
1059 2607 1381 2682 temporibus
1406 2626 1601 2663 nomeu
1621 2610 1767 2663 Jovis
1795 2609 1913 2662 Urii
1942 2610 1996 2662 in
2017 2607 2207 2664 tabulis

646 2694 953 2748 auctoritate
997 2688 1205 2762 publica
1262 2685 1417 2742 editis
1458 2686 1633 2742 adhuc
1678 2686 2032 2742 exhiberetur.
2082 2689 2205 2743 Non

644 2771 815 2826 multo
858 2781 1033 2824 autem
1084 2777 1204 2842 post
1241 2785 1409 2839 quum
1436 2766 1536 2821 sub
1566 2766 1846 2821 Valeriano
1870 2776 1923 2820 et
1966 2765 2207 2822 Gallieno

640 2851 828 2907 Heruli
880 2852 1282 2924 quingentarum
1336 2847 1495 2902 classe
1544 2849 1758 2902 navium
1805 2848 1859 2901 in
1906 2848 2204 2920 Bosporum

640 2930 990 3003 irrumpentoe
1013 2928 1357 3002 Chrysopolin
1376 2938 1428 2981 et
1445 2928 1755 3001 Byzantium
1772 2937 2138 3002 oppugnarent
2152 2937 2208 2981 et

639 3008 766 3066 bino
782 3008 849 3065 ad
869 3010 1067 3065 Hieron
1093 3006 1483 3063 retrocederent
1505 3008 1735 3079 indeque
1757 3006 1977 3080 profecti
1999 3008 2054 3061 in
2076 3009 2203 3061 Pro·

636 3090 911 3164 pontidem
924 3090 1103 3145 omnia
1118 3099 1371 3145 vastantes
1388 3088 1850 3161 progrederentur,
1863 3105 2026 3160 porro
2037 3105 2205 3159 quum

636 3169 827 3224 eodem
855 3178 1091 3243 tempore
1118 3165 1282 3221 Gothi
1318 3164 1619 3237 Bithyniam
1640 3165 2021 3237 popularentur
2046 3165 2205 3218 Nico·

636 3246 973 3320 mediamque
991 3253 1239 3318 caperent
1258 3242 1513 3316 (Syncell.
1541 3260 1597 3315 p.
1629 3246 1732 3313 716
1760 3260 1823 3314 sq
1850 3241 1937 3297 ed.
1964 3242 2203 3312 Bonn.):

636 3324 753 3381 fleri
790 3326 877 3379 vix
898 3326 1101 3398 potuit,
1127 3333 1187 3378 ut
1210 3326 1415 3379 Fanum
1434 3362 1449 3386 ,
1489 3322 1954 3376 celebratissimum
1981 3322 2205 3393 Bospori

636 3404 834 3469 locum,
850 3421 918 3456 ex
941 3420 1050 3476 quo
1074 3401 1199 3456 olim
1211 3401 1423 3456 Prusias
1444 3419 1539 3455 rex
1558 3412 1747 3473 praeter
1760 3400 1914 3455 aliam
1934 3402 2206 3456 materiam

638 3482 723 3537 vel
750 3481 920 3553 tegula
952 3479 1131 3552 templi
1171 3478 1457 3536 abstulerat
1473 3520 1489 3545 ,
1514 3484 1776 3535 intactum
1798 3478 2008 3533 barbari
2046 3478 2196 3533 relin-

636 3572 881 3636 querent.
910 3560 1161 3615 Proclivis
1197 3560 1357 3631 igitur
1392 3568 1696 3630 conjectura
1720 3568 1799 3612 est
1821 3557 2207 3630 topographum

638 3654 879 3699 nostrum
894 3684 910 3710 ,
946 3644 999 3697 in
1026 3638 1359 3696 recensendis
1396 3637 1499 3693 diis
1526 3637 1682 3712 juxta
1714 3641 2009 3711 Bosporum
2056 3636 2209 3691 cultis

638 3722 1095 3795 diligentissimum
1112 3763 1128 3786 ,
1152 3721 1303 3775 Jovis
1321 3718 1443 3773 Urii
1472 3728 1753 3792 propterea
1778 3736 1885 3773 non
1914 3720 2211 3774 meminisse

640 3804 788 3879 quod
824 3803 1004 3858 nullus
1026 3813 1143 3857 tum
1168 3810 1482 3875 superesset.
1524 3800 1791 3871 Tempora
1814 3816 1924 3853 non
1959 3798 2091 3853 adeo
2114 3800 2208 3854 ol)-

640 3894 812 3949 stant;
856 3900 979 3937 nam
1006 3890 1297 3955 suppetunt
1330 3876 1526 3933 indicia
1566 3896 1685 3951 quae
1719 3878 1957 3951 Dionysii
2006 3889 2209 3933 aetatem

640 3974 863 4019 exeunte
896 3960 1071 4018 seculo
1104 3962 1261 4015 tertio
1301 3976 1411 4013 non
1436 3976 1549 4013 esse
1574 3958 1805 4031 priorem
1845 3958 2206 4030 comprobent.

642 4039 852 4112 Quodsi
878 4051 990 4095 tum
1011 4040 1161 4095 Jovis
1180 4038 1299 4092 Urii
1326 4046 1497 4091 statua
1517 4036 1657 4090 salva
1677 4034 1851 4089 adhue
1873 4034 2051 4089 suisset
2064 4078 2080 4105 ‚
2109 4038 2209 4090 mi·

639 4122 833 4176 rareris
854 4138 979 4176 sane
997 4129 1286 4181 auctorem,
1310 4115 1548 4187 neglecto
1573 4132 1731 4187 opere
1748 4115 2101 4181 celeberrimo,
2122 4114 2213 4170 de-

640 4204 931 4261 scribendae
951 4202 1161 4278 pueruli
1196 4214 1381 4257 statuae
1406 4203 1795 4255 immorantem.
1819 4230 1892 4241 —
1926 4203 2082 4255 Anno
2108 4206 2210 4257 866

643 4296 699 4339 et
733 4286 924 4339 iterum
951 4302 1038 4339 an.
1071 4286 1173 4353 94¹
1222 4280 1377 4335 Russi
1414 4278 1483 4333 ad
1512 4280 1733 4334 Hierum
1766 4290 1820 4333 et
1847 4278 2018 4334 fauces
2056 4281 2207 4335 Ponti

643 4373 979 4437 penetrantes
997 4364 1267 4433 regionem
1286 4368 1583 4425 vastarunt3
1603 4356 1673 4411 de
1692 4357 1882 4430 quibus
1900 4358 2209 4431 scriptorum

646 4446 1018 4519 Byzantiorum
1062 4442 1361 4498 testimonia
1411 4439 1671 4511 congessit
1718 4440 1997 4513 Spritterus
2046 4440 2071 4508 (
2097 4439 2209 4491 Me·

650 4528 835 4582 moriat
876 4544 1002 4600 pop.
1054 4534 1307 4598 septentr.
1356 4534 1397 4578 t.
1447 4538 1481 4575 a
1496 4561 1513 4588 ,
1558 4538 1616 4594 p.
1663 4523 1766 4591 967
1804 4536 1919 4590 sqq.
1942 4517 1985 4591 ).
2010 4516 2211 4572 Deinde

648 4606 827 4662 seculo
844 4604 1051 4660 decimo
1070 4604 1259 4676 quintu
1274 4601 1345 4657 de
1359 4603 1625 4659 Fanorum
1640 4600 1956 4672 possessione
1973 4614 2093 4652 cum
2107 4599 2209 4669 By-

642 4688 872 4743 zantinis
902 4684 1233 4741 contendisse
1260 4685 1561 4739 Genuenses
1583 4684 1801 4735 constat.
1828 4680 1952 4733 Haec
1975 4676 2211 4750 pluribus

646 4766 895 4901 rw*
918 4763 986 4820 ’ἃ
1008 4762 1260 4897 rw
1283 4755 2117 4895 mfflffmffi
2140 4757 2211 4887 22:

692 4864 780 4901 ann
1020 4862 1035 4897 ι
1074 4861 1109 4895 n
1240 4860 1297 4895 se
2096 4874 2111 4899 ,

644 4924 721 4979 ita
760 4920 1155 4994 intelligendum
1188 4929 1296 4984 ost,
1339 4857 1609 4989 d’tesaepius
1635 4853 1901 4987 ademptay
1912 4930 2118 4985 semper
2142 4912 2211 4967 ad

644 5003 789 5076 ipsos
833 5000 1049 5057 rediret.
1086 5000 1174 5056 Sic
1199 5001 1403 5054 Fanum
1450 5015 1482 5052 a
1522 4995 1799 5052 Callimede
1832 4993 2029 5049 Seleuci
2074 4992 2211 5048 duce

642 5082 882 5157 Byzantii
908 5081 1190 5136 redemisse
1220 5079 1288 5134 ab
1326 5080 1442 5152 ipso
1466 5075 1763 5151 produntur
1789 5074 2060 5146 Dionysio.
2090 5077 2209 5142 Qua

642 5160 863 5234 quidem
892 5158 961 5215 ‹le
986 5178 1043 5214 re
1078 5157 1290 5213 aliunde
1316 5156 1447 5211 nihil
1470 5166 1689 5212 constat.
1717 5156 1785 5208 Ni
1824 5153 1989 5218 fallor,
2016 5152 2206 5207 intelli·-

640 5237 847 5309 gendus
869 5250 948 5292 est
966 5236 1081 5292 dux
1101 5236 1300 5293 Seleuci
1326 5238 1380 5289 11
1404 5234 1669 5299 Callinici;
1694 5250 1815 5286 nam
1840 5230 2109 5303 probabile
2132 5240 2211 5285 est

1881 542 2231 605 moNan
2272 543 2636 603 ΒΥΖΑΝΤΙῙ

2305 674 2602 745 navigantes
2627 673 2694 729 ad
2721 674 2962 740 Colchos,
2981 674 3036 727 in
3054 674 3229 729 littore
3247 677 3480 732 Asiatico
3505 675 3684 749 (quod
3709 677 3867 735 etiam

2304 780 2448 817 nune
2487 762 2746 837 appellant
2789 754 2981 837 Ἱερόν)
3021 783 3166 820 aram
3205 768 3539 821 constituisse
3583 766 3866 824 duodecim

2305 849 2405 905 diis
2421 890 2438 919 ,
2463 852 2519 905 in
2543 869 2704 925 eaque
2723 852 3056 910 sacrificasse.
3129 852 3379 925 Polybius
3402 854 3487 928 (4,
3518 856 3606 925 39,
3639 856 3706 931 6)
3725 857 3871 913 simi·

2305 938 2422 994 liter
2449 938 2608 995 tradit
2630 942 2874 995 Jasonem
2901 942 2957 997 in
2973 941 3216 997 hocloco
3243 942 3416 997 litasse
3439 942 3722 999 duodecim
3745 943 3867 1011 diis,
3901 988 3906 993 .

2303 1027 2395 1083 sed
2423 1046 2545 1084 cum
2579 1027 2775 1084 rediret
2792 1048 2825 1085 a
2865 1030 3090 1089 Colchis.
3166 1031 3236 1085 Hi
3263 1031 3408 1085 enim
3437 1042 3563 1086 sunt
3587 1032 3868 1088 duodecim

2306 1114 2426 1175 dii:
2468 1117 2692 1191 Jupiter,
2733 1120 2905 1185 Juno,
2949 1120 3259 1193 Neptunus,
3299 1118 3492 1185 Ceres,
3537 1120 3866 1187 Mercurius,

2305 1205 2596 1274 Vulcanus,
2617 1205 2831 1281 Apollo,
2849 1209 3015 1263 Diana
3033 1248 3048 1275 ,
3077 1210 3238 1262 Vesta
3255 1246 3270 1270 ‚
3301 1210 3445 1262 Mars
3461 1248 3478 1275 ,
3502 1209 3688 1263 Venus
3703 1210 3874 1263 etmi-

2305 1304 2516 1347 nerva2.
2543 1291 2808 1348 Diodorus
2829 1294 3030 1349 Siculus
3057 1294 3134 1365 (5,
3167 1297 3260 1364 49)
3287 1294 3528 1349 similiter
3553 1294 3685 1349 dicit
3705 1298 3876 1365 Argo-

2307 1390 2489 1433 nautas
2514 1378 2792 1435 redeuntes
2805 1399 2868 1435 ex
2885 1380 3111 1447 Colchis,
3133 1398 3254 1435 cum
3273 1379 3343 1435 ad
3363 1382 3558 1436 ostium
3575 1381 3732 1437 Ponti
3751 1398 3872 1454 per·

2308 1466 2572 1520 venissent
2588 1505 2605 1532 ,
2635 1464 2702 1519 ad
2747 1476 2938 1521 terram
2978 1467 3236 1541 appulisse
3252 1506 3267 1530 ,
3298 1468 3386 1521 cui
3429 1477 3546 1522 tum
3589 1468 3874 1541 imperaret

2310 1556 2472 1627 Byzas
2488 1594 2505 1621 ,
2533 1572 2566 1609 a
2590 1572 2697 1627 quo
2722 1556 3030 1628 Byzantium
3059 1565 3137 1609 est
3162 1554 3476 1627 appellatum
3494 1594 3510 1621 ,
3551 1555 3737 1629 ibique·
3756 1572 3872 1611 aras

2305 1640 2556 1694 excitasse
2571 1680 2588 1709 ,
2613 1651 2667 1695 et
2688 1642 2930 1713 precibus
2968 1651 3023 1695 et
3050 1642 3182 1696 votis
3218 1639 3346 1695 deos
3384 1654 3658 1697 veneratos
3694 1642 3871 1698 locum

2308 1744 2652 1791 consecrasse,
2674 1745 2832 1798 quem
2853 1728 3010 1782 etiam
3037 1745 3180 1781 nunc
3207 1730 3698 1799 praeternavigantes
3721 1746 3872 1785 vene-

2306 1822 2510 1867 rantur.
2581 1812 2942 1867 Timosthenoe
2963 1814 3087 1886 (ap.
3112 1813 3223 1869 sch.
3247 1815 3350 1886 Ap.
3378 1814 3477 1870 Rh.
3513 1832 3568 1877 2,
3597 1815 3729 1883 531)
3751 1816 3872 1888 qui-

2308 1899 2430 1954 dem
2471 1900 2604 1956 dicit
2644 1902 2944 1973 navigantes
2973 1919 3096 1956 cum
3138 1901 3352 1973 Phryxo
3383 1920 3499 1957 aras
3524 1902 3612 1956 hic
3639 1904 3873 1975 posuisse

2310 1985 2592 2045 duodecim
2639 1987 2770 2055 diis;
2815 1991 3141 2062 Argonautas
3183 2007 3308 2044 vero
3355 2008 3498 2044 aram
3544 1990 3873 2047 constituisse

2309 2076 2576 2147 Neptuno.
2623 2074 2928 2130 Herodorus
2963 2074 3088 2151 (ib.)
3135 2076 3189 2131 in
3215 2093 3306 2130 ara
3341 2076 3524 2131 scribit
3561 2078 3872 2135 sacrificasse

2309 2165 2670 2234 Argonautas,
2699 2164 2758 2217 in
2797 2182 2902 2237 qua
2944 2166 3114 2235 Argos
3153 2164 3352 2237 Phryxi
3391 2164 3530 2219 filius
3571 2165 3779 2222 rediens
3805 2186 3870 2223 ex

2302 2374 2506 2429 Fanum
2531 2373 2789 2446 Byzantiis
2814 2372 3071 2427 ademisse
3095 2373 3124 2427 ὃ
3145 2374 3405 2437 Βυζάντιοι
3434 2378 3686 2447 μικροῖς
3730 2375 3870 2432 ἀνώ-

2297 2470 2487 2524 τερον
2517 2452 2770 2525 χρόνοις
2807 2451 3040 2524 μεγάλων
3066 2452 3382 2524 ὠνησάμενοι
3420 2454 3693 2525 χρημάτων
3730 2452 3869 2527 ἐσρε-

2301 2530 2554 2601 τερίσαντο
2579 2530 2660 2584 διὰ
2683 2528 2772 2597 τὴν
2799 2530 3039 2602 εὖκαιρίαν
3065 2535 3151 2585 τοῦ
3183 2532 3365 2598 τόπου,
3399 2531 3694 2603 βουλόμενοι
3719 2534 3869 2604 μηδι·

2298 2611 2414 2681 μίαν
2456 2607 2677 2683 ἀφορμὴν
2715 2610 2889 2681 μηδενὶ
2913 2609 3226 2677 καταλιπεῖν,
3259 2612 3384 2682 μήτε
3417 2610 3542 2665 κατὰ
3569 2618 3665 2667 τῶν
3695 2611 3761 2676 εἰς
3781 2612 3868 2669 τὸν

2297 2688 2488 2743 Πόντον
2520 2689 2770 2745 πλεόντων
2799 2687 3046 2761 ἐμπόρων,
3080 2689 3202 2761 μήτε
3230 2690 3342 2763 περὶ
3375 2689 3488 2753 τοὶις
3521 2690 3725 2755 δούλους
3741 2732 3756 2757 ,
3787 2692 3872 2747 καὶ

2295 2766 2380 2831 τὰς
2421 2766 2469 2831 ἐξ
2495 2768 2642 2837 αὐτῆς
2681 2771 2768 2836 τῆς
2800 2768 3047 2837 θαλάσσης
3083 2768 3326 2842 ἐργασίας.
3367 2799 3439 2811 —-
3473 2771 3716 2825 Ceterum
3742 2789 3870 2844 pace

2292 2850 2420 2903 inita
2448 2851 2574 2919 (an.
2599 2850 2758 2919 219),
2787 2847 2997 2903 Prusias
3023 2864 3351 2920 quaeeunque
3377 2845 3647 2903 ademerat
3668 2851 3867 2921 Byzan·

2294 2931 2377 2983 tiis
2407 2929 2665 2993 restituit,
2710 2944 2819 2981 non
2842 2926 3015 2981 solum
3052 2944 3204 2998 agros
3231 2937 3284 2979 et
3309 2925 3514 2981 castella
3532 2966 3548 2991 ,
3589 2926 3682 2981 sed
3710 2928 3866 2983 etiam

2294 3008 2354 3064 τὰ
2381 3008 2501 3071 ξῦλα
2526 3008 2612 3062 καὶ
2635 3004 2723 3074 τὴν
2753 3006 2941 3061 λιθείαν
2970 3004 3053 3059 καὶ
3078 3005 3164 3059 τὸν
3202 3007 3416 3079 κέραμον
3446 3006 3531 3059 τὸν
3559 3004 3611 3059 ἐκ
3649 3011 3735 3061 τοῦ
3772 3004 3865 3062 Ἱε-

2294 3093 2381 3161 ροῦ
2408 3088 2594 3159 χωρίου
2629 3086 2850 3159 (Polyb.
2884 3084 2943 3151 5,
2977 3084 3072 3152 52,
3114 3088 3204 3157 7).
3235 3084 3337 3139 Sed
3363 3103 3428 3139 ne
3469 3085 3538 3139 ab
3563 3103 3628 3139 eo
3653 3084 3868 3157 quidem

2294 3178 2532 3239 tempore
2555 3168 2760 3224 Fanum
2783 3182 2989 3239 semper
3010 3182 3170 3237 penes
3206 3166 3482 3236 Byzantios
3522 3164 3698 3221 suerit.
3729 3166 3866 3220 Nam

2292 3246 2562 3301 Strabonis
2589 3261 2699 3299 sevo
2728 3241 3104 3298 Clialoedonios
3135 3241 3192 3296 id
3217 3241 3509 3315 possedisse
3537 3261 3600 3297 ex
3631 3263 3694 3298 eo
3723 3244 3866 3299 colli-

2297 3344 2384 3397 gas
2412 3322 2559 3397 quod
2595 3322 2780 3377 Strabo
2809 3341 2864 3397 p.
2902 3322 3025 3386 543.
3067 3321 3188 3376 563.
3225 3322 3328 3393 319
3367 3322 3498 3376 dicit
3519 3323 3577 3376 τὸ
3615 3323 3744 3395 ἱερὸν
3769 3328 3866 3378 τῶν

2296 3406 2665 3476 Χαλκηδονίων,
2690 3404 2819 3459 dum
2843 3406 3164 3477 Europaeum
3191 3403 3374 3459 fanum
3403 3403 3624 3477 appellat
3651 3411 3746 3459 τῶν
3773 3405 3866 3458 Bu·-

2297 3486 2528 3549 ζαντίων.
3859 3487 3864 3492 ’

2371 3582 2424 3619 2.
2442 3568 2506 3618 In
2529 3565 2632 3619 hoc
2653 3562 2874 3618 deorum
2895 3560 3124 3633 catalago
3142 3561 3344 3634 Gyllius
3370 3562 3548 3616 omisit
3566 3560 3862 3629 Plutonem,

2295 3644 2364 3699 de
2407 3662 2504 3699 suo
2548 3643 2726 3698 intulit
2761 3644 3014 3711 Dianam,
3049 3642 3292 3697 Cererem
3334 3658 3442 3695 non
3486 3657 3582 3695 suo
3627 3640 3743 3696 loco
3769 3659 3866 3715 po-

2295 3724 2420 3777 suit.
2449 3720 2653 3777 Scilicet
2688 3736 2806 3791 quae
2832 3717 2900 3773 de
2929 3717 3028 3773 hae
3054 3718 3356 3790 κοινοὸωμίᾳ
3387 3718 3606 3773 Pontica
3633 3718 3827 3773 scimus
3845 3759 3862 3786 ,

2297 3801 2556 3857 debentur
2604 3799 2767 3855 schol.
2817 3797 3081 3871 Apollonii
3119 3796 3294 3852 Rhod.
3330 3814 3384 3864 2,
3427 3798 3550 3862 531,
3581 3798 3672 3869 qui
3717 3816 3810 3852 sua
3837 3816 3868 3852 e

2296 3880 2632 3936 Timosthene
2659 3878 2736 3933 vel
2762 3874 3041 3931 Herodoro
3071 3878 3278 3949 petiisse
3305 3874 3532 3929 videtur.
3565 3878 3645 3929 Ita
3665 3875 3858 3929 habet:

2297 3962 2594 4035 Τιμοσθένης
2617 3962 2670 4015 δέ
2706 3978 2824 4031 φησι
2845 3958 2956 4020 τοὺς
2988 3955 3074 4029 μὲν
3115 3956 3296 4028 Φρίξου
3332 3956 3513 4017 παῖδας
3549 3954 3745 4028 βωμοὺς
3776 3952 3868 4009 δὼ-

2297 4043 2413 4095 δεκα
2450 4040 2732 4113 ἱόρῦσιισθαι
2768 4043 2864 4091 τῶν
2894 4037 3015 4090 θεῶν
3034 4076 3050 4102 ,
3078 4035 3190 4098 τοὺς
3217 4034 3270 4088 δὲ
3304 4034 3624 4107 Ἀργοναύτας
3650 4038 3738 4087 τοῦ
3763 4034 3864 4088 llo·

2297 4122 2541 4184 σειδῶνος·
2580 4117 2859 4191 Ἡρόδωρος
2882 4115 2964 4183 δὲ,
2997 4114 3077 4169 ἐπὶ
3097 4118 3185 4169 τοῦ
3215 4115 3386 4187 βωμοῦ
3417 4115 3666 4168 τεθυκέναι
3699 4112 3770 4186 ἐφ’
3809 4109 3866 4167 οὗ

2299 4198 2468 4271 Ἄργος
2498 4198 2527 4251 ὁ
2547 4197 2726 4271 Φρίξου
2749 4196 2956 4252 ἐπανιὼν
2986 4192 3218 4249 ἓτεθῦκει.
3249 4192 3364 4248 Εἰσὶ
3393 4192 3446 4246 δὲ
3473 4191 3523 4246 οἱ
3545 4192 3737 4246 δώδεκα
3765 4192 3867 4247 θεοὶ

2297 4274 2434 4332 οὗτοι
2449 4296 2462 4309 ·
2501 4276 2613 4339 Ζεύς
2627 4316 2643 4343 ,
2673 4275 2940 4341 Ποσειδῶν,
2973 4271 3153 4347 ᾍδης,
3188 4271 3404 4345 Ἑρμῆς,
3439 4270 3740 4343 Ἥφαιστος,
3775 4270 3868 4341 Δη·

2298 4357 2477 4431 μήτηρ,
2513 4355 2700 4421 Ἑστία,
2727 4354 2885 4427 Ἄρης,
2919 4352 3198 4425 Ἀφροδίτη,
3229 4350 3436 4425 [Ἵῐρα]
3463 4350 3548 4404 καὶ
3580 4348 3774 4418 Ἀθηνᾶ.
3801 4350 3864 4401 In

2295 4436 2614 4492 scholiorum
2665 4432 2847 4505 codice
2901 4434 3256 4489 Laurentiano
3271 4472 3289 4498 ,
3341 4431 3670 4504 reliquorum
3719 4426 3865 4482 codi-

2295 4536 2446 4585 cum,
2488 4534 2621 4590 quos
2660 4514 2942 4580 habemns,
2986 4509 3163 4580 fonte,
3213 4512 3480 4566 omittitur
3511 4507 3666 4582 Ἦρα,
3706 4525 3864 4580 quam

2295 4598 2454 4653 ceteri
2492 4595 2562 4650 de
2604 4592 2904 4666 conjectura
2937 4602 3064 4665 post
3103 4608 3286 4645 vocem
3323 4589 3437 4652 Ζεύς
3465 4590 3722 4642 inserunt.
3752 4588 3866 4657 Ego

2287 4676 2442 4749 juxta
2482 4678 2668 4730 Jovem
2709 4673 2896 4745 reliqui
2935 4673 3269 4744 Neptunum,
3319 4679 3372 4721 et
3414 4670 3682 4721 sunonem
3707 4662 3864 4736 junxi

2295 4758 2563 4821 Minervae,
2583 4754 2832 4825 quoniam
2858 4752 3018 4807 etiam
3047 4752 3101 4804 iu
3125 4748 3413 4820 Olympicis
3437 4743 3718 4798 duodecim
3744 4740 3867 4798 deo-

2297 4851 2418 4888 rum
2434 4834 2538 4887 aris
2552 4834 2759 4905 Jupiter
2773 4830 3042 4904 σῦμὸωμον
3055 4829 3283 4884 habebat
3305 4829 3632 4899 Neptunum,
3654 4834 3708 4878 et
3720 4826 3753 4877 J
3755 4840 3863 4878 uno

2297 4914 2617 4979 Minervam3
2647 4928 2965 4983 quamquam
3002 4909 3057 4964 in
3085 4910 3267 4963 ceteris
3292 4906 3426 4961 ordo
3452 4904 3767 4977 Bosporieus
3794 4901 3861 4957 ab

2294 4993 2571 5067 Olympico
2594 4988 2805 5045 recedit.
2840 4987 2999 5060 Quod
3037 4990 3206 5042 Diana
3246 4987 3386 5040 inter
3411 5002 3515 5038 ara».
3535 4982 3664 5037 deos
3687 4982 3859 5036 locum

2297 5091 2404 5127 non
2449 5070 2702 5133 habebat,
2755 5070 2807 5123 id
2859 5071 3029 5141 ipsum
3071 5066 3287 5121 sortasse
3321 5066 3376 5118 in
3426 5080 3582 5117 causa
3630 5071 3744 5115 erat
3803 5073 3862 5116 ut

2292 5151 2552 5225 peculiare
2578 5148 2788 5220 aliquod
2831 5163 3038 5201 sacrum
3081 5145 3374 5207 obtineret,
3424 5142 3558 5195 adeo
3595 5151 3654 5195 ut
3690 5138 3859 5194 Ptole·

2295 5246 2456 5284 maeus
2483 5228 2553 5298 (5
2568 5268 2584 5294 ,
2618 5246 2667 5293 1,
2699 5232 2751 5293 ι)
2789 5228 2990 5279 Fanum
3019 5222 3274 5297 appellare
3309 5231 3485 5293 posset
3517 5217 3668 5290 Ἱερὸν
3705 5214 3858 5287 Ἀρτό-

639 5316 780 5374 hanc
812 5320 940 5374 Fani
976 5316 1393 5389 redemptionem
1420 5314 1559 5369 illam
1584 5315 1747 5387 ipsam
1774 5330 1883 5367 esse
1909 5330 2066 5384 quam
2106 5313 2207 5365 Po·
2296 5310 2451 5381 μιδος.
2491 5305 2577 5364 Ad
2615 5323 2728 5361 aias
2767 5322 2931 5379 prope
2971 5302 3226 5375 templum
3269 5302 3464 5373 positas
3503 5308 3736 5369 spectare
3780 5295 3858 5348 vi·

641 5395 815 5471 lybius
848 5400 935 5468 (4,
968 5399 1055 5466 50,
1087 5414 1122 5451 a
1137 5393 1161 5463 )
1182 5397 1374 5464 innuit,
1404 5396 1547 5449 aiens
1572 5392 1809 5448 Prusiam
1839 5396 1923 5460 (c.
1948 5409 2038 5448 an.
2061 5406 2159 5445 221
2184 5392 2208 5462 )
2294 5389 2450 5443 detur
2488 5404 2678 5441 nomen
2701 5384 2869 5439 Estc'oe
2891 5381 3028 5459 apud
3054 5381 3281 5437 Plinium
3319 5379 3439 5434 ioco
3465 5395 3624 5450 supra
3649 5372 3878 5431 laudato·
