4584 6284
613 507 704 586 ιι]

615 635 752 697 128.
799 633 1116 694 Κικόνων
1154 630 1235 714 (1)
1269 633 1368 711 (l'r.
1402 631 1533 714 64);
1583 648 1620 693 e
1663 628 1914 710 regione
1941 627 2164 709 Anapli

925 719 1113 783 situm
1157 727 1293 782 erat
1335 736 1464 782 sec.
1511 717 1710 782 schol.
1761 718 2007 798 Dionys,
2052 717 2160 778 Pe·

929 806 1080 885 rieg.
1114 810 1253 870 143.
1289 805 1658 869 Accuratius
1693 805 1878 868 situm
1920 803 2041 866 loci
2071 801 2168 864 di-

924 911 1068 956 cere
1097 910 1226 955 non
1257 891 1483 955 habeo.

615 982 750 1044 129.
796 979 1202 1051 Ῥοιζοῢσαι
1225 981 1622 1063 ἄκραι,φιω
1647 981 2166 1042 vocanturDt'scm

927 1070 1124 1147 major
1171 1073 1234 1131 et
1280 1071 1498 1130 Discus
1539 1075 1767 1143 mium,-
1811 1067 1982 1148 prius
2028 1083 2169 1146 pro-

930 1157 1316 1221 montorium
1338 1157 1526 1220 situm
1549 1157 1626 1220 ad
1649 1156 1796 1221 hod.
1817 1157 2160 1236 Beylerbeq,

928 1245 1210 1309 alterum·
1247 1244 1416 1310 Gillii
1466 1251 1644 1314 aetate
1691 1246 2166 1308 Tamborlianum

929 1332 1290 1412 vocabatur,
1327 1352 1496 1397 nunc
1541 1333 2156 1396 Tambour-bournou.

612 1427 750 1488 130.
796 1420 1194 1503 Chrysopolis
1221 1420 1330 1503 (fr.
1367 1423 1502 1503 65);
1528 1420 1678 1484 hod.
1703 1423 1964 1485 Skutari.

611 1516 750 1575 131.
801 1515 968 1579 Βοῦς
1025 1509 1694 1591 promontorium,
1743 1507 1807 1570 in
1853 1526 1984 1592 ,qno
2043 1509 2162 1570 Da-

930 1596 1114 1661 malis
1161 1603 1362 1661 statua
1413 1597 1511 1682 (fr.
1546 1597 1683 1681 66);
1717 1614 1915 1679 prom.
1949 1595 2010 1658 in
2041 1613 2163 1676 quo

933 1689 1186 1751 Skutari
1213 1687 1384 1750 urbS.

615 1776 753 1840 132.
802 1775 1430 1854 Hermagoraevel
1460 1769 1966 1854 Heragorae(2)
1997 1772 2165 1833 fons

931 1868 994 1925 et
1016 1862 1332 1926 Eunosti
1362 1862 1686 1925 heroum
1724 1861 1816 1944 (rr.
1848 1862 1971 1942 67).
2003 1861 2166 1922 Fons

927 1949 1042 2013 iste
1095 1957 1292 2014 exstat
1340 1951 1406 2014 in
1448 1969 1558 2014 ora
1611 1949 1921 2013 maritima
1969 1965 2165 2028 prope

933 2039 1699 2119 Haider-paclea-isltelessi.

613 2119 750 2182 133.
795 2116 871 2178 Fl
883 2116 1054 2180 uviu
1069 2136 1098 2180 s
1118 2117 1182 2180 in
1199 2135 1424 2201 campo
1443 2117 2075 2199 (AirIiIc-tche0hm033i
2088 2111 2160 2189 .').

613 2204 752 2265 134.
799 2203 1122 2267 Veneris
1175 2205 1591 2287 templum3
1632 2211 1846 2288 postea
1902 2201 1990 2267 ibi
2045 2204 2164 2264 Eu·

935 2292 1204 2372 phemiae
1233 2294 1502 2358 ecclesia
1529 2293 1596 2357 in
1621 2295 1927 2356 Καάί-Ιεοί.

613 2381 750 2446 135.
797 2377 1149 2442 Chalcedon
1196 2380 1261 2444 fl.
1316 2390 1379 2444 et
1403 2381 1588 2459 urbs,
1642 2381 1705 2443 in
1753 2379 2002 2460 regione
2052 2378 2166 2442 ho-

930 2466 1133 2531 dierni
1144 2470 1452 2532 [adi-leot.
1473 2469 1721 2534 Fluvius
1735 2486 1899 2533 nunc
1913 2471 2164 2531 vocatur

931 2556 1368 2635 &trosly-Son.

692 2641 975 2704 Ceterum
1001 2642 1275 2724 amplam
1298 2643 1562 2724 Bospori
1583 2641 1854 2706 tabulam
1874 2640 2161 2703 dabimus

611 2727 677 2791 in
713 2731 895 2794 tertio
941 2730 1452 2813 Geographorum
1503 2728 1817 2793 volumine
1848 2726 2159 2791 itineraria

609 2818 837 2901 scripta
881 2827 942 2882 et
969 2819 1138 2900 picta
1169 2817 1548 2883 continente.

1116 3131 1340 3192 PETRI
1381 3130 1632 3194 GYLLII

1040 3307 1120 3352 An
1161 3307 1394 3354 unum(
1431 3308 1726 3354 EPISTOLA.

647 3446 1006 3529 (Burmanni
1049 3447 1301 3528 Sylloge
1339 3447 1782 3528 Epistolarum.
1826 3451 2001 3511 Tom.
2047 3401 2119 3523 11,

900 3553 963 3617 p.
995 3537 1147 3609 2323
1179 3535 1462 3615 Lugdun.
1503 3535 1636 3599 Bat.
1671 3538 1869 3612 1727.)

685 3625 1022 3706 Postquam
1053 3621 1422 3685 Franciscns
1445 3640 1559 3686 rex
1586 3640 1690 3686 me
1719 3623 1888 3705 prius
1916 3623 2166 3706 reliquit

607 3817 1134 3954 ηροόχοωκςξῆωοορὶἰ
1174 3819 1313 3870 recte
1345 3831 1634 3884 componere
1666 3831 1782 3871 cum
1823 3820 2081 3885 ῥοιζούσαις
2116 3820 2166 3869 οἳ·

607 3909 740 3958 xpus<
755 3891 882 3942 Dion
940 3889 954 3902 ⁸
976 3926 991 3941 .

670 3959 741 4026 (1)
769 3959 899 4012 Dicit
921 3958 1186 4024 Dionysius
1212 3960 1276 4011 fr.
1306 3964 1405 4014 αι
1442 3964 1713 4014 ciconiam
1736 3964 2068 4014 nominatum
2095 3961 2162 4015 ab

609 4043 822 4083 excessu
847 4029 1062 4082 malitia
1098 4030 1398 4082 incolarum
1406 4049 1428 4099 ‚-
1471 4032 1724 4084 seditione
1756 4034 1896 4082 enim
1928 4031 2162 4084 violenta

606 4103 770 4167 pressi
787 4097 1113 4151 exciderunt.
1127 4101 1354 4151 Fortasse
1371 4099 1522 4166 igitur
1533 4093 1710 4153 ndmen
1722 4099 1925 4153 deduxit
1937 4114 1969 4152 a
1981 4103 2160 4165 κίκκος,

606 4169 745 4236 qnod
759 4168 1072 4231 vocabulum,
1087 4171 1216 4221 teste
1229 4169 1491 4233 Hesychia,
1521 4174 1573 4222 et
1592 4173 1871 4234 ἀλεκτρυόνα
1888 4173 1940 4223 et
1959 4173 2162 4232 κλέπτην

605 4239 860 4307 significu-
882 4238 1128 4291 seditione
1153 4239 1300 4290 etiam
1319 4239 1547 4304 orpheus
1563 4240 1713 4293 cicon
1725 4239 1924 4305 perlisse
1936 4242 2163 4291 nsi-ratur

606 4323 686 4376 ap.
716 4309 938 4362 strabon.
967 4313 1016 4372 7,
1050 4309 1111 4359 tr.
1134 4312 1257 4361 18et
1283 4311 1596 4361 Eustathium
1616 4310 1682 4362 ad
1707 4309 1846 4362 Iliad.
1883 4324 1934 4374 p.
1967 4315 2076 4372 299,
2095 4314 2158 4362 7ε

607 4378 1061 4444 ὁΚίιιφνὈρφὼς...
1077 4379 1295 4442 διεφθάρη
1315 4381 1362 4437 ἐξ
1387 4381 1757 4438 intervertissent.
1778 4381 2008 4431 Ceterum
2025 4379 2162 4430 2226-

605 4463 728 4499 νεων
753 4446 899 4499 etiam
919 4450 1174 4499 ciconiam
1198 4447 1379 4500 dixisse
1404 4448 1650 4511 videntur,
1668 4448 1910 4514 siquidem
1937 4448 2116 4500 Suldas
2144 4469 2158 4500 ε

607 4517 861 4580 antemnae,
884 4519 1055 4583 ὄρνεον.
1091 4521 1166 4570 De
1197 4519 1495 4571 ciconiarum
1513 4522 1682 4572 nutem
1706 4519 1892 4572 malitia
1908 4519 2161 4571 historiam

607 4591 776 4640 narrat
790 4587 1064 4652 Hesychius
1081 4589 1236 4640 Miles.
1270 4603 1317 4654 p.
1343 4595 1448 4642 150.
1469 4589 1660 4642 Etenim
1687 4589 1884 4641 ciconio
1899 4593 2160 4655 postquam

607 4657 868 4723 Byzantios
903 4672 936 4711 a
974 4659 1283 4725 serpentibus
1322 4659 1587 4712 liberarant
1601 4697 1616 4722 ‚
1647 4674 1760 4712 mox
1811 4661 1930 4725 ipsae
1970 4661 2162 4712 civibus

605 4731 797 4783 ἐναντία
830 4737 1008 4797 φρονεῖν
1039 4733 1118 4781 ut
1146 4731 1356 4782 θανάτων
1393 4733 1545 4783 αἰτίαν
1587 4732 1775 4794 ἐπάγειν
1805 4735 2059 4797 coeperunt
2099 4745 2160 4782 eo

605 4800 746 4867 qnod
770 4805 1020 4867 serpentes
1035 4801 1088 4854 in
1113 4802 1350 4854 cisternas
1361 4801 1969 4867 jaculabanturetcivibus
2003 4801 2052 4854 iu
2067 4801 2160 4852 viis

603 4871 817 4936 publicis
847 4871 1126 4924 clanculum
1149 4871 1440 4938 injiciebant.
1463 4876 1574 4931 Qua
1603 4872 1876 4924 calamitate
1903 4873 2160 4937 Byzantios

604 4943 834 4997 liberavit
847 4944 1132 5010 Apollonius
1148 4947 1387 5009 Tyaneus.
1403 4948 1452 4995 ls
1463 4944 1594 4996 enim
1608 4947 1712 4995 tres
1733 4944 1940 4996 ciconias
1959 4958 1986 4996 e
1999 4944 2160 5010 lapide

605 5015 764 5067 lactas
786 5015 856 5068 ita
871 5015 1037 5081 posuit
1053 5018 1113 5068 ut
1130 5016 1350 5067 obversa
1361 5015 1505 5080 facte
1523 5016 1710 5065 mutuo
1732 5027 1787 5064 se
1813 5013 2154 5078 adspicerent.

604 5089 719 5144 Quo
743 5087 876 5138 racto
899 5087 1035 5137 nulla
1059 5085 1270 5150 amplius
1295 5085 1482 5137 ciconia
1507 5085 1560 5135 in
1595 5083 1768 5136 urbem
1803 5083 2047 5136 involavit.
2077 5086 2156 5136 Cf.

602 5157 810 5208 Tzetzos
837 5155 961 5208 cml.
991 5163 1039 5219 2,
1060 5162 1149 5214 ὕοι
1175 5155 1432 5221 Nicephor.
1457 5156 1578 5207 Call.
1615 5158 1665 5216 3,
1689 5159 1763 5205 11.

664 5226 736 5290 (2)
761 5229 820 5278 ln
842 5227 1055 5279 editione
1081 5227 1296 5292 principe
1329 5227 1478 5278 modo
1519 5229 1800 5290 Herayoroe
1839 5225 1984 5278 modo
2023 5230 2159 5279 Her-

603 5309 832 5364 mayoroe
855 5301 1034 5352 exstat.
1055 5296 1189 5358 Quid
1205 5298 1270 5350 sit
1286 5299 1471 5351 rectius
1497 5311 1591 5350 non
1621 5300 1824 5350 constat.

1917 497 2330 560 PROLEGOM
2342 497 2493 556 ENA

2254 643 2439 707 quam
2470 622 2548 688 ad
2579 623 2738 686 ullos
2767 624 2900 703 ejus
2924 643 3215 688 nummos
3256 627 3559 690 venissem
3579 675 3596 702 ‚
3641 648 3799 712 quo·

2255 732 2395 776 rum
2423 730 2533 794 spe
2560 730 2850 775 veneram
2880 713 2944 775 in
2969 714 3274 778 Graeciam
3302 715 3382 778 ad
3404 716 3654 781 codices
3685 737 3796 782 an-

2252 801 2459 882 tiquos
2502 800 2955 881 investigandos
2999 820 3072 865 ac
3114 803 3302 865 etiam
3342 804 3546 868 obiter
3580 807 3656 869 ad
3686 825 3798 870 co·-

2255 889 2595 968 gnitionem
2625 887 2899 953 historiae
2926 889 3247 968 naturaliS,
3278 890 3457 954 binas
3484 892 3691 956 literas
3717 895 3795 958 ad

2252 981 2345 1052 te,
2378 976 2637 1040 alteram
2664 975 2746 1038 ad
2786 974 3170 1040 Cardinalem
3218 985 3501 1040 nostrum
3540 982 3792 1063 scripsi,

2254 1063 2483 1144 quibus
2510 1063 2780 1128 conabar
2800 1062 2913 1126 tibi
2932 1081 3225 1128 renovare
3240 1066 3607 1130 memoriam
3632 1069 3799 1133 Gillii

2253 1152 2476 1216 veteris
2504 1151 2623 1227 tui,
2656 1151 2931 1216 dicerem
2950 1198 2966 1228 ,
2998 1153 3397 1233 congerronis
3419 1200 3436 1234 ,
3467 1155 3587 1218 nisi
3628 1175 3801 1219 sum-

2257 1258 2397 1302 mus
2440 1240 2544 1303 ille
2584 1245 2724 1304 tuus
2778 1239 3005 1321 gradus
3044 1241 3302 1306 verbum
3346 1242 3469 1307 hoc
3504 1245 3635 1324 jam
3673 1265 3800 1309 non

2253 1332 2633 1410 agnosceret,
2655 1329 2881 1392 timens
2902 1347 2981 1391 ne
3007 1329 3193 1411 longa
3218 1337 3281 1392 et
3300 1331 3639 1414 longinqua
3660 1351 3799 1414 per-

2252 1436 2399 1499 egre
2442 1417 2824 1499 profectione
2865 1436 2941 1482 ex
2968 1427 3173 1481 mente
3206 1427 3306 1482 tua
3342 1421 3598 1484 omnino
3633 1423 3804 1486 exci-

2255 1507 2477 1570 derim.
2506 1507 2645 1568 Jam
2688 1522 2834 1567 vero
2878 1504 3238 1587 longissime
3284 1507 3559 1586 gentium
3601 1509 3801 1574 abdu-

2253 1603 2391 1659 ctus
2405 1641 2423 1675 ,
2450 1613 2521 1658 ea
2549 1600 2727 1659 aetate
2749 1603 2918 1679 tyro,
2944 1595 3009 1658 in
3031 1595 3269 1660 bellum
3292 1597 3613 1662 Persicum
3631 1647 3648 1674 ,
3676 1620 3801 1684 qua

2249 1683 2520 1748 veterani
2539 1682 2802 1746 emereri
2830 1683 3053 1758 solent,
3074 1701 3329 1748 necesse
3348 1683 3553 1748 habeo
3572 1685 3799 1750 iterum

2253 1771 2367 1835 tibi
2391 1771 2754 1836 nonnullam
2783 1770 3283 1835 recordationem
3302 1773 3424 1836 mei
3442 1791 3798 1856 suggerere,

2255 1878 2379 1941 qua
2422 1858 2756 1935 incolumi,
2791 1858 3070 1923 nondum
3114 1859 3379 1944 despero
3422 1861 3639 1924 nidum
3689 1863 3807 1926 ali-

2255 1965 2440 2030 quem
2471 1946 2805 2011 senectutis
2827 1965 2987 2010 meae
3010 1948 3254 2031 assequi
3287 1967 3391 2013 me
3422 1968 3627 2029 posse.
3660 1953 3799 2014 ‚lam

2253 2055 2451 2099 annus
2500 2040 2624 2111 est,
2668 2053 2811 2100 cum
2863 2035 2927 2098 in
2970 2036 3229 2100 Galliam
3276 2038 3545 2100 maxime
3595 2039 3802 2104 redire

2251 2123 2547 2203 conabar,
2581 2123 2631 2186 si
2672 2124 2915 2188 nummi
2946 2143 3021 2188 ex
3064 2125 3412 2189 sacerdotio
3456 2145 3600 2191 meo
3644 2131 3801 2193 mihi

2227 2213 2375 2275 hoc
2410 2218 2690 2292 tempore
2738 2211 3145 2290 affulsissent,
3176 2215 3541 2299 priusquam
3582 2236 3801 2282 eorum

2253 2299 2681 2383 desperatione
2738 2299 3075 2380 adductuS,
3125 2301 3439 2382 profectus
3490 2323 3689 2368 essem
3738 2307 3800 2368 in

2255 2386 2491 2451 Soltani
2555 2389 2873 2467 solymani
2926 2389 3117 2450 Pacta·
3183 2390 3671 2471 expeditionem,
3723 2413 3800 2457 ne

2249 2474 2525 2557 Byzantii
2572 2474 2637 2537 in
2676 2475 2972 2556 languore
3017 2475 3407 2550 desiderem,
3442 2480 3800 2544 nummulos

2249 2577 2423 2622 meos
2451 2567 2812 2640 exspectans
2840 2560 2969 2624 diu.
3002 2563 3089 2624 De
3120 2580 3246 2643 qua
3271 2562 3530 2645 quidem
3552 2567 3801 2649 expedi-

2247 2647 2415 2711 tione
2444 2653 2509 2710 et
2530 2647 2609 2710 de
2637 2653 2767 2710 toto
2797 2646 3019 2711 itinere
3048 2657 3261 2712 nostro
3299 2649 3699 2717 informarem
3739 2664 3801 2720 te

2247 2753 2473 2816 magno
2518 2735 2863 2811 volumine,
2898 2736 3016 2798 nisi
3064 2736 3476 2819 prius·visere
3505 2759 3799 2823 cuperem

2247 2825 2582 2904 AEgyptum
2612 2840 2814 2906 usque
2840 2822 2919 2886 ad
2963 2823 3133 2887 sinus
3163 2824 3411 2888 Arabici
3446 2829 3798 2908 proximum

2248 2917 2528 2994 portum,
2563 2927 2753 2992 quem
2778 2912 2915 2991 jam
2945 2913 3259 2995 appellant
3296 2915 3481 2992 SueS,
3514 2917 3665 2980 olim
3693 2923 3803 2982 Ar-

2250 2999 2502 3072 sinoen;
2547 3016 2670 3079 qua
2718 3007 3043 3081 peragrata
3089 3008 3154 3063 et
3199 3008 3263 3064 te
3308 3009 3371 3066 et
3412 3005 3799 3071 Cardinalem

2257 3085 2733 3166 Armagniacum
2778 3085 3161 3165 informabo,
3194 3087 3497 3154 mediocri
3544 3095 3799 3175 quidem

2252 3174 2529 3255 ingenio,
2565 3171 2675 3236 sed
2703 3191 2931 3253 magno
2952 3174 3266 3239 volumine
3285 3223 3300 3251 ,
3328 3177 3406 3241 de
3428 3185 3559 3242 toto
3584 3181 3803 3248 itinere

2254 3260 2633 3337 nostro,·ubi
2664 3259 2912 3326 rediero
2940 3261 3321 3343 Byzantium.
3354 3267 3430 3327 Et
3466 3287 3545 3331 ne
3590 3272 3802 3335 charta

2253 3348 2391 3412 haec
2416 3366 2607 3411 vacua
2635 3349 2747 3422 sit,
2782 3346 3004 3411 addam
3032 3350 3271 3413 itineris
3299 3371 3629 3419 summam.

2331 3438 2384 3497 A
2420 3435 2845 3510 Chalcedone,
2886 3437 3087 3518 posita
3125 3437 3189 3498 in
3232 3439 3511 3503 faucibus
3542 3445 3801 3526 Bospori

2223 3538 2228 3542 ·
2251 3522 2566 3604 Byzantini
2580 3569 2597 3600 ‚
2617 3527 2696 3586 ad
2713 3524 3038 3586 Tauricam
3062 3524 3285 3587 urbem
3306 3535 3573 3607 quatuor
3590 3531 3802 3597 decies

2254 3611 2451 3675 millia
2491 3618 2750 3676 centena
2778 3631 3075 3696 passuum
3125 3613 3421 3696 fecimus,
3454 3637 3579 3682 non
3609 3622 3801 3687 modo

2253 3699 2679 3764 dimensorum
2710 3701 3034 3766 Ptolemaei
3057 3701 3548 3786 longitudinibus
3576 3715 3640 3772 et
3663 3709 3803 3774 lati-

2252 3787 2594 3867 tudinibus,
2608 3787 2719 3852 sed
2733 3788 2921 3852 etiam
2942 3789 3227 3873 passibus
3248 3795 3507 3858 nostris:
3527 3797 3801 3878 primum

2253 3895 2367 3959 per
2388 3876 2769 3959 Bithyniam,
2796 3878 2863 3940 in
2908 3897 3033 3961 qua
3060 3879 3346 3943 -vidimus
3391 3881 3795 3966 Diacybicen,

2254 3983 2396 4046 quae
2443 3965 2596 4028 olim
2631 3965 2886 4047 Libyssa
2936 3967 3387 4050 appellabatur,
3439 3973 3803 4040 Hannibalis

2253 4051 2639 4135 sepulcrum;
2670 4055 2885 4134 postea
2910 4053 3265 4132 Panticum‚
3294 4059 3475 4137 cujus
3514 4063 3804 4128 meminit

2254 4137 2601 4201 Antoninus
2617 4137 2763 4200 Pius
2787 4138 3033 4221 (lump.
3054 4139 3215 4224 139),
3248 4149 3312 4205 et
3337 4144 3799 4228 Helenopolim,

2251 4225 2431 4304 cujiis
2486 4224 2826 4312 Procopius
2889 4227 3002 4307 (De
3052 4227 3217 4307 aedsjl.
3274 4250 3336 4312 p.
3388 4235 3500 4295 311
3550 4255 3643 4316 sq.
3694 4238 3797 4299 ed.

2251 4309 2491 4392 Boram),
2509 4311 2868 4393 Characem,
2886 4314 2985 4392 cuj
2993 4333 3066 4376 us
3085 4315 3434 4398 Stephanus
3452 4321 3527 4396 (v.
3557 4323 3796 4402 Χάραξ);

2253 4396 2479 4460 deinde
2505 4397 2937 4462 Nicomediam
2962 4406 3026 4463 et
3053 4401 3261 4465 lacum
3294 4421 3484 4486 supra
3511 4407 3803 4472 Nicome-

2252 4484 2437 4556 diam,
2449 4484 2527 4549 de
2539 4504 2665 4568 quo
2677 4485 2934 4563 Plinius,
2950 4506 3139 4569 quem
3152 4489 3307 4553 falso
3318 4491 3573 4574 quidam
3588 4501 3803 4574 putant

2252 4573 2586 4636 Ascanium
2602 4619 2619 4653 ,
2639 4593 2781 4636 cum
2801 4574 2905 4636 hic
2928 4575 3008 4637 sit
3031 4577 3206 4654 iuxta
3232 4577 3506 4643 Nicaeam
3526 4629 3541 4656 ‚
3569 4583 3801 4648 distans

2249 4663 2331 4726 ab
2364 4662 2471 4726 illo
2502 4662 2769 4744 amplius
2797 4670 3047 4727 centum
3079 4665 3249 4728 mille
3274 4668 3588 4748 passibuS,
3623 4673 3801 4750 cujus

2249 4750 2472 4815 fluvius
2515 4749 2717 4813 influit
2760 4751 2825 4813 in
2854 4751 3326 4832 Propontidem,
3361 4752 3529 4817 illius
3564 4775 3707 4821 vero
3738 4757 3801 4820 in

2251 4840 2533 4920 Zagarim
2554 4847 2616 4902 et
2640 4838 2867 4902 deinde
2888 4839 2963 4902 in·
2976 4843 3243 4904 Pontum
3262 4842 3591 4904 Euxinum.
3620 4844 3804 4908 Juxta

2251 4929 2420 4992 hunc
2450 4928 2657 4992 locum
2698 4929 3031 4992 Justiniani
3078 4935 3331 5010 pontem
3361 4930 3666 5007 vidimuS,
3701 4951 3801 4997 ce-

2250 5016 2555 5079 lebratum
2571 5017 2877 5096 Procopio
2900 5022 2962 5079 et
2982 5017 3227 5096 Agathii
3247 5019 3801 5099 epigrammatibus

2249 5103 2457 5167 adhuc
2503 5103 2723 5166 excisis
2755 5103 2819 5167 in
2873 5113 3061 5186 ponte
3092 5106 3473 5168 exstantibus
3521 5110 3585 5168 et
3613 5107 3800 5170 ctiam

2253 5192 2319 5254 in
2345 5191 2676 5273 Florilegio
2702 5192 3231 5274 Epigrammatum
3260 5192 3430 5257 edito
3467 5195 3531 5255 in
3555 5195 3795 5274 vulgus

2252 5284 2590 5364 Postquam
2630 5281 2891 5363 ingressi
2940 5300 3155 5345 sumus
3201 5282 3263 5345 in
3312 5282 3641 5364 Phrygiam
3689 5303 3801 5349 sen
