4584 6284
719 479 835 530 53⁴

1948 472 2048 531 CH
2058 472 2358 534 RESTOM
2363 474 2546 535 Ari-11
2559 477 2628 535 Ε

709 600 855 669 ἐλπὶς
897 600 987 660 καὶ
1042 576 1285 680 ἠπὲίρους
1337 598 1458 665 ὅλας
1512 597 1845 659 ἀναδίδοσθαι
1893 600 2124 661 κάτωθεν
2172 604 2261 663 καὶ
2349 606 2512 660 Statui
2529 607 2689 677 igitur
2702 618 2872 680 potest
2884 611 3036 664 etiam
3057 621 3190 666 totas
3207 616 3531 671 continentes
3547 622 3893 690 posseeximo

707 690 869 757 ἄλλας
924 688 1210 756 συνιζάνειν
1268 685 1417 745 κάτω
1468 687 1875 767 ἀφανιζομένοις·
1926 688 2055 770 ὅπερ
2096 690 2183 748 καὶ
2222 696 2256 763 ἡ
2345 691 2518 745 efferri
2547 692 2776 765 aliasque
2797 695 2852 748 in
2873 696 3196 768 profundum
3215 700 3539 756 subsidentes
3559 722 3885 773 evanescere3

705 776 966 843 Ἀτλαντὶς
1010 775 1155 855 παρὰ
1200 775 1449 836 Πλάτωνι
1480 778 1633 847 νῆσος
1659 782 1844 837 παθεῖν
1872 779 2143 859 ἱστόρηται
2168 782 2256 840 καὶ
2344 776 2399 829 id
2430 778 2577 849 quod
2621 780 2844 834 Atlanffl
2871 782 3012 853 apud
3051 782 3318 839 Platonem
3359 787 3524 841 insula
3557 807 3706 861 passa
3734 791 3890 847 fuisso

702 868 876 945 Βοῦρα
906 864 1027 945 περὶ
1053 864 1147 936 τὴν
1174 861 1434 924 Ἑλλάδα.

776 973 850 1013 aa.
894 948 1025 1014 Ὅτι
1052 958 1143 1011 τοῦ
1186 950 1303 1018 τοὺς
1331 951 1567 1031 εὗρίπους
1604 942 1737 1011 εἶναι
1766 950 1974 1035 ῥοώδεις
2020 957 2115 1015 οὐκ
2148 956 2255 1017 ἔστι

697 1042 795 1118 μία
830 1042 1005 1100 αἰτία·
1035 1043 1063 1099 ὁ
1088 1041 1183 1117 μὲν
1211 1038 1313 1118 γὰρ
1348 1037 1618 1107 Σικελικὸς
1651 1038 1761 1109 δὶς,
1794 1042 1823 1097 ὁ
1852 1040 1906 1100 δὲ
1943 1042 2255 1110 Χαλκιδικὸς

694 1129 909 1195 ἑπτάκις
927 1173 945 1205 ,
970 1132 999 1187 ὁ
1028 1128 1082 1187 δὲ
1116 1127 1255 1187 κατὰ
1286 1127 1566 1195 Βυζάντιον
1600 1127 1707 1186 οὐδ’
1730 1127 1861 1195 ὅλως
1889 1130 2245 1206 παλιννοστεῖ,

694 1218 811 1274 ἀλλ’
840 1218 923 1277 ἀεὶ
953 1216 1059 1275 ἀπὸ
1087 1220 1178 1275 τοῦ
1204 1214 1407 1276 Πόντου
1438 1218 1513 1296 ῥεῖ
1544 1217 1615 1284 εἰς
1640 1214 1859 1291 δυσμάς.

770 1326 843 1364 ιο.
890 1301 1020 1365 “Οτι
1048 1308 1083 1375 ἠ
1112 1306 1167 1363 ἐν
1212 1306 1289 1382 τῷ
1336 1306 1491 1383 μυχῷ
1540 1310 1630 1363 τοῦ
1680 1302 1859 1364 Ἰονίου
1897 1303 2097 1385 Ἰστρία
2147 1305 2249 1364 ἀπὸ

690 1398 782 1451 τοῦ
810 1390 1023 1473 Ἴστρου
1070 1398 1311 1467 ποταμοῦ
1338 1390 1638 1467 ὠνομάσθαι
1666 1392 1907 1469 λέγεται,
1942 1398 2001 1452 ἐκ
2034 1398 2125 1452 τοῦ
2154 1416 2249 1469 με·

687 1479 855 1557 γάλου
885 1478 1094 1559 Ἴστρου
1140 1478 1589 1559 ἀποσχιζομένου,
1620 1478 1691 1544 ὥς
1716 1478 1849 1547 τινές
1894 1501 2072 1560 φασιν·
2114 1478 2249 1540 ἀλλὰ

686 1567 780 1627 καὶ
810 1567 899 1627 τὸν
930 1567 1143 1627 Ἰάσονα
1186 1569 1234 1626 οἱ
1272 1572 1423 1644 μῦθοι
1469 1569 1529 1627 ἐκ
1560 1572 1655 1627 τοῦ
1704 1565 1907 1627 Πόντου
1943 1569 2031 1627 διὰ
2067 1569 2247 1629 τούτου

686 1660 780 1715 τοῦ
844 1660 1083 1733 ποταμοῦ
1140 1653 1407 1733 ἐξάγουσιν
1458 1657 1529 1722 εἰς
1599 1654 1694 1727 τὴν
1756 1654 2075 1727 Ἑλληνικὴν
2145 1655 2248 1715 θά-

686 1744 911 1805 λασσαν.

762 1853 841 1893 ει.
884 1830 1016 1895 Ὅτι
1045 1832 1193 1914 [ἀνὰ]
1234 1831 1394 1911 μέσον
1422 1831 1605 1913 Θήρας
1644 1831 1735 1891 καὶ
1772 1832 2046 1916 Θηρασίας
2088 1835 2244 1894 ἐκπε-

684 1928 869 1983 σοῦσαι
907 1924 1091 2004 φλόγες
1129 1924 1192 1981 ἐκ
1228 1925 1319 1981 τοῦ
1346 1920 1604 1997 πελάγους
1633 1922 1715 2003 ἐφ’
1739 1920 1938 2002 ἡμέρας
1966 1921 2243 2004 τέτταρας,

681 2008 819 2072 ὥστε
847 2020 1023 2073 πᾶσαν
1050 2015 1157 2081 ζεῖν
1186 2009 1278 2069 καὶ
1308 2008 1587 2090 φλέγεσθαι
1614 2007 1710 2082 τὴν
1740 2010 2025 2090 θάλατταν,
2051 2012 2240 2093 ἀνεφύ-

682 2123 853 2174 σησαν
883 2102 1005 2161 κατ’
1035 2098 1207 2178 ὀλίγον
1235 2096 1592 2178 ἔξαιρομένην,
1619 2102 1689 2166 ὡς
1721 2096 1785 2157 ἂν
1807 2101 2125 2182 ὀργανικῶς,
2151 2101 2237 2161 καὶ

680 2189 1052 2268 συντιθεμένην
1082 2190 1143 2249 ἐκ
1170 2187 1379 2271 μύδρων
1408 2194 1586 2263 νῆσον,
1618 2186 1839 2269 ἔχουσαν
1877 2186 2075 2249 δώδεκα
2103 2212 2241 2250 στα-

679 2279 803 2339 δίων
831 2277 929 2351 τὴν
957 2277 1290 2359 περίμετρον.
1350 2284 1359 2294 “

754 2388 833 2431 ⁴2.
877 2366 1038 2445 Ὅτι,
1065 2371 1284 2444 σεισμοῦ
1310 2366 1585 2445 γενομένω
1611 2364 1885 2445 μεγίστου,
1908 2369 2004 2439 τῆς
2040 2389 2097 2426 τε
2140 2370 2235 2429 Σι-

674 2456 833 2524 δῶνος
859 2454 926 2517 τὰ
964 2456 1055 2514 δύο
1090 2454 1227 2535 μέρη
1256 2454 1590 2535 κατεστράφη
1622 2454 1712 2514 καὶ
1755 2453 1907 2533 ἑτέρα
1946 2454 2093 2523 πόλις
2138 2455 2233 2530 ὅλη

671 2545 895 2616 πλησίον
935 2546 1127 2621 αὐτῆς,
1157 2542 1250 2602 καὶ
1296 2540 1525 2609 Εὗὸοίας
1552 2546 1586 2614 ἡ
1620 2544 1673 2601 ἓν
1703 2540 1920 2621 Εὐρίπῳ
1956 2541 2233 2624 Ἀρίθουσα

668 2636 835 2713 κρήνη
884 2628 1232 2705 ἀπετυφλὼθη
1280 2629 1371 2688 καὶ
1419 2630 1478 2688 οὗ
1527 2628 1777 2709 πρότερον
1826 2626 2026 2689 ἔπαυσε
2042 2674 2060 2707 ,
2105 2631 2230 2713 πρὶν

664 2719 852 2801 χάσμα
886 2718 1024 2798 με’γα
1050 2716 1173 2797 περὶ
1216 2717 1275 2777 τὸ
1302 2716 1593 2789 Ληλάντιον
1624 2715 1801 2775 πεδίον
1827 2713 2033 2793 γεγονὸς
2060 2717 2231 2785 πηλοῦ

664 2805 916 2887 διαπύρου
938 2804 1179 2881 ποταμὸν
1198 2802 1417 2883 ίξήρασε
1432 2826 1448 2842 ·
1467 2803 1588 2863 τότε
1614 2802 1669 2863 δὲ
1695 2802 1786 2862 καὶ
1812 2806 1908 2875 τῆς
1929 2800 2227 2880 Ἀρεθούσης

665 2897 721 2955 αἱ
749 2893 922 2971 πηγαὶ
950 2893 1108 2953 πάλιν
1132 2891 1475 2965 ἅνεδόθησαν.

739 3002 817 3043 48.
837 2979 967 3043 Ὅτι
988 2980 1153 3059 πάλιν
1176 2980 1295 3059 περὶ
1317 2979 1518 3039 Λυδίαν
1544 2978 1638 3037 καὶ
1663 2978 1868 3039 Ἰωνίαν
1893 2980 2123 3055 σεισμῶν
2150 3000 2231 3056 γε·

661 3070 917 3149 νομένων,
950 3068 1181 3137 Σίπυλός
1224 3091 1281 3127 τε
1312 3066 1391 3149 (τὸ
1421 3066 1558 3148 ὅρος)
1598 3065 1935 3147 κατεστράφη
1963 3066 2103 3126 κατὰ
2132 3066 2229 3139 τὴν

660 3160 936 3220 Ταντάλου
969 3154 1241 3236 βασιλείαν
1269 3157 1362 3215 καί
1387 3178 1522 3222 τινες
1548 3157 1653 3213 τῶν
1682 3152 1871 3215 Ἰώνων
1905 3152 2111 3227 πόλεις,
2140 3154 2231 3214 καὶ

660 3245 728 3305 τὰ
757 3248 810 3305 ἐν
838 3245 1008 3325 Τροία
1035 3243 1205 3324 θερμὰ
1234 3243 1403 3302 ὕδατα
1434 3240 1706 3314 ἀπώλετο,
1737 3242 1858 3321 περὶ
1884 3232 1959 3300 ὧν
1987 3238 2233 3321 Ὄμηρος

664 3332 862 3414 ἔλεγεν·
889 3360 913 3387 κ
941 3337 978 3404 ἡ
1010 3331 1106 3407 μὲν
1130 3332 1233 3411 γάρ
1260 3329 1304 3389 θ’
1327 3330 1479 3389 ὕδατι
1503 3330 1675 3408 λιαρῷ
1704 3328 1837 3409 ῥίει·
1866 3355 1889 3380 ι
1917 3326 2151 3407 ἐγίνοντο
2176 3328 2231 3387 δὲ

663 3419 755 3481 καὶ
782 3422 967 3499 λίμναι
995 3418 1047 3488 ἐξ
1075 3420 1231 3481 ἰλῶν.
1314 3416 1483 3480 Οὗδὶν
1512 3408 1601 3476 οὗν
1624 3414 1949 3493 θαυμαστὸν,-
1974 3418 2020 3475 εἶ
2046 3417 2074 3473 ὁ
2094 3412 2231 3474 κατὰ

664 3507 727 3569 τὸ
774 3509 974 3571 Κάσιον
1016 3506 1201 3587 ἰσθμὸς
1246 3508 1343 3579 τῆς
1382 3504 1627 3586 Ἀραδίοις
1662 3502 1957 3585 διαρραγείς
1984 3501 2021 3575 ἢ
2055 3500 2221 3580 ἵζημα

664 3595 847 3657 λαὸὼν
889 3597 1097 3668 ποιήσει
1136 3594 1231 3667 τὴν
1265 3598 1360 3667 τῆς
1390 3593 1663 3674 Αἰγύπτου
1701 3590 1969 3652 θάλασσαν
2014 3590 2230 3673 σύρρουν

666 3690 733 3766 τῇ
765 3685 1017 3767 Ἐρυθρᾷ.
1100 3682 1227 3745 Ἔτι
1277 3682 1333 3743 δὲ
1383 3682 1475 3744 καὶ
1523 3685 1552 3741 ὁ
1596 3678 1895 3761 Πειραιεὺς,
1923 3683 1995 3749 ὣς
2039 3680 2129 3741 καὶ
2170 3679 2231 3741 τὸ

666 3773 830 3852 ὄνομα
856 3774 1129 3856 ἐμφαίνει,
1156 3772 1321 3853 πέραν
1350 3769 1516 3831 ἔκειτο
1537 3774 1630 3843 τῆς
1655 3769 1922 3844 Ἀττικῆς,
1950 3771 2023 3837 ὡς
2046 3772 2227 3842 νῆσος,

665 3863 757 3922 καὶ
794 3869 829 3937 ἡ
868 3862 1073 3931 Λευκὸς
1123 3865 1276 3933 νῆσος
1330 3860 1431 3921 ὑπὸ
1479 3856 1767 3939 Κορινθίων
1810 3854 2017 3937 γέγονε,
2047 3857 2228 3916 διακο·

663 3950 872 4032 ψάντων
916 3950 1007 4010 τὸν
1051 3948 1261 4025 ἰσθμόν·
1309 3947 1430 4029 περὶ
1474 3938 1539 4020 ἧς
1586 3946 1727 4025 λέγει
1750 3943 2015 4027 Ὅμηρος·
2045 3970 2069 3996 ι
2100 3934 2224 4023 [οἶος

662 4036 894 4118 Νήρικον
908 4028 1068 4114 εἶλον,
1081 4036 1385 4114 ἐϋκτίμενον
1404 4034 1703 4115 πτολίεθρον
1711 4030 1754 4117 ,]
1773 4031 1935 4104 ἀκτὴν
1960 4031 2219 4113 ἢπείροιο,

663 4125 1091 4207 Κεφαλλήνεσσιν
1120 4125 1386 4187 ἀνάσσων.
1422 4153 1445 4177 ·
1529 4122 1665 4203 Περὶ
1691 4119 1945 4193 Μεθώνην
1970 4119 2026 4180 δὲ
2048 4120 2143 4193 τὴν
2166 4121 2218 4178 ἐν

659 4218 737 4295 τῷ
760 4212 1081 4295 Ἐρμιονικῷ
1112 4214 1295 4294 κόλπῳ
1320 4212 1437 4292 ὄρος
1464 4210 1811 4272 ἑπταστάδιον
1843 4208 1901 4269 τὸ
1932 4207 2059 4290 ὕψος
2094 4209 2215 4265 ἀνε-

664 4301 861 4377 &Ji-50⁷1,
913 4301 1212 4381 γενηθέντος
1270 4297 1677 4381 ἅναφυσήματος
1729 4295 2051 4379 φλογώδους,
2103 4297 2215 4373 μεθ’

2342 862 2553 929 dicitur,
2585 866 2711 919 item
2730 868 2870 921 Bura
2888 868 2942 921 in
2963 870 3182 926 Graecia.

2416 952 2505 1023 39.
2545 955 2621 1008 Ut
2645 953 2778 1009 freta
2821 956 2968 1009 fluxu
3005 967 3059 1012 et
3094 960 3302 1013 refluxu
3327 962 3606 1031 agitentur,
3643 982 3750 1018 non
3787 982 3886 1020 una

2339 1047 2417 1092 est
2460 1056 2634 1093 causa.
2662 1042 2799 1095 Nam
2845 1042 3074 1097 Siculum
3117 1044 3229 1112 bis,
3273 1046 3633 1103 Chalcidicum
3669 1054 3885 1123 septies,

2337 1125 2682 1195 Byzantinum
2699 1144 2968 1199 nunquam
2987 1129 3160 1183 refluit
3176 1170 3191 1192 ,
3211 1131 3304 1186 sed
3323 1150 3354 1187 e
3375 1134 3545 1188 Ponto
3565 1135 3890 1191 continenter

2339 1216 2394 1267 in
2423 1232 2664 1269 occasum
2688 1216 2824 1271 fluit.

2407 1324 2497 1385 4ο.
2534 1319 2686 1375 Istria
2702 1359 2718 1385 ,
2745 1321 2800 1373 in
2828 1321 3012 1376 intimo
3038 1324 3154 1377 sinu
3179 1326 3333 1379 Ionio
3366 1326 3494 1391 sita,
3521 1327 3590 1381 ab
3615 1330 3720 1383 Istr
3793 1332 3888 1383 (lu-

2337 1446 2479 1500 mine
2508 1464 2702 1501 nomen
2743 1450 2958 1503 traxisse
2997 1449 3177 1514 fertur,
3217 1451 3308 1523 qui
3345 1469 3378 1505 a
3416 1470 3606 1523 magno
3644 1456 3806 1520 Istro,
3833 1466 3890 1509 ut

2334 1576 2492 1649 aliqui
2520 1576 2815 1642 affirmant,
2846 1589 3022 1633 ortum
3045 1579 3218 1636 habet.
3265 1582 3366 1637 Per
3390 1582 3534 1636 hunc
3566 1581 3888 1637 nuvium&-

2335 1694 2470 1749 buloe
2489 1698 2734 1749 Iasonem
2761 1714 2792 1749 e
2815 1697 2984 1751 Ponto
3009 1698 3064 1750 in
3091 1698 3336 1751 Graecum
3363 1717 3504 1752 mare
3525 1699 3778 1753 educunt.

2402 1818 2493 1877 41.
2532 1816 2678 1868 Inter
2712 1815 2940 1869 Theram
2967 1826 3020 1871 et
3052 1816 3356 1870 Therasiam
3388 1817 3608 1871 ssammae
3645 1836 3741 1890 per
3775 1819 3884 1874 dies

2330 1934 2560 1997 quatuor
2595 1943 2626 1978 e
2664 1924 2844 1997 pelago
2869 1938 3300 1998 prorumpentes,
3324 1928 3397 1981 ita
3435 1938 3496 1980 ut
3535 1945 3679 1981 mare
3717 1937 3882 1983 totum

2328 2040 2598 2096 estuaret,
2634 2028 2915 2085 ediderunt
2943 2031 3209 2105 paullatim
3245 2042 3494 2103 tanquam
3529 2033 3784 2087 machinis
3815 2034 3887 2088 la-

2328 2150 2435 2194 tam
2469 2150 2628 2211 atque
2651 2158 2682 2193 e
2713 2139 2891 2193 massis
2926 2140 3269 2211 compositam
3297 2139 3520 2193 insulam
3553 2140 3757 2195 ambitu
3787 2152 3886 2196 sta-

2328 2246 2541 2302 diorum
2563 2246 2864 2303 duodecim.

2397 2361 2485 2422 42.
2521 2359 2702 2412 Tcrrae
2723 2367 2873 2411 motu
2893 2357 3122 2410 maximo
3148 2354 3358 2410 Sidonis
3375 2366 3546 2429 parta
3558 2354 3676 2409 duae
3696 2373 3886 2411 eversae

2323 2472 2449 2515 sunt
2465 2472 2518 2516 et
2533 2462 2632 2516 alia
2650 2460 2890 2534 quaedam
2907 2460 3032 2515 huic
3045 2461 3215 2515 vicina
3231 2460 3360 2515 urbs
3379 2471 3508 2515 tota.
3527 2462 3594 2514 Et
3607 2462 3663 2515 in
3682 2461 3881 2515 Euboea

2323 2566 2390 2621 ad
2410 2567 2671 2639 Euripum
2687 2568 2946 2623 Arethusa
2971 2565 3086 2621 sons
3102 2566 3378 2620 obturatus
3397 2566 3518 2632 suit,
3539 2583 3709 2639 neque
3727 2566 3880 2622 desiit

2323 2678 2474 2723 terrae
2505 2678 2678 2723 motus
2717 2669 3021 2741 priusquam
3050 2670 3232 2739 ingens
3275 2668 3448 2721 hiatus
3475 2670 3530 2721 in
3559 2686 3747 2741 mmpo
3778 2672 3878 2724 Le·

2319 2769 2484 2825 lantio
2526 2782 2740 2843 apertus
2781 2772 3004 2842 ignitum
3055 2771 3252 2823 flumen
3304 2770 3536 2835 vomuit3
3581 2780 3710 2823 tunc
3759 2789 3882 2825 vero

2319 2875 2477 2927 etiam
2504 2874 2778 2929 Arethusae
2809 2873 2976 2927 sonte·
2999 2873 3175 2927 denuo
3198 2881 3506 2945 eruperunt.

2391 2979 2480 3041 43.
2513 2981 2682 3033 Porro
2707 2989 2860 3032 terrae
2881 2989 3028 3031 motu
3054 2979 3109 3031 in
3134 2976 3303 3049 Lydia
3325 2985 3378 3031 et
3399 2978 3550 3030 Ionia
3576 2976 3712 3031 sacto
3733 2978 3881 3050 Sipy-

2318 3055 2402 3110 lus
2423 3067 2676 3127 regnante
2694 3056 2915 3111 Tantalo
2932 3095 2947 3119 ,
2984 3073 3160 3110 eversa
3193 3066 3273 3110 est
3297 3065 3454 3127 atque
3493 3055 3757 3110 nonnullae
3796 3060 3880 3112 lo-

2319 3152 2452 3188 num
2478 3136 2743 3201 civitaten
2773 3154 2870 3190 nec
2897 3154 3002 3189 non
3036 3135 3104 3188 ad
3128 3133 3344 3206 Trojam
3373 3152 3520 3207 aquae
3545 3134 3724 3189 calidae
3754 3147 3880 3191 tunc

2319 3211 2620 3277 desierunt,
2661 3212 2729 3267 de
2768 3213 2962 3284 quibus
2997 3214 3258 3267 Homerus
3293 3212 3386 3282 (ΙΙ.
3417 3229 3505 3278 22,
3542 3216 3672 3282 147)
3695 3214 3832 3268 dixit
3861 3232 3876 3269 ε

2326 3316 2348 3343 ι
2381 3292 2510 3346 alter
2554 3292 2672 3346 sons
2698 3310 2835 3365 aqua
2865 3290 3030 3346 calida
3072 3291 3188 3346 fluit
3218 3312 3285 3357 »ς
3332 3291 3558 3363 denique
3597 3310 3628 3345 e
3671 3292 3878 3364 paludi-

2319 3373 2420 3426 bus
2445 3383 2575 3426 tunc
2611 3372 2754 3427 lacus
2782 3370 2900 3426 sacti
2931 3380 3071 3427 sunt.
3110 3371 3230 3423 Non
3275 3371 3434 3441 igitur
3461 3370 3652 3423 mirum
3687 3380 3800 3431 ωε,
3833 3371 3878 3425 si

2319 3446 2601 3520 aliquando
2626 3448 2694 3501 sit
2721 3445 2957 3500 futurum
2972 3484 2988 3512 ‚
3017 3454 3078 3498 ut
3099 3445 3322 3498 isthmus
3353 3442 3556 3498 Arabiae
3573 3482 3589 3508 ,
3610 3443 3702 3515 qui
3725 3445 3877 3499 Casio

2319 3520 2552 3594 adjacet,
2582 3520 2851 3594 disruptus
2883 3530 2974 3575 aut
3005 3517 3334 3573 humiliorem
3374 3519 3534 3572 situm
3575 3517 3838 3588 accipiens
3857 3558 3873 3583 ,

2321 3615 2466 3652 mare
2489 3596 2791 3669 AEgyptium
2813 3614 2934 3651 cum
2961 3594 3143 3649 Rubro
3167 3592 3477 3648 committat.
3506 3594 3762 3646 Praeterea
3788 3592 3874 3646 Pi·

2318 3690 2481 3727 raeeus
2508 3689 2738 3745 quoque,
2765 3672 2899 3725 sicut
2919 3670 3072 3725 etiam
3097 3685 3292 3722 nomen
3315 3664 3529 3732 indicat,
3561 3682 3626 3719 ex
3651 3664 3875 3720 adverso

2317 3750 2504 3804 Atticae
2529 3748 2652 3804 olim
2664 3743 2897 3820 jacebat,
2925 3756 3171 3817 tanquam
3198 3742 3397 3805 insula,
3419 3752 3472 3795 et
3490 3744 3688 3795 Leucas
3706 3740 3874 3795 insula

2316 3823 2450 3879 sacta
2475 3835 2580 3891 est,
2607 3822 2890 3878 Corinthiis
2917 3822 3163 3874 isthmum
3190 3816 3632 3872 exscindentibus.
3663 3817 3744 3868 De
3769 3833 3873 3886 qua

2313 3899 2444 3953 dicit
2467 3902 2728 3954 Homerus
2756 3897 2882 3969 (od.
2911 3900 3000 3961 24,
3029 3896 3155 3963 376)
3183 3910 3198 3947 :
3231 3915 3253 3943 ι
3283 3891 3464 3962 Qualis
3488 3909 3632 3945 eram
3656 3889 3872 3962 quando

2313 3974 2568 4028 Neu-icum.
2583 3974 2730 4044 cepi,
2753 3971 2884 4025 hene
2907 3967 3172 4023 conditam
3207 3966 3424 4029 urbem,
3453 3966 3598 4019 littus
3633 3982 3664 4017 e
3699 3966 3870 4017 confi-

2311 4062 2469 4106 nente
2516 4048 2806 4121 projectum
2824 4085 2840 4111 ,
2869 4046 3130 4117 imperans
3173 4038 3592 4114 Cephallenibus.
3639 4059 3661 4089 ι
3705 4041 3868 4111 Apud

2309 4125 2610 4179 Methonem
2658 4138 2781 4176 vero
2827 4121 2882 4173 in
2927 4117 3266 4172 Hermionico
3301 4116 3424 4169 sinu
3466 4130 3618 4167 mons
3667 4123 3866 4184 septem

2306 4199 2472 4253 stadia
2497 4198 2632 4251 altus
2663 4205 2867 4265 egestus
2891 4202 2970 4246 est
3004 4192 3272 4246 flammosa
3311 4188 3538 4261 quadam
3564 4186 3861 4254 efflatione,

2307 4272 2538 4327 interdiu
2565 4268 2778 4343 quidem
2803 4276 3019 4340 propter
3061 4264 3284 4319 calorem
3313 4273 3367 4316 et
3396 4261 3614 4317 odorem
3646 4259 3864 4331 sulphu-

2306 4348 2378 4400 ris
2399 4349 2716 4410 inaccoesus,
2735 4353 2898 4397 noctu
2922 4357 3045 4394 vero
3059 4339 3194 4394 bene
3214 4337 3475 4408 fragrans,
3494 4335 3646 4405 longe
3665 4333 3865 4404 fulgens

659 4390 864 4471 ἡμέραν
895 4389 990 4468 μὲν
1019 4388 1295 4469 ἀπρόσιτον
1322 4390 1424 4449 ὑπὸ
1449 4393 1541 4447 τοῦ
1587 4392 1777 4467 θερμοῦ
1818 4386 1909 4444 καὶ
1936 4386 2028 4457 τῆς
2067 4381 2213 4443 offla*
2303 4432 2356 4475 et
2381 4422 2713 4483 calefaciens,
2741 4416 2874 4470 adeo
2915 4425 2973 4468 ut
3013 4413 3077 4468 ad
3108 4416 3342 4485 quinque
3367 4410 3660 4464 stadiorum
3699 4408 3864 4461 inter-

660 4482 777 4546 δους
820 4479 1016 4555 ὀδμῆς,
1042 4479 1245 4558 νύκτωρ
1272 4476 1328 4537 δὲ
1358 4478 1577 4552 εὐῶδες,
1604 4472 1871 4549 ἐκλάμπον
1916 4470 2097 4552 πόρρω
2123 4470 2213 4529 καὶ
2305 4496 2496 4551 „anum
2539 4494 2702 4549 ‚ml-53
2745 4508 2882 4563 aqua
2921 4498 3186 4552 aestuaret,
3224 4484 3526 4541 turbulenta
3565 4500 3693 4537 vero
3729 4492 3864 4535 esset

659 4569 955 4645 θερμαῖνον,
984 4564 1117 4625 ὥστε
1163 4570 1267 4635 ζεῖν
1311 4564 1404 4636 τὴν
1452 4564 1714 4623 θάλατταν
1758 4561 1846 4620 ἐπὶ
1890 4558 2126 4626 σταδίους
2153 4555 2213 4629 ε’,

2305 4588 2468 4643 usque
2485 4568 2552 4624 ad
2571 4568 2736 4623 stadia
2752 4564 2964 4636 viginti,
2990 4578 3248 4633 agger-que
3264 4568 3596 4631 aggereretur
3612 4572 3858 4613 saxorum

658 4658 876 4731 θαλερὰν
901 4656 949 4713 δ’
972 4645 1103 4715 εἶναι
1125 4654 1215 4713 καὶ
1247 4652 1332 4710 ἐπὶ
1366 4650 1413 4709 κ’
1442 4649 1705 4715 σταδίους·
1732 4649 2133 4727 προσχωσθῆναι
2157 4640 2211 4703 δὲ
2300 4654 2690 4718 praeruptorum
2729 4639 3065 4709 turribusque
3093 4654 3201 4690 non
3228 4636 3516 4689 minorum.
3544 4636 3592 4686 Α
3619 4630 3736 4684 lacu
3761 4646 3858 4683 au-

654 4742 3847 4799 ..—.-..--....------—-——-—-——————--

656 4856 717 4903 ll.
757 4852 778 4920 ΙΙ
806 4880 882 4891 -
906 4853 994 4913 ‘'⁴0-
1024 4866 1079 4920 p.
1114 4848 1199 4915 57,
1228 4852 1289 4900 Β.
1325 4846 1347 4915 ss
1377 4874 1449 4885 -—
1473 4849 1561 4907 41.
1590 4861 1644 4914 p.
1675 4844 1760 4910 57,
1788 4844 1856 4895 D.
1879 4836 1973 4891 ἀνὰ
2002 4855 2033 4890 e
2064 4837 2203 4891 Stra-

652 4930 789 4983 bone
809 4928 1070 4983 additum.
1113 4929 1135 4998 ΙῙ
1165 4956 1236 4968 -
1257 4931 1343 4991 43.
1371 4942 1425 4996 p.
1454 4924 1541 4987 58,
1564 4926 1633 4976 A.
1666 4918 1861 4990 ἔπαυσε]
1878 4936 1952 4973 sc.
1976 4918 2200 4987 σειομένη

648 5004 679 5076 ἡ
702 5014 852 5077 νῆσος
868 5008 996 5063 κατὰ
1020 5010 1195 5081 μέρος,
1222 5016 1286 5061 ut
1307 5023 1392 5077 ap.
1423 5002 1595 5058 strab.
1626 5001 1826 5071 legitur.
1860 4996 2078 5067 ἐξήρασε]
2096 4994 2200 5062 ἕξις·

651 5108 769 5161 μεσε
794 5088 1004 5145 Strabo.
1037 5090 1059 5160 ΙΙ
1090 5118 1164 5130 -
1187 5088 1277 5152 43.
1304 5103 1356 5157 p.
1386 5084 1473 5147 58,
1502 5084 1565 5137 Β.
1584 5080 1759 5135 Verba
1784 5078 1844 5133 τὸ
1881 5078 1993 5148 ὅρος
2026 5093 2201 5131 excer-

648 5180 768 5241 ptor
792 5168 861 5223 de
882 5186 981 5222 suo
1007 5167 1271 5222 addidisse
1300 5163 1525 5218 videtur.
1551 5159 1753 5215 Deinde
1780 5158 1946 5213 codex
1972 5173 1987 5211 ι
2014 5154 2123 5229 περὶ
2142 5148 2201 5207 οὗ

646 5250 781 5321 λέγει
808 5248 1053 5322 Ὅμηρος.
1089 5250 1111 5317 Η
1149 5277 1219 5289 -
1243 5247 1355 5317 ὄρος
1386 5242 1727 5313 ἑπταστάδιον]
1770 5240 1907 5293 Hinc
1947 5238 2058 5308 ὄρος
2100 5254 2199 5290 vox

650 5332 702 5383 in
730 5330 1041 5385 Strabonem
1078 5327 1217 5380 illata
1253 5336 1349 5380 est.
1383 5326 1405 5395 ΙΙ
1436 5353 1510 5364 -
1532 5321 1627 5376 ὑπὸ
1666 5325 1751 5388 τῆς
1787 5323 1875 5373 τοῦ
1916 5318 2093 5389 θερμοῦ
2120 5314 2202 5369 καὶ

2297 4830 2526 4892 osu-ason<
2547 4828 2702 4899 ὀδμῆς
2719 4824 2906 4880 codex.
2933 4826 2954 4895 ΙΙ
2977 4854 3050 4865 -
3073 4822 3268 4892 effice]
3289 4820 3439 4873 Hanc
3464 4834 3643 4871 vocem
3667 4832 3698 4869 e
3719 4815 3860 4869 Stra·

2292 4912 2434 4965 bone
2477 4907 2744 4980 ejecerunt
2784 4906 3016 4976 Corayus
3051 4913 3106 4957 et
3129 4898 3444 4955 MeinekiuS.
3479 4899 3856 4951 Verumtamen

2292 4990 2482 5044 similia
2507 4986 2791 5042 traduntur
2815 4983 2882 5037 de
2908 4984 3038 5054 ignis
3073 4980 3402 5035 subterranei
3440 4976 3716 5049 eruptione
3740 4991 3857 5045 qua».

2292 5088 2435 5126 anno
2467 5066 2600 5123 1650
2627 5067 2682 5119 in
2723 5064 2894 5120 Thera
2939 5060 3104 5115 insula
3141 5057 3358 5122 accidit;
3387 5074 3510 5110 nam
3543 5054 3617 5107 ibi
3644 5069 3858 5125 quoque

2292 5149 2585 5204 sulfureum
2613 5145 2848 5200 soetorem
2872 5142 3060 5195 eximia
3097 5136 3337 5211 quedam
3365 5135 3642 5206 fragrantia
3675 5132 3856 5186 subse·

2292 5241 2413 5285 cuta
2445 5246 2555 5282 esse
2585 5227 2796 5280 dicitur.
2826 5224 2898 5277 V.
2926 5225 3076 5285 Ross‚
3103 5216 3398 5282 laute-ease,
3421 5226 3551 5269 tom.
3585 5233 3634 5278 ι,
3665 5232 3720 5285 p.
3754 5216 3854 5281 196

2292 5322 2343 5365 et
2390 5308 2631 5371 Curtius,
2661 5304 2991 5378 Peloponnes,
3016 5310 3148 5355 tom.
3182 5316 3230 5363 1,
3261 5314 3315 5369 p.
3349 5296 3435 5360 56,
3462 5303 3575 5349 not.
3613 5308 3694 5345 ιο.
3735 5292 3756 5361 ΙΙ
3783 5320 3841 5332 -
