4584 6284
616 490 741 569 xxij

617 622 971 698 nochitide,
1017 620 1379 701 smaragdo,
1407 619 1780 684 zoraniscaea
1803 625 1951 695 etc.,
1991 617 2174 682 sicuti

1939 484 2525 549 PROLEGOMENA-

2268 619 2346 698 (i.
2384 637 2442 682 e.
2475 617 2719 696 Persis)
2765 625 3106 700 reportata,
3142 637 3331 700 quam
3372 620 3678 697 celebrat,
3724 623 3827 686 lu-

615 710 803 774 etiam
845 709 924 774 de
956 707 1197 792 iaspide
1227 708 1470 771 Plinius
1511 707 1731 771 eadem
1760 725 1902 790 quae
1951 705 2180 788 Diony·
2265 725 2544 781 cramur;
2592 705 2823 770 etenim
2876 723 3079 788 neque
3134 711 3315 770 antea
3355 725 3561 790 neque
3610 715 3825 791 postea

614 799 745 862 sius
789 803 852 860 et
877 805 1184 879 praeterea
1205 795 1381 860 aliud
1411 794 1742 859 absurdius
1776 797 1986 859 refert.
2021 797 2179 858 Hac-

613 893 795 950 tenus
819 887 900 950 de
929 885 1338 966 Bernhardyo
1362 883 1574 948 seculo
1605 883 1786 948 tertio
1822 883 1922 947 rel
1953 887 2178 966 quarto

612 976 978 1056 Dionysium
1005 973 1382 1037 vindicante.

697 1061 816 1127 Alii
847 1081 882 1125 e
923 1059 1134 1125 verbis
1164 1069 1369 1143 poetae
1399 1063 1540 1139 ἱμῶν
1570 1061 1737 1140 μέγαν
1766 1051 1905 1120 οἶκον
1941 1057 2178 1119 ἀνάκτων

613 1149 980 1233 Dionysium
1002 1148 1327 1231 scripsisse
1350 1149 1735 1230 collegerunt
1747 1153 2030 1229 tempore
2051 1164 2177 1227 quo

613 1258 741 1304 non
771 1257 962 1312 unus,
993 1237 1105 1301 sed
1128 1237 1341 1320 plures
1369 1237 1557 1301 simul
1579 1244 1930 1318 regnarent.
1963 1237 2040 1299 Et
2059 1238 2182 1299 No-

613 1328 802 1392 risius
829 1325 1090 1410 quidem
1118 1325 1346 1410 (Epist.
1394 1325 1636 1390 Pisanae
1666 1343 1726 1406 p.
1765 1321 1914 1406 193)
1950 1323 2180 1392 ἄνακτας

615 1415 744 1479 dici
773 1413 1010 1504 putarit
1030 1413 1326 1496 Agrippae
1347 1411 1509 1478 filios
1529 1412 1609 1476 ab
1633 1416 1906 1494 Augusto
1925 1412 2180 1496 adopta-

612 1509 746 1579 tos,
795 1503 1012 1583 CaJum
1041 1505 1104 1566 et
1129 1501 1426 1578 Lucium,
1461 1500 1570 1585 qui
1615 1506 1830 1583 utpote
1859 1497 2180 1584 principes

608 1591 952 1674 juventutis
991 1591 1111 1654 isto
1161 1589 1417 1654 nomine
1461 1589 1776 1670 designari
1808 1589 2176 1672 potuissent.

613 1680 968 1746 Probarunt
1007 1680 1146 1743 haec
1183 1678 1488 1743 Cellarius
1530 1677 1854 1762 (Dissertt.
1895 1677 2178 1743 academ.

613 1777 775 1854 part.
829 1775 868 1834 2
915 1768 1068 1832 diss.
1119 1767 1230 1847 12)
1285 1773 1350 1830 et
1386 1768 1698 1832 Henricus
1727 1767 2014 1832 Valesius
2056 1766 2180 1850 (ad

591 1858 931 1922 ·Ammian.
955 1856 1299 1920 Marcellin.
1316 1859 1417 1934 23,
1436 1860 1502 1936 6,
1519 1860 1623 1934 26,
1640 1876 1704 1939 p.
1729 1860 1890 1934 372),
1910 1856 2018 1941 qui
2037 1874 2184 1920 cum

613 1945 936 2014 Gerhardo
991 1945 1215 2009 Vossio
1271 1944 1394 2026 (De
1447 1945 1594 2009 hist.
1658 1963 1753 2026 gr.
1806 1964 1869 2027 p.
1917 1947 2037 2008 216
2078 1942 2181 2008 ed.

615 2039 815 2099 West.
844 2038 864 2114 )
903 2033 1272 2116 Dionysium
1303 2033 1687 2116 periegetam
1711 2037 2094 2112 agnoverunt
2121 2029 2186 2092 in

615 2123 912 2206 Dionysio
939 2122 1335 2201 Characeno,
1377 2121 1458 2185 de
1503 2139 1630 2204 quo
1670 2119 1910 2183 Plinius
1953 2123 2017 2199 4,
2046 2122 2123 2182 27
2164 2136 2179 2180 :

617 2214 747 2275 Hoc
763 2219 830 2274 in
851 2213 978 2274 loco
1005 2209 1316 2294 (Charace
1345 2227 1434 2272 sc.
1453 2208 1476 2288 )
1493 2215 1766 2288 qenilum
1791 2227 1916 2270 esse
1948 2211 2186 2285 Diony-

614 2298 1142 2382 sium.(1sidorum
1168 2297 1382 2360 dicere
1405 2297 1670 2378 voluit),
1707 2303 2004 2360 terrarum
2025 2297 2186 2359 orbis

621 2393 1091 2453 recentissimum
1146 2393 1464 2464 auctorem,
1535 2393 1794 2461 constat,
1858 2405 2031 2468 quem
2097 2387 2184 2450 ad

628 2477 1092 2540 commentanda
1173 2481 1376 2538 omnia
1451 2485 1518 2538 m
1593 2478 1892 2538 Orientem
1937 2482 2183 2556 praemi-

619 2569 704 2628 sit
756 2565 935 2628 divus
983 2565 1314 2645 Αιῳωεαε,
1371 2568 1531 2625 ituro
1579 2569 1645 2626 in
1703 2563 2046 2626 Ammiam
2093 2565 2180 2626 ad

620 2652 940 2716 Parthicas
980 2651 1380 2728 Araba-arque
1427 2668 1522 2712 res
1563 2651 1788 2730 majore
1820 2650 1972 2726 filio.
2029 2651 2180 2722 Quae

620 2745 1007 2822 quantopere
1052 2756 1091 2800 a
1137 2742 1352 2800 nostro
1397 2742 1586 2817 poeta
1634 2735 1831 2798 aliena
1883 2735 2008 2798 sint
2038 2742 2183 2818 post

599 2825 1088 2908 -Bernhardyum
1132 2823 1289 2887 dixit
1328 2824 1444 2886 Fr..
1478 2823 1705 2887 Jacobs
1732 2823 1833 2900 (in
1881 2825 2071 2887 Erseh
2111 2843 2175 2888 ιι.

620 2913 901 2998 (mods
937 2914 1186 2994 Encycl.
1235 2930 1286 2975 s.
1333 2929 1392 2973 v.
1445 2912 1808 2990 Dionysius,
1859 2915 2017 2974 tom.
2058 2916 2137 2976 25
2158 2957 2176 2991 ,

609 3024 680 3088 .p,.
734 3001 914 3085 344),
973 3019 1093 3064 nec
1137 3017 1264 3064 non
1315 2998 1450 3080 ipse
1506 2997 1765 3080 exposui
1811 2999 1872 3062 in
1920 3006 2073 3065 tom.
2116 3005 2176 3078 I,

613 3111 678 3176 p.
709 3092 945 3155 LXXXI
983 3109 1078 3172 sq.
1113 3089 1228 3170 (1),
1263 3085 1638 3152 assentiente
1677 3086 2085 3152 Mulleuhofio
2115 3088 2180 3151 in

615 3181 784 3246 libro
815 3182 1003 3244 Ueber
1026 3179 1127 3242 die
1159 3179 1488 3242 Waltlcarte
1519 3177 1627 3239 des
1650 3178 1902 3239 Kaisar-s
1929 3179 2178 3259 doymi.

619 3287 763 3352 pag.
795 3270 856 3330 3.
881 3266 1257 3330 Heineccius
1299 3267 1568 3348 (Opusc.
1593 3266 1734 3326 Var.
1769 3283 1830 3346 p.
1861 3265 1998 3346 110)
2047 3264 2186 3324 ‹lvn-

620 3382 751 3425 κτοις
798 3355 950 3418 istos
994 3353 1300 3418 intellexit
1335 3359 1682 3434 Augustum
1727 3359 1788 3416 et
1831 3353 2181 3430 Tiberium3

621 3443 902 3526 Scaliger
927 3443 1043 3523 (ad
1069 3443 1299 3505 Euseb.
1326 3442 1556 3505 Chron.
1589 3459 1690 3503 an.
1713 3444 1896 3517 2215,
1923 3461 1987 3523 p.
2025 3437 2180 3524 228')

623 3535 922 3598 Severum
951 3531 1210 3613 ejusque
1238 3529 1402 3592 filios
1428 3528 1807 3592 caracallam
1839 3537 1903 3594 et
1933 3531 2178 3605 Getam,

623 3625 786 3690 adeo
833 3629 903 3686 ut
948 3621 1239 3685 Parthica
1276 3619 1566 3696 victoria,
1615 3637 1804 3703 quam
1855 3617 2186 3702 Dionysius

625 3713 888 3787 indicat,
935 3708 1222 3792 Septimii
1266 3707 1476 3773 Severi
1536 3706 1644 3783 sit;
1701 3708 2039 3772 Salmasius
2085 3707 2186 3790 (in

625 3801 878 3883 Scriptt.
913 3799 1057 3862 hist.
1105 3802 1262 3879 Aug.
1312 3797 1390 3860 ad
1441 3795 1564 3860 AEl.
1599 3797 1798 3878 Spart.
1841 3795 1945 3860 vit.
1981 3797 2186 3860 Severi

627 3909 684 3954 c.
710 3895 820 3965 15,
851 3894 1005 3952 tom.
1038 3887 1085 3964 1,
1117 3905 1179 3968 p.
1212 3889 1371 3956 614)
1406 3883 1486 3948 de
1514 3885 1728 3948 Marco
1769 3884 2082 3947 Antonino
2127 3891 2190 3949 et

634 3981 791 4042 Vero
835 3973 1127 4055 cogitavit
1154 3979 1340 4055 atque
1383 3969 1672 4035 Parthica
1699 3969 1913 4034 retulit
1946 3971 2028 4034 ad
2066 3974 2190 4035 Ve-

625 4083 800 4142 rum,
829 4062 1022 4126 Marci
1049 4063 1303 4135 fratrem
1323 4105 1340 4134 ,
1382 4060 1490 4143 qui
1533 4058 1807 4122 Parthici
1837 4076 2184 4139 cognomen

625 4158 844 4216 nactus
885 4156 1000 4213 est.
1047 4149 1261 4230 Nuper
1300 4147 1574 4228 denique
1611 4145 1902 4209 Alfredus
1930 4147 2010 4210 de
2035 4149 2187 4212 Gut-

625 4235 900 4302 schmidt
916 4236 983 4299 in
999 4234 1328 4315 Philologo
1348 4253 1449 4298 an.
1475 4237 1656 4306 1856,
1673 4239 1824 4298 tom.
1839 4237 1937 4310 10,
1951 4255 2015 4316 p.
2039 4239 2181 4316 702,

624 4325 830 4390 attulit
851 4324 988 4389 hasc
1011 4344 1026 4387 ε
1059 4323 1557 4404 «BernhardyuS,
1582 4321 1806 4404 inquit,
1828 4341 2022 4406 quum
2040 4324 2184 4388 Dio-

627 4413 871 4496 nysium
917 4414 1307 4496 periegescos
1338 4418 1662 4476 auctorem
1699 4416 1961 4474 exeunte
1997 4413 2183 4477 tertio

625 4503 723 4568 vel
754 4502 1006 4565 ineunte
1032 4506 1251 4585 quarto
1281 4520 1343 4582 p.
1388 4502 1454 4562 G.
1486 4499 1697 4562 seculo
1734 4497 2017 4563 floruisse
2045 4517 2186 4564 cer-

627 4591 868 4657 tissima
898 4591 1136 4654 ratione
1177 4589 1487 4667 effecerit,
1532 4586 1986 4651 accuratiorem
2023 4594 2188 4652 tem-

635 4681 807 4765 poris
856 4686 1066 4743 notam
1116 4697 1192 4740 ex
1245 4677 1478 4759 ingenti
1525 4673 1776 4738 victoria
1829 4673 1908 4737 de
1940 4675 2186 4738 Parthis

690 4907 758 4972 (ι)
787 4909 843 4957 ln
861 4906 960 4958 isto
987 4905 1050 4957 de
1077 4905 1292 4957 Charace
1314 4901 1437 4954 urbe
1467 4899 1602 4967 apud
1613 4900 1825 4952 Plinium
1838 4899 1968 4963 loco,
1997 4898 2061 4952 de
2083 4913 2186 4965 quo

625 4979 722 5029 dlxx
741 4983 861 5030 tom.
883 4981 927 5039 1,
942 4991 992 5042 p.
1011 4978 1214 5038 Lxxxt,
1235 4988 1393 5039 quum
1415 4973 1467 5024 in
1480 4972 1678 5038 optimis
1696 4970 1948 5023 oedicibus
1958 4972 2152 5036 legatur
2167 4987 2181 5016 ι

612 5051 782 5100 τ,Ρνίιω
813 5046 921 5111 fuit
949 5061 986 5098 a
1004 5047 1157 5098 litore
1174 5045 1352 5097 studia
1379 5047 1448 5104 Χ,
1465 5038 1799 5094 ηιανὶἰὶηιιιήι
1813 5058 1834 5103 ‚·
1857 5045 1908 5094 et
1921 5042 2048 5104 ‘jam
2075 5043 2186 5105 le-

621 5118 797 5170 sanda
819 5117 1058 5182 por-licus
1083 5113 1234 5166 habet
1256 5113 1521 5180 legendum
1539 5125 1649 5164 csse
1673 5123 1846 5162 censeo
1866 5125 1880 5156 =
1899 5110 2078 5162 stadla
2102 5115 2183 5164 X.-

621 5190 956 5238 maewmum
1001 5187 1164 5236 etlam
1203 5186 1456 5249 Vipsania
1496 5185 1729 5248 porticus
1768 5179 1939 5232 habet.
1973 5183 2046 5233 De
2076 5196 2185 5247 por-

620 5257 726 5310 ticu
754 5257 888 5308 Poloe
912 5255 1156 5320 Vipsanius
1197 5269 1244 5306 v.
1291 5255 1492 5306 Tacitus
1519 5259 1642 5304 Ann.
1677 5257 1719 5315 Ι,
1751 5258 1806 5303 31
1845 5257 1896 5304 ct
1934 5253 2177 5304 Plutarch.

623 5328 765 5380 Gall».
793 5341 840 5378 c.
876 5335 934 5379 25
1904 5333 1911 5338 '

2267 794 2648 876 longissimis
2672 801 3025 877 temporum
3069 795 3405 860 intervallis
3438 798 3569 862 ulla
3596 801 3827 864 Roma-

2269 899 2493 946 norum
2519 879 2775 946 victoria
2796 881 3043 946 Persica
3069 901 3249 966 aeque
3276 883 3547 965 gloriosa
3570 887 3689 951 fuit
3733 895 3827 951 at·—

2269 989 2393 1054 que
2434 988 2510 1033 ea
2553 988 2743 1053 quam
2792 969 3069 1034 Galerius
3114 973 3320 1036 Caesar
3368 991 3531 1037 anno
3586 979 3706 1040 297
3747 976 3825 1041 de

2268 1061 2504 1123 Narseo
2540 1057 2873 1124 Sassanida
2899 1060 3251 1144 reportavit.
3279 1063 3453 1127 Hanc
3483 1061 3536 1126 si
3564 1064 3827 1148 respicit

2267 1145 2632 1228 DionysiuS,
2678 1145 2939 1228 pluralis
2964 1149 3081 1228 ἐμοὶ
3119 1149 3371 1224 ἄνακτες,
3398 1171 3526 1234 quo
3572 1171 3664 1216 vs.
3707 1157 3826 1218 355

2267 1253 2421 1300 usus
2438 1240 2565 1312 cst,
2592 1253 2787 1316 quum
2811 1254 2925 1319 per
2946 1243 3213 1300 metrum
3233 1237 3513 1304 licuisset
3528 1238 3827 1322 singulari

2267 1342 2531 1388 numero
2560 1321 2685 1400 uti,
2720 1325 2967 1406 egregie
3006 1327 3350 1410 explicatur
3405 1347 3422 1392 τ
3472 1335 3620 1394 sunt
3656 1329 3827 1394 enim

2265 1412 2690 1477 Diocletianus
2716 1419 2781 1476 et
2808 1413 3213 1479 Maximianus
3245 1419 3440 1498 Augg.
3465 1424 3529 1481 et
3544 1419 3831 1484 Galerius

2269 1509 2333 1567 et
2350 1501 2740 1567 Constantius
2764 1501 2933 1566 Coss.
2966 1505 3180 1586 ltaque
3201 1505 3581 1570 crediderim
3606 1508 3831 1589 Diony-

2271 1589 2435 1655 sium
2478 1607 2731 1654 carmen
2781 1608 2968 1654 suum
3010 1591 3283 1657 edidisse
3319 1593 3489 1659 circa
3530 1614 3629 1660 an.
3679 1601 3819 1671 303,

2270 1701 2399 1767 quo
2426 1679 2847 1745 Diocletianus
2874 1679 3217 1746 vicennalia
3258 1683 3595 1748 celebravit
3645 1705 3717 1750 ac
3748 1687 3834 1749 si-

2271 1771 2403 1834 mul
2454 1787 2600 1834 cum
2649 1767 3022 1834 Maximiano
3068 1769 3457 1852 triumphum
3504 1773 3585 1837 de
3622 1775 3835 1838 Persis

2275 1877 2310 1921 e
2355 1858 2422 1924 it.
2453 1881 2483 1919 n

2310 1878 2438 2010 gAt
2474 1943 2805 2010 conamina
2830 1947 2968 2011 haee
2996 1946 3224 2029 quibus
3253 1963 3465 2010 ansam
3497 1945 3675 2010 dedit
3701 1949 3835 2009 ἀνά-

2271 2058 2412 2095 κτων
2432 2052 2581 2112 vox,
2602 2033 2670 2097 in
2700 2035 2893 2098 meris
2921 2035 3085 2098 ludis
3106 2035 3312 2118 posita
3335 2053 3472 2098 esse
3494 2042 3667 2100 recte
3694 2053 3836 2101 mo-

2272 2128 2382 2185 net
2426 2121 2883 2204 Bernhardyus.
2922 2121 3123 2185 Simili
3166 2121 3364 2186 modo
3405 2141 3482 2187 ex
3516 2125 3831 2207 Anonymi

2269 2209 2476 2274 verbis
2502 2209 2568 2273 in
2598 2209 2850 2292 Periplo
2880 2229 3034 2274 mar.
3066 2210 3311 2292 Erythr.
3335 2211 3465 2292 §23
3494 2218 3573 2288 (v.
3607 2219 3760 2276 tom.
3782 2215 3833 2293 1,

2275 2316 2340 2381 p.
2358 2295 2508 2380 274)
2530 2317 2547 2361 :
2573 2297 2724 2379 φίλος
2740 2301 2845 2359 τῶν
2869 2297 3268 2380 acrazepes-expos*
3287 2303 3609 2362 auctorem
3630 2301 3823 2375 hunc,

2269 2403 2463 2468 quem
2489 2385 2607 2450 sub
2638 2385 2777 2449 Tito
2798 2385 2897 2448 vel
2930 2383 3284 2449 Domitiano
3312 2385 3641 2467 scripsisse
3664 2388 3833 2452 facili

2269 2478 2570 2554 computu
2614 2473 2875 2551 eruitur,
2906 2472 3309 2553 regnantibus
3334 2475 3547 2538 Marco
3581 2476 3833 2540 Aurelio

2265 2559 2585 2642 Lucioque
2620 2561 2785 2623 Vero
2831 2561 3115 2624 floruisse
3159 2559 3519 2625 Dodwellus
3569 2563 3831 2646 ejusque

2268 2649 2605 2711 sectatores
2652 2647 2865 2729 colligi
2911 2649 3261 2712 voluerunt.
3322 2649 3624 2730 Eiusdem
3666 2652 3834 2715 Dod-

2265 2735 2436 2801 welli
2467 2743 2823 2800 commenta
2866 2737 2948 2800 de
2975 2736 3271 2820 Dionysio
3319 2738 3637 2818 Elagabali
3678 2745 3834 2803 tem-

2267 2842 2421 2908 pore
2475 2824 2830 2907 periegesin
2896 2826 3210 2890 scribente
3266 2825 3414 2889 satis
3470 2827 3839 2909 perstrinxit

2267 2911 2708 2996 Bernhardyus
2727 2958 2745 2993 ,
2774 2919 2849 2977 ut
2874 2913 3082 2978 denuo
3118 2919 3393 2978 stercora
3428 2913 3547 2978 ista
3584 2934 3837 2982 movere

2271 3001 2739 3084 supersedeam.

2352 3091 2447 3152 Dr.
2484 3090 2805 3154 Pramum
2835 3092 3125 3154 Dromsn.
3165 3090 3347 3154 Orbis
3373 3099 3681 3156 terrarum
3725 3094 3838 3157 de-

2274 3176 2679 3260 scriptionem
2708 3177 3039 3260 Dionysius
3069 3178 3153 3242 ita
3181 3179 3479 3258 instituit,
3524 3189 3631 3257 ut,
3663 3189 3835 3263 post-

2273 3283 2466 3347 quam
2494 3264 2574 3327 de
2600 3273 2786 3330 terrm
2820 3268 3021 3328 forma
3048 3267 3252 3349 deque
3290 3269 3537 3332 Oceano
3572 3269 3835 3352 ejusque

2275 3352 2536 3415 sinubus
2553 3352 2845 3435 quaedam
2862 3354 3253 3434 praemiserat
3282 3355 3535 3436 (1-172),
3558 3355 3833 3438 primum

2273 3437 2531 3521 Libyam
2562 3442 2899 3519 (173-269),
2919 3439 3145 3505 deinde
3164 3443 3477 3526 Europam
3495 3446 3830 3527 (270-449),

2274 3533 2413 3589 tum
2434 3526 2670 3592 insulas
2699 3527 2888 3591 maris
2920 3527 3147 3592 interni
3175 3538 3240 3594 et
3263 3531 3457 3595 exteri
3486 3531 3829 3614 (450-619),

2275 3623 2595 3699 postremo
2641 3616 2782 3682 loco
2847 3617 3059 3682 Asiam
3124 3620 3477 3702 (620-1152)
3548 3621 3825 3706 explica-

2275 3711 2394 3768 ret.

2367 3815 2397 3851 a
2440 3794 2530 3856 Ac
2580 3792 2634 3856 si
2705 3793 2847 3876 quis
2908 3795 3267 3876 exemplum
3326 3802 3528 3879 poetae
3575 3798 3838 3881 requirit

2279 3880 2703 3963 (Bernhardyi
2732 3881 2921 3946 verba
2965 3884 3166 3964 sunt),
3200 3903 3326 3967 quo
3357 3885 3654 3949 carminis
3682 3905 3834 3951 con-

2275 3971 2715 4034 formationem
2758 3985 3195 4053 summamque
3241 3971 3349 4035 ille
3382 3972 3714 4050 direxerit,
3744 3975 3838 4037 fa-

2275 4059 2582 4123 cillimum
2612 4064 2709 4122 est
2736 4057 2953 4141 paucis
2992 4059 3195 4121 verbis
3222 4060 3599 4125 satisfacere.
3634 4062 3839 4126 Nimi-

2274 4167 2417 4211 rum
2456 4147 2678 4212 habuit
2726 4147 2790 4210 in
2849 4164 3037 4229 quem
3088 4146 3433 4212 intueretur
3478 4151 3838 4214 Eratosthe-

2275 4254 2421 4299 nem
2452 4236 2557 4315 (ι),
2591 4236 2773 4317 cujus
2804 4233 3081 4298 tabulam
3108 4253 3255 4300 cum
3290 4236 3474 4320 periti
3501 4237 3735 4319 pariter
3762 4258 3837 4303 ac

2275 4322 2649 4388 rudissimus
2681 4322 2949 4406 quisque
2974 4323 3295 4388 vetustatis
3327 4326 3833 4408 geographorum

2275 4411 2395 4476 sihi
2425 4411 2899 4495 proposuerint,
2926 4415 3060 4474 tum
3083 4429 3230 4477 vero
3253 4412 3614 4494 DionysiuS,
3646 4431 3834 4494 quem

2275 4499 2451 4565 istius
2480 4499 2783 4565 doctrinm
2808 4517 2985 4563 sacra
3006 4499 3377 4564 detrectasse
3406 4507 3675 4576 constat,
3710 4519 3835 4565 non

2277 4587 2495 4651 debuit
2538 4587 2823 4652 dubitare
2852 4586 2934 4650 ad
2970 4587 3235 4651 eandem
3288 4588 3718 4652 auctoritatem
3764 4608 3831 4652 se

2277 4694 2681 4761 componere.
2726 4677 2914 4756 Cujus
2954 4675 3315 4738 imitationis
3360 4675 3579 4740 leviter
3617 4676 3838 4739 admo-

2283 4770 2555 4830 nuerunt
2594 4763 2949 4828 Eustathius
2994 4770 3055 4826 et
3098 4763 3461 4827 scholiastes
3503 4763 3582 4826 ad
3630 4760 3837 4844 operis

2279 4855 2694 4938 principium,
2732 4844 3113 4938 quamquain
3158 4852 3238 4915 ab
3266 4849 3503 4914 indicio
3552 4851 3840 4913 minutis-

2276 4944 2475 5024 simo,
2534 4943 2705 5026 quod
2760 4959 2933 5005 mare
2983 4958 3291 5004 oceanum
3345 4944 3543 5002 terras
3597 4937 3838 5001 ambire

2338 5183 2404 5243 (ι)
2434 5178 2573 5232 conr.
2596 5178 2748 5228 Ukert
2768 5179 2940 5242 Geogr.
2966 5179 3004 5237 1,
3029 5181 3247 5241 1,1›.208
3271 5197 3284 5227 =
3317 5195 3341 5220 «ι
3360 5175 3473 5228 Scin
3502 5175 3839 5240 Hauptffihrer

2273 5255 2340 5304 ist
2370 5249 2731 5306 Eratosthenes.
2752 5247 2848 5298 den
2879 5259 2933 5297 er
2960 5245 3076 5298 aher
3100 5247 3226 5297 uach
3250 5245 3434 5297 anderu
3452 5245 3711 5312 berichtigt
3730 5246 3835 5298 und

2274 5319 2704 5382 vervollstoendigt.
2726 5339 2751 5362 υ
