4584 6284
579 483 764 545 xxxiv!

583 618 679 678 15.
725 615 797 676 N.
844 617 1000 677 3023
1049 614 1257 692 (nobis
1282 613 1388 691 P),
1415 632 1559 678 saec.
1591 615 1721 690 XV,
1755 614 2142 679 chartaceus.

735 702 952 764 Insunt
996 721 1011 764 ι
1049 706 1107 765 1.
1133 699 1379 764 Libanii
1421 702 1696 766 nonulla.
1723 707 1782 765 2.
1803 701 2146 768 Theodorae

735 790 1036 871 Augustae
1065 789 1146 852 ad
1177 788 1552 853 Belisarium
1579 790 1860 872 epistola.
1893 795 1952 856 3.
1986 795 2148 856 Ano·

734 879 910 961 nymi
941 878 1409 944 observationes
1439 881 1862 962 grammaticae
1881 880 1972 944 de
2013 881 2148 945 bar-

737 966 1020 1030 barismo
1060 973 1126 1029 et
1171 966 1549 1031 soloecismo.
1592 971 1654 1031 1.
1707 969 2148 1049 Fragmentum

739 1054 819 1117 de
845 1054 1036 1118 variis
1063 1053 1250 1118 foetus
1278 1055 1345 1118 in
1365 1061 1544 1120 utero
1573 1055 1850 1120 statibus
1880 1061 1939 1122 5.
1969 1059 2150 1136 Frag-

740 1149 1031 1208 mentum
1087 1143 1167 1208 de
1230 1150 1524 1226 quattuor
1568 1145 1918 1228 evangeliis.
1967 1148 2144 1209 7-10.

740 1232 1061 1296 Plutarchi
1120 1232 1484 1297 nonnnulla.
1544 1238 1642 1297 10.
1713 1237 2038 1315 Dionysius
2093 1241 2150 1296 et

739 1323 1119 1384 Euanthius.

581 1412 681 1475 16.
729 1409 806 1472 Ν.
869 1413 947 1474 36
1018 1408 1453 1492 Supplementi
1501 1409 1702 1488 (nobis
1753 1411 1852 1496 Q).
1901 1409 2150 1475 Scholia

746 1498 1052 1562 nonnulla
1079 1505 1142 1561 et
1161 1497 1566 1580 Paraphrasis
1591 1497 1892 1581 Dionysii,
1921 1497 2150 1582 quibus

748 1586 970 1651 titulus
1009 1586 1356 1670 praefigitur
1391 1606 1407 1649 :
1439 1587 1744 1668 Δημητρίου
1780 1590 2148 1671 Λαμψακηνοῦ

747 1675 991 1754 Ξξήγησις
1016 1678 1088 1744 είς
1111 1675 1208 1748 τὴν
1234 1673 1508 1737 Διονυσίου
1531 1675 1865 1755 περιήγησιν.

587 1767 686 1826 17.
733 1763 810 1824 Ν.
847 1765 1002 1826 1603
1037 1760 1240 1844 (nobis
1268 1761 1367 1841 R),
1397 1778 1541 1823 saec.
1573 1763 1725 1838 XVI,
1758 1761 2143 1826 chartaceus,

745 1852 966 1914 Insunt
1009 1853 1084 1913 11
1137 1849 1474 1932 opuscula,
1507 1868 1777 1931 quorum
1819 1853 1894 1913 N.
1935 1854 2013 1915 38
2055 1857 2151 1914 est

743 1937 993 2002 initium
1022 1938 1418 2020 periegeseos
1447 1939 1748 2018 Dionysii.

588 2030 688 2092 18.
735 2027 811 2090 Ν.
846 2029 1002 2090 1772
1027 2024 1238 2106 (nobis
1277 2021 1371 2108 S),
1402 2042 1546 2089 saec.
1573 2027 1726 2102 XVI,
1760 2026 2142 2090 chartaceus.

745 2115 1008 2176 Insunt:
1045 2116 1178 2176 1-3.
1214 2111 1601 2176 Constantini
1651 2114 1981 2189 Manassae,
2031 2114 2150 2177 Ba-

747 2201 872 2265 silii
911 2198 1274 2263 Macedonis
1314 2196 1468 2282 imp.
1501 2205 1565 2263 et
1603 2200 1905 2265 Manuelis
1950 2200 2146 2264 Philae

742 2288 1067 2352 nonnulla.
1099 2292 1160 2351 1.
1190 2290 1500 2370 Excerpta
1527 2306 1561 2350 e
1587 2291 1901 2370 Dionysio.
1934 2295 1994 2354 5.
2021 2293 2146 2353 Ma·

741 2377 943 2444 crobii
951 2379 1281 2441 Somnium
1297 2377 1607 2460 Scipionis
1619 2397 1821 2458 graece
1833 2398 1868 2442 a
1879 2379 2145 2444 Maximo

738 2468 1046 2544 Planude,
1075 2467 1324 2549 aliaque
1347 2467 1671 2548 opuscula.

580 2560 678 2622 19.
725 2558 800 2620 Ν.
835 2559 994 2620 2008
1021 2554 1224 2638 (nobis
1257 2557 1349 2636 T),
1383 2573 1529 2618 saec.
1553 2557 1716 2631 XVI,
1755 2555 2138 2621 chartaceus.

739 2647 961 2708 Insunt
997 2663 1012 2705 ε
1052 2647 1110 2706 1.
1161 2642 1528 2726 Pythagoran
1575 2661 1790 2706 versus
1833 2643 2027 2707 aurei.
2077 2648 2137 2708 2.

734 2731 1095 2814 Phocylidis
1121 2748 1336 2794 versus
1359 2731 1654 2812 argentei.
1680 2734 1739 2795 3.
1763 2730 2144 2812 Theognidis

732 2825 1045 2902 excerpta.
1111 2822 1171 2881 1.
1234 2818 1546 2882 Hermetis
1607 2820 1995 2901 Trismegisti
2063 2821 2142 2884 de

729 2919 914 2974 terrae
964 2907 1242 2970 motibus
1293 2926 1570 2972 carmen.
1602 2912 1659 2973 5.
1693 2911 2044 2991 Dionysius.
2078 2915 2137 2974 6.

726 2996 985 3063 Homeri
1027 2997 1426 3061 Batrachom.
1460 3003 1520 3061 7.
1554 3001 1756 3062 Anon.
1801 3002 1892 3062 De
1929 2999 2144 3082 figuris

728 3086 889 3150 rhet.
937 3088 995 3150 8.
1039 3085 1343 3168 Tryphon
1392 3086 1485 3149 De
1527 3087 1746 3169 tropiS.
1784 3091 1848 3152 9.
1893 3088 2144 3152 Choero·

735 3175 968 3238 boscus
1011 3175 1102 3236 De
1161 3173 1381 3256 tropis.
1434 3178 1532 3237 10.
1591 3175 1996 3258 Hephaestion
2054 3177 2144 3240 De

672 3318 685 3331 .
729 3263 969 3325 metris.

575 3356 674 3415 20.
721 3353 796 3414 N.
843 3353 994 3414 2731
1033 3348 1240 3430 (nobis
1288 3349 1392 3430 U),
1441 3367 1583 3412 saec.
1617 3352 1781 3428 XVI,
1825 3351 2020 3415 chart.
2054 3355 2148 3415 In·

738 3446 885 3500 sunt
917 3458 932 3500 ε
962 3440 1294 3518 Dionysius
1339 3443 1396 3498 et
1445 3437 1833 3509 Euanthius,
1873 3444 1938 3500 et
1979 3438 2146 3502 dein·

734 3545 884 3610 ceps
907 3523 1030 3590 alia
1057 3524 1362 3608 opuscula
1386 3530 1552 3588 octo.

576 3621 677 3681 21.
725 3619 799 3679 Ν.
833 3618 991 3679 2733
1019 3613 1223 3698 (nobis
1257 3615 1353 3694 V),
1382 3632 1527 3678 saec.
1557 3615 1714 3694 XVI,
1739 3615 1962 3693 chart„
1993 3616 2144 3681 olim

737 3702 1152 3766 ColbertinuS.
1207 3705 1375 3766 Inest
1437 3704 1786 3783 Dionysius.
1856 3703 2145 3785 Suhjecta

739 3790 1000 3872 singulis
1075 3791 1360 3854 versibus
1430 3790 1872 3874 metaphrasis;
1929 3811 2146 3874 margo

739 3880 931 3943 habet
957 3878 1197 3944 scholia
1226 3877 1542 3962 quaedam.

579 3977 677 4034 22.
724 3972 798 4034 N.
831 3973 990 4034 2813
1019 3969 1223 4050 (nobis
1260 3970 1383 4048 W),
1409 3987 1554 4032 saec.
1585 3970 1739 4047 XVI,
1768 3970 1964 4034 chart.
1993 3971 2146 4036 olim

740 4057 1154 4123 ColbertinuS.
1171 4059 1416 4121 Insunt:
1435 4061 1465 4121 1
1477 4104 1492 4120 .
1508 4057 1682 4120 Arati
1699 4058 2141 4125 Phoenomena.

734 4151 794 4208 2.
857 4148 1206 4227 Dionysius.
1267 4149 1328 4210 3.
1384 4146 1697 4208 Hermetis
1758 4147 2146 4230 Trismegisti

732 4252 985 4298 carmen
1015 4234 1096 4299 de
1117 4239 1304 4298 terrae
1334 4233 1631 4298 motibus.

576 4327 672 4388 23.
718 4324 794 4387 Ν.
826 4325 982 4388 2853
1011 4320 1216 4404 (nobis
1242 4318 1353 4404 X),
1387 4341 1534 4387 saec.
1580 4324 1744 4401 XVI,
1797 4325 2022 4407 chart.‚
2053 4329 2143 4390 In·

738 4417 925 4474 sunt:
957 4416 1015 4475 1.
1062 4412 1420 4492 Dionysius.
1470 4415 1532 4474 2.
1583 4410 1978 4478 Batrachom.
2021 4417 2140 4478 Ga-

739 4498 1105 4563 leomachia.
1154 4503 1214 4564 3.
1265 4499 1544 4563 Matthaei
1607 4500 1972 4565 Camariotae
2035 4521 2144 4566 ca-

737 4607 952 4653 nones.

577 4683 675 4742 21.
722 4681 880 4742 2851
915 4675 1116 4758 (nobis
1167 4677 1266 4758 Y),
1322 4694 1467 4741 saec.
1517 4678 1673 4753 XVI,
1721 4679 1946 4760 chart„
1987 4681 2142 4744 olim

735 4764 1136 4830 Tellerianus.
1187 4768 1412 4828 Insunt
1459 4785 1475 4828 ε
1525 4771 1585 4830 1.
1635 4769 1974 4848 Dionysius.
2009 4771 2145 4834 Sin·

736 4853 898 4935 gulis
924 4853 1052 4918 fere
1075 4853 1365 4918 versibus
1405 4853 1604 4918 minio
1629 4853 1957 4938 adscrIptae
2001 4865 2146 4922 sunt

737 4944 963 5024 glossae
1019 4943 1476 5007 interlineares.
1522 4943 1660 5008 Fini
1722 4943 2074 5027 subscripta
2123 4969 2138 5012 ε

739 5029 1012 5113 Ζαχαρίας
1058 5031 1447 5112 Καλλιίργιος,
1477 5035 1506 5090 ὁ
1537 5029 1627 5090 καὶ
1671 5031 1821 5112 Κρὴς
1865 5031 1924 5092 τὸ
1965 5033 2138 5114 γένος,

732 5123 996 5200 ἐπιμελῶς
1029 5120 1121 5179 καὶ
1152 5121 1352 5194 ταύτην
1374 5122 1428 5180 ἔν
1447 5119 1644 5201 γήραος
1675 5121 1812 5204 οὐδῷ
1837 5119 2137 5205 ἱξίγραψεν.

733 5207 1008 5285 Deinde,
1056 5206 1400 5290 praemissis
1441 5206 1819 5290 quibusdam
1867 5208 1945 5272 de
1990 5209 2141 5275 Dio-

735 5296 895 5372 nvsii
927 5313 1156 5376 genere
1206 5297 1616 5380 scriptisque,
1652 5295 1856 5380 deque
1921 5296 2142 5362 discri-

1897 481 2194 545 2130thss
2203 481 2416 544 OMEN
2428 484 2478 544 A

2394 615 2565 678 mine
2638 614 2804 698 quod
2863 615 2945 678 sit
3002 615 3164 680 inter
3219 619 3661 700 geographiam
3718 626 3783 686 et

2395 702 2934 786 chorographiam,
2954 722 3071 768 nec
3095 723 3222 770 non
3246 705 3328 768 de
3355 709 3433 769 12
3450 715 3780 774 ventorum

2393 791 2781 869 nominibus,
2830 792 3106 876 sequitur
3157 793 3584 875 paraphrasis,
3638 815 3783 879 quae

2394 879 2578 943 sicuti
2631 879 2765 960 ipsa
2824 879 3156 962 periegesis
3212 880 3279 943 in
3334 885 3444 944 121
3496 884 3780 963 segmina

2394 967 2591 1032 divisa
2618 974 2733 1031 est.
2762 969 2965 1032 Tertio
2987 969 3127 1032 loco
3147 968 3345 1032 habes
3366 971 3781 1036 Eustatkium.

2392 1055 2502 1120 His
2516 1055 2805 1120 omnibus
2822 1055 2887 1119 in
2903 1055 3180 1138 margine
3200 1053 3433 1138 passim
3447 1057 3785 1142 adscriptae

2398 1143 2696 1208 lectiones
2721 1143 3044 1208 variantes.

2213 1237 2332 1296 25.
2378 1233 2451 1296 Ν.
2486 1235 2759 1297 1765-66
2798 1231 2999 1316 (nobis
3031 1233 3126 1312 Z),
3161 1250 3307 1296 saec.
3333 1233 3517 1307 XVII,
3554 1233 3784 1316 chart„

2392 1321 2546 1386 olim
2600 1320 2990 1398 Balazianus‚
3058 1321 3305 1386 duobus
3362 1321 3789 1388 voluminibus

2394 1417 2705 1480 constans..
2758 1408 3041 1474 Continet
3103 1414 3181 1475 32
3241 1411 3573 1494 opuscula,
3629 1413 3791 1477 inter

2392 1519 2534 1584 quae
2576 1503 2649 1563 N.
2675 1504 2751 1564 19
2782 1498 3022 1580 praebet
3062 1500 3370 1581 Excerpta
3400 1520 3433 1563 e
3465 1501 3785 1582 Dionysio.

2234 1591 2333 1652 26.
2378 1591 2453 1653 Ν.
2480 1592 2579 1654 83.
2604 1587 3029 1671 supplementi
3049 1585 3249 1669 [nobis
3269 1587 3369 1669 Ω),
3398 1587 3785 1667 chartaceus,

2394 1677 2663 1759 scriptus
2708 1695 2807 1739 an.
2857 1678 3031 1740 1682.
3072 1677 3291 1738 Insunt
3334 1695 3350 1738 ε
3389 1679 3444 1740 1.
3472 1676 3790 1759 Euthymii

2395 1764 2684 1829 monachi
2742 1765 2972 1843 ἄθροισις
3038 1761 3349 1832 εὗσύνοπτος
3412 1766 3787 1845 ἀστρονομίας,

2392 1852 2819 1936 apographum
2886 1849 3121 1914 codicis
3200 1850 3355 1914 olim
3431 1852 3786 1932 Petaviani,

2395 1941 2621 2005 deInde
2645 1939 2969 2005 Christinae
3003 1937 3257 2020 reginae.
3299 1937 3608 2020 Γέγραπται
3647 1944 3788 2022 χειρὶ

2401 2029 2610 2110 Πέτρου
2639 2027 2842 2102 Δανιὴλ
2872 2027 3080 2089 Ὑετίου
3110 2027 3215 2088 ἔτει
3252 2025 3358 2087 ἀπὸ
3383 2031 3478 2100 τῆς
3508 2034 3603 2088 τοῦ
3634 2031 3793 2109 λόγου

2393 2115 2763 2197 ἕνσαρκῶσεως
2805 2115 2975 2200 ,αχνό
2984 2160 3001 2190 ,
3030 2117 3081 2176 ἓν
3116 2114 3321 2196 Ὁλμία
3364 2117 3470 2175 τῶν
3514 2116 3790 2190 Σουήκων.

2391 2210 2451 2268 2.
2481 2204 2736 2270 Ioannis
2777 2202 3175 2267 Alexandrini
3225 2203 3613 2283 grammatic-i
3652 2209 3795 2288 φιλο·

2395 2294 2557 2355 πόνου
2577 2292 2737 2357 liber
2760 2294 2848 2355 De
2873 2291 3202 2355 astrolabo.
3236 2293 3416 2354 «Duo
3442 2289 3581 2355 haec
3608 2311 3794 2376 opus-

2392 2383 2533 2446 cula
2574 2381 2763 2465 petita
2806 2386 2951 2444 sunt
2995 2397 3030 2442 e
3074 2378 3294 2442 codice
3340 2397 3531 2442 manu
3571 2383 3793 2464 Angeli

2394 2469 2701 2536 Cretensis
2747 2469 3001 2551 scripto,
3048 2487 3081 2526 n
3115 2471 3184 2530 ut
3228 2466 3413 2530 docta
3461 2485 3685 2532 manus
3726 2471 3793 2534 in

2389 2558 2500 2622 fol.
2546 2563 2578 2622 1
2630 2554 2958 2621 annotavit.
3004 2556 3364 2636 Sequuntur
3404 2574 3420 2617 t
3472 2555 3792 2640 Ἐπικοῦρου

2389 2648 2583 2730 φυσικά
2597 2671 2615 2687 ·
2663 2645 2981 2727 Ἐπικούρου
3040 2641 3303 2724 μετέωρα.
3366 2644 3619 2705 Συνεσίου
3669 2647 3791 2728 περὶ

2389 2743 2482 2796 τοῦ
2528 2735 2695 2817 δώρου
2740 2733 2870 2816 πρὸς
2914 2732 3191 2806 Παιάνιον,
3232 2731 3471 2793 τουτέστι
3520 2732 3645 2814 περὶ
3700 2743 3793 2797 τοῦ

2390 2824 2739 2905 ἀστρολᾶὅου.
2767 2825 3191 2902 Περιηγητοῦ
3214 2819 3582 2882 Διονυσίου
3604 2821 3794 2903 γε’νος

2398 2912 2525 2988 (fol.
2554 2917 2656 2990 16,
2684 2911 2793 2975 lin.
2813 2912 2964 2990 1-9).
2983 2907 3223 2971 Deinde
3244 2907 3479 2972 notulae
3498 2909 3791 2993 quasdam

2392 2999 2471 3063 de
2500 3005 2790 3081 quattuor
2811 2996 3088 3062 maribus
3113 3000 3177 3059 et
3201 2998 3279 3059 11
3299 2994 3507 3078 pontis
3528 2995 3792 3083 aliisque

2398 3086 2477 3151 de
2517 3088 2708 3152 rebus
2729 3083 3175 3168 geographicis
3210 3101 3288 3147 ex
3315 3083 3452 3166 ipso
3499 3084 3801 3169 Dionysio-

2392 3175 2696 3240 collectae.
2726 3176 2875 3238 Post
2898 3172 3035 3236 haec
3066 3171 3198 3254 (fol.
3228 3175 3327 3253 17)
3356 3191 3372 3236 :
3404 3172 3799 3257 Ἐξήγησις

2395 3267 2485 3331 εἰς
2509 3263 2580 3324 τὸ
2606 3261 3061 3344 περιηγήσεως
3090 3260 3446 3322 Διονυσίου
3473 3259 3802 3345 Ἀλικαρ-

2394 3349 2644 3418 νασέως
2674 3348 3063 3434 (Ἀλεξανδρέως
3107 3347 3303 3431 mgo).
3330 3348 3499 3412 Finis
3535 3352 3643 3416 fol.
3690 3358 3794 3416 72.

2393 3438 2753 3522 Subscripta
2805 3438 3096 3520 leguntur
3146 3435 3287 3502 haec
3345 3457 3363 3500 τ
3430 3461 3463 3500 α
3510 3441 3661 3517 Quae
3710 3443 3797 3504 ad:

2392 3545 2571 3591 oram
2612 3527 2982 3592 exteriorem
3030 3530 3243 3591 notata
3288 3532 3435 3589 sunt
3449 3573 3466 3604 ,
3501 3545 3538 3590 e
3569 3525 3797 3592 codice

2393 3615 2563 3681 und'e
2632 3621 2842 3682 nostra
2900 3615 3007 3678 illa
3073 3613 3381 3698 exscripta
3450 3622 3625 3694 sunt,
3685 3615 3799 3680 de-

2398 3714 2691 3790 prompta
2718 3712 2890 3782 sunt;
2938 3723 3079 3788 quae
3106 3723 3255 3768 vero
3290 3702 3366 3768 ad
3398 3703 3791 3786 interiorem,

2394 3803 2605 3860 nostra
2625 3800 2785 3858 sunt.
2806 3814 2839 3854 ι)
2867 3793 3176 3875 Γέγραπται
3193 3791 3334 3873 χειρὶ
3354 3791 3566 3874 Πέτρου
3593 3791 3795 3867 Δανιὴλ

2392 3882 2602 3945 Ὑετίου
2629 3882 2733 3943 ἔτει
2772 3881 2879 3944 ἀπὸ
2906 3884 2998 3952 τῆς
3025 3878 3165 3946 θείας
3198 3878 3573 3959 ἱνσαρκώσεως
3595 3879 3795 3962 ἀχνὸ,

2394 3971 2448 4030 ἐν
2472 3969 2672 4053 Ὀλμίᾳ
2692 3975 2758 4051 τῇ
2781 3972 2884 4028 τῶν
2908 3965 3164 4040 Σουήκων
3189 3965 3536 4046 μητροπόλει.

2231 4063 2332 4123 27.
2377 4060 2453 4121 Ν.
2486 4061 2647 4122 2856
2669 4055 2877 4140 (nobis
2924 4057 2979 4117 F
3002 4053 3067 4116 in
3112 4053 3281 4116 uotis
3330 4052 3412 4117 ad
3448 4053 3795 4138 Eustath.),

2396 4163 2540 4210 saec.
2573 4147 2700 4220 XV,
2734 4142 3119 4207 chartaceus.
3153 4142 3537 4204 Emathias.

2231 4238 2331 4299 28.
2376 4234 2449 4296 Ν.
2480 4236 2639 4297 2733
2672 4229 2794 4314 (G),
2820 4248 2963 4293 saec.
2988 4231 3145 4308 XVI,
3176 4228 3376 4292 chart.
3404 4228 3790 4292 Eustachius.

2231 4327 2333 4387 29.
2378 4322 2453 4385 Ν.
2482 4323 2641 4384 2731
2666 4319 2797 4404 (11),
2820 4336 2966 4382 saec.
2997 4317 3152 4391 XVI,
3183 4313 3382 4379 chart.
3408 4316 3799 4380 Euanthius.

2231 4415 2328 4474 30.
2374 4410 2447 4472 Ν.
2474 4411 2629 4473 2817
2662 4409 2767 4491 (1),
2798 4426 2942 4472 saec.
2968 4407 3123 4482 XVI,
3156 4405 3385 4486 chart„
3412 4405 3570 4469 olim
3590 4406 3803 4470 Telle-

2390 4499 2622 4562 rianus.
2650 4497 2935 4562 Continet
2969 4499 3047 4560 16
3094 4493 3429 4578 opuscula,
3460 4492 3628 4559 inter
3650 4514 3801 4577 quae

2391 4591 2684 4670 quartum
2725 4586 2936 4649 locum
2976 4589 3192 4648 tenent
3235 4584 3547 4647 Eustachii
3584 4603 3801 4665 parec-

2394 4677 2563 4738 bolae.

2232 4778 2331 4837 31.
2377 4774 2451 4853 N,
2484 4775 2642 4837 2857
2661 4772 2797 4853 (M),
2829 4789 2974 4836 saec.
3004 4773 3171 4848 XVI,
3200 4768 3399 4833 chart.
3433 4767 3799 4830 Eustatlaius

2391 4860 2501 4925 fol.
2550 4865 2726 4937 1-70;
2776 4859 2922 4924 dein
2967 4860 3092 4925 duo
3134 4859 3289 4922 folia
3330 4876 3523 4922 vacua
3575 4855 3802 4920 relicta

2394 4956 2602 5025 erant,
2651 4949 2715 5012 in
2776 4966 3046 5032 quorum
3100 4946 3308 5030 primo
3377 4943 3608 5008 deinde
3670 4945 3793 5009 alia

2391 5056 2614 5101 manus
2662 5035 2913 5119 scripsit
2951 5038 3369 5116 fragmentum
3416 5032 3795 5114 geographi-

2389 5144 2537 5189 cum
2554 5171 2573 5206 ,
2603 5125 2704 5189 cui
2744 5124 2962 5188 titulus
2990 5122 3345 5207 Ἇγαθημέρου
3392 5127 3487 5184 τοῦ
3518 5119 3801 5204 Ὀρθωνος

2386 5216 2715 5298 γεωγραφίας
2740 5213 3100 5289 ὕποτύπωσις,
3130 5220 3195 5276 el.
3222 5210 3397 5296 quod
3440 5209 3675 5274 desinit
3720 5212 3787 5274 in

2390 5302 2578 5365 verba
2610 5303 2699 5362 καὶ
2726 5301 2916 5364 Ἰονίαν
2960 5303 3059 5363 καὶ
3079 5300 3316 5382 'mptum
3350 5307 3486 5363 tum
3534 5299 3643 5361 fol.
3678 5302 3796 5364 73·
