4584 6284
652 576 727 628 66
1881 558 2227 620 Dlostn
2269 558 2639 621 BYZANTH

624 698 814 771 pition
836 697 1260 771 promontorium
1284 694 1439 766 longe
1459 694 1515 749 in
1532 696 1829 766 Bosporum
1850 693 2057 757 emittit,
2082 692 2207 746 hinc
2301 689 2558 761 greditur.
2589 693 2651 744 In
2673 690 2818 746 collis
2842 691 2988 747 clivis
3011 695 3350 765 vergentibus
3367 696 3434 751 ad
3457 698 3579 753 solis
3607 711 3786 753 ortum
3809 711 3864 754 et

638 786 902 843 clauditur
930 784 1061 840 valle
1080 785 1254 857 podta
1274 793 1461 838 contra
1492 783 1695 837 Fanum
1711 782 1855 836 Jovis
1870 819 1887 847 ,
1908 780 2051 835 illinc
2080 779 2206 834 valle

637 875 893 932 Scletrina
912 914 928 941 ,
965 892 996 929 a
1023 890 1132 945 qua
1154 872 1347 927 sensim
1388 888 1507 925 suas
1535 870 1817 925 maritimas
1844 867 2043 923 radices
2076 885 2201 941 pro·

629 962 796 1037 jicere
822 974 877 1019 et
906 962 1117 1017 flectere
1138 959 1210 1016 ad
1236 960 1359 1015 solis
1394 969 1571 1015 ortum
1610 958 1818 1031 incipit,
1850 968 1909 1011 ut
1941 954 2052 1028 ejus
2077 974 2199 1030 pro-

635 1050 895 1106 montorii
938 1066 1125 1104 mucro
1166 1058 1221 1103 et
1244 1048 1491 1102 Simaeum
1526 1044 1945 1119 promontorium
1974 1042 2201 1097 efficiant

634 1138 881 1196 latiorem
906 1140 1086 1193 sinum
1110 1136 1449 1203 Scletrinam3
1482 1134 1604 1190 inde
1627 1134 1877 1208 paulatim
1898 1132 1964 1189 ad
1993 1144 2199 1207 septen-

636 1229 873 1283 trionem
920 1226 1155 1281 ssectitur
1199 1225 1256 1279 in
1300 1223 1483 1279 vallem
1523 1223 1667 1278 Jovis
1701 1224 1843 1277 Fano
1882 1221 2192 1295 oppositam.

636 1318 787 1377 Mille
808 1328 865 1375 et
890 1318 1246 1394 septingentos
1270 1333 1450 1391 passus
1468 1314 1691 1371 circuitu
1714 1310 1874 1369 maris
1909 1312 2116 1369 arenosi
2147 1321 2201 1369 et
2254 1384 2260 1389 Ι

640 1408 789 1463 vittis
815 1404 1131 1482 quibusdam
1160 1407 1215 1461 in
1234 1403 1369 1461 vado
1390 1404 1617 1459 distincti
1640 1402 2057 1477 complectuntur
2083 1420 2203 1475 pro-

640 1496 899 1552 montorii
942 1494 1079 1551 Milti
1115 1492 1341 1559 radices,
1383 1490 1591 1545 directae
1606 1530 1622 1557 ,
1667 1501 1943 1563 praeruptae
1957 1530 1974 1558 ,
2016 1491 2202 1563 praeci·

640 1583 799 1658 pites,
829 1592 891 1637 ut
913 1584 995 1636 via
1010 1580 1151 1635 nulla
1171 1590 1344 1653 pateat
1372 1580 1428 1633 in
1453 1576 1643 1644 littore,
1665 1576 1755 1632 sed
1774 1579 1829 1633 in
1857 1577 2003 1633 clivis
2020 1576 2201 1631 arduis

640 1671 829 1727 semita
855 1667 1110 1724 duntaxat
1137 1667 1371 1722 humano
1412 1682 1572 1738 opere
1604 1664 1903 1738 explanata;
1929 1682 2047 1738 quas
2085 1682 2197 1719 non

640 1760 840 1815 minori
863 1758 1137 1832 complexu
1163 1756 1323 1811 maris
1354 1756 1768 1822 circumeuntur,
1808 1772 1907 1808 nec
1947 1754 2122 1807 minus
2146 1755 2200 1807 in

640 1848 935 1924 Bosporum
944 1844 1294 1923 projiciuntur
1306 1863 1465 1921 quam
1483 1843 1685 1901 radices
1701 1841 2055 1919 promontorii
2069 1842 2203 1897 Her-

642 1938 783 1997 moei.
818 1940 963 1994 Duas
992 1936 1253 2011 angustias
1280 1934 1377 1991 illae
1415 1932 1681 2001 efficiunt,
1710 1950 1841 1989 unas
1868 1931 2105 2007 obliquas
2135 1930 2204 1986 ad

638 2032 1063 2111 promontorium
1079 2030 1208 2089 Fani
1223 2029 1458 2097 Asiatici,
1481 2026 1666 2085 alteras
1688 2036 1855 2084 rectas
1864 2022 1933 2081 ad
1948 2042 2203 2100 promon-

636 2126 835 2181 torium
847 2123 1201 2198 Argyronium
1214 2122 1271 2177 in
1281 2120 1459 2177 littore
1465 2118 1731 2175 contrario
1742 2118 1922 2185 situm,
1933 2134 2063 2190 quas
2076 2134 2207 2172 non·

634 2213 769 2269 nulli
794 2213 1078 2287 piscatores
1104 2209 1296 2265 dicunt
1319 2208 1561 2282 proxime
1587 2203 1833 2261 accedere
1858 2204 1925 2259 ad
1943 2205 2205 2275 angustias

638 2302 801 2366 Fani,
830 2298 976 2372 quod
1007 2298 1283 2371 obliquum
1301 2295 1493 2361 babet;
1513 2312 1577 2348 ac
1594 2294 1637 2347 si
1656 2302 1795 2347 recta
1821 2310 1851 2347 e
1872 2292 2085 2363 regione
2111 2310 2205 2364 op·

640 2388 881 2461 positum
902 2394 1037 2441 esset
1056 2386 1203 2439 Fano
1225 2383 1391 2450 Jovis,
1417 2381 1664 2452 angustia·
1686 2380 1816 2434 Fani
1834 2378 2002 2433 tribus
2024 2376 2203 2433 stadiis

639 2473 961 2529 astrictiores
977 2482 1071 2528 aut
1094 2470 1330 2544 profecto
1352 2488 1459 2524 non
1482 2468 1701 2525 laxiores
1730 2477 1917 2525 essent.
1946 2466 2057 2523 Sub
2079 2484 2206 2539 pro-

638 2562 969 2617 montorium
1007 2559 1197 2615 Milton
1226 2558 1368 2613 subit
1402 2557 1545 2611 vallis
1580 2558 1815 2630 opposita
1855 2557 2000 2610 Fano
2028 2556 2163 2609 Asiae
2181 2594 2198 2621 ,

637 2648 885 2706 dividens
909 2649 1104 2704 collum
1142 2648 1271 2703 Fani
1308 2647 1551 2717 Eun-opat
1576 2645 1644 2699 ab
1686 2644 1798 2718 ipso
1832 2644 2199 2717 promontorio

636 2737 792 2793 Mitto
807 2778 823 2803 ,
850 2754 967 2809 quoe
1002 2744 1121 2810 post
1147 2733 1306 2788 breve
1344 2732 1684 2805 longitudinis
1708 2732 2065 2798 intervallum,
2090 2749 2198 2805 quo

634 2842 787 2879 suam
824 2824 983 2878 imam
1013 2821 1283 2895 planitiem
1322 2837 1466 2875 mare
1496 2821 1832 2891 attingentem
1855 2819 2105 2893 explicuit
2142 2819 2197 2873 in

633 2907 965 2964 latitudinem
997 2908 1116 2980 plus
1154 2906 1335 2961 minus
1368 2903 1873 2977 quadringentorum
1908 2924 2161 2979 pamuum
2179 2948 2195 2971 ,

632 3004 931 3050 coarctatur
950 2995 1004 3048 in
1031 2991 1165 3047 duas
1194 2990 1348 3046 valles
1385 3000 1627 3061 angustas
1668 3002 1723 3046 et
1756 3009 2059 3047 nemorosas
2100 2991 2198 3047 ob-

624 3078 773 3154 jectu
794 3080 939 3136 collis
961 3077 1257 3135 intermedii
1276 3098 1292 3145 ;
1314 3095 1542 3151 quarum
1560 3077 1721 3133 altera
1736 3077 1930 3133 claudit
1948 3097 1978 3133 a
1992 3090 2199 3151 septen-

630 3168 897 3223 trionibus
930 3177 1197 3233 montem,
1230 3185 1297 3221 ex
1324 3184 1435 3239 quo
1465 3164 1745 3240 projicitur
1770 3171 2197 3239 promontorium

628 3254 820 3311 Milton
838 3296 857 3324 ,
894 3254 1055 3310 altera
1093 3255 1423 3327 superiorem
1454 3254 1600 3309 collis
1624 3266 1829 3328 partem
1858 3258 1991 3311 Fani
2028 3259 2200 3311 Euro·

629 3343 731 3417 poei
772 3360 787 3399 :
826 3360 950 3397 nam
975 3340 1283 3397 inferiorem
1308 3339 1465 3414 hujus
1490 3351 1695 3415 partem
1729 3340 1926 3399 claudit
1964 3343 2202 3417 planities

629 3430 779 3485 vallis
796 3429 1037 3485 nondum
1059 3430 1117 3483 in
1141 3427 1275 3483 duas
1302 3428 1461 3483 valles
1474 3427 1681 3483 divisae.
1713 3429 1871 3485 Collis
1894 3430 1985 3485 hic
2008 3432 2198 3503 triplici

632 3519 931 3576 declivitate
954 3516 1271 3592 propendet,
1314 3536 1421 3573 una
1457 3517 1522 3573 ad
1550 3517 1673 3573 solis
1698 3529 1873 3573 ortum
1890 3558 1906 3584 ,
1943 3518 2101 3574 altera
2134 3518 2201 3573 ad

633 3604 916 3662 meridiem
940 3644 957 3673 ,
982 3604 1137 3660 tertia
1164 3601 1233 3659 ad
1260 3621 1531 3670 oceasum,
1571 3602 1831 3675 siquidem
1866 3606 2039 3677 ipsum
2066 3624 2099 3661 a
2128 3606 2200 3659 la-

632 3693 840 3751 teribus
876 3692 1098 3764 cingunt
1132 3690 1288 3747 valles
1316 3690 1605 3765 praecipites
1642 3700 1695 3745 et
1719 3708 1866 3765 paene
1900 3691 2113 3749 directae
2129 3734 2145 3759 ,
2172 3714 2203 3750 a

633 3781 812 3837 frome
837 3798 963 3836 vero
980 3782 1246 3853 Bosporus
1261 3818 1278 3846 ,
1307 3780 1363 3833 in
1381 3796 1539 3850 quem
1560 3778 1645 3832 ille
1665 3779 1775 3851 ipse
1796 3779 1943 3835 collis
1972 3780 2201 3836 demittit

634 3870 861 3927 dorsum
881 3869 941 3924 in
963 3886 1179 3924 omnem
1215 3878 1420 3941 partem
1458 3866 1688 3939 proclive
1705 3908 1722 3933 ,
1764 3868 2003 3923 eminens
2044 3886 2201 3942 supra

636 3958 867 4033 Bospori
885 3958 1147 4031 angustias
1163 3956 1287 4012 sitas
1304 3958 1444 4011 inter
1459 3954 1568 4011 duo
1587 3958 1728 4011 Fana
1751 3956 1888 4011 inter
1910 3976 1967 4011 se
1986 3957 2199 4029 quidem

636 4048 884 4121 opposita
908 4058 961 4101 et
989 4048 1288 4118 Bosporum
1310 4045 1366 4100 in
1396 4063 1627 4100 summas
1657 4047 1919 4117 angustias
1941 4049 2195 4117 cogentia,

636 4136 967 4209 aliquantum
984 4146 1159 4190 tamen
1185 4132 1483 4189 differentia
1508 4151 1522 4189 ε
1543 4152 1666 4189 nam
1686 4136 1885 4190 Fanum
1910 4136 2197 4191 Asiaticum

633 4222 796 4278 situm
832 4232 912 4278 est
938 4224 995 4277 in
1031 4221 1403 4295 promontorio
1434 4232 1582 4276 extra
1612 4231 1843 4277 ceterum
1877 4221 2021 4277 littus
2060 4224 2197 4279 Asiae

632 4308 873 4384 projecto
908 4310 961 4365 in
982 4310 1206 4382 Bospori
1244 4307 1435 4365 fretum
1449 4349 1465 4377 ,
1506 4309 1843 4366 submittente
1884 4310 2101 4367 dorsum
2129 4312 2196 4367 ab

634 4398 841 4453 oriente
863 4395 931 4452 ad
970 4398 1349 4469 septentriones
1360 4418 1377 4463 ;
1404 4407 1457 4451 at
1481 4398 1797 4471 Europaeum
1818 4400 2021 4453 Fanum
2057 4402 2197 4472 posi-

636 4496 755 4542 tum
780 4497 861 4542 est
884 4486 941 4542 in
964 4484 1094 4542 colle
1126 4487 1401 4541 emittente
1424 4485 1643 4541 dorsum
1683 4505 1715 4542 a
1752 4488 2195 4561 septentrionibus

636 4570 707 4629 ad
734 4572 1008 4629 meridiem
1022 4614 1038 4641 ,
1066 4572 1405 4648 impendente
1434 4572 1651 4647 quidem
1683 4574 1737 4628 in
1762 4574 2072 4647 Bosporum,
2100 4574 2193 4631 sed

638 4678 751 4717 non
790 4658 1097 4735 projiciente
1124 4680 1243 4717 suas
1268 4659 1470 4715 radices
1504 4671 1649 4716 extra
1688 4679 1833 4716 oram
1864 4664 2022 4717 maris
2046 4675 2193 4719 ante·

637 4747 913 4805 cedentem
958 4760 1013 4805 et
1048 4760 1471 4823 consequentem.
1512 4750 1643 4804 Nam
1688 4750 1997 4806 antecedens
2041 4752 2196 4825 longe

636 4836 795 4894 altius
829 4838 1063 4913 projecta
1100 4849 1177 4894 est
1202 4858 1235 4893 a
1263 4839 1436 4893 vicino
1467 4840 1830 4912 promontorio
1854 4840 2040 4908 Milt03
2070 4860 2198 4896 con·

635 4942 865 4999 sequens
895 4944 1049 4994 vero,
1088 4928 1345 4997 attingens
1377 4925 1559 4980 vallem
1596 4936 1649 4980 ct
1678 4926 1877 4981 radices
1898 4927 2041 4983 collis
2063 4930 2195 4986 Fani

635 5014 885 5083 Asiatici,
929 5014 1138 5088 aequalis
1163 5025 1217 5070 et
1249 5032 1345 5087 par
1374 5014 1527 5086 longe
1556 5032 1676 5070 cum
1716 5014 2047 5090 subsequenti
2075 5036 2197 5091 pro·

714 5174 771 5230 3.
801 5176 928 5230 Haec
953 5175 1200 5231 translata
1235 5188 1359 5231 sunt
1383 5195 1413 5232 e
1433 5178 1685 5231 Strabone
1708 5180 1791 5251 (p.
1819 5181 1921 5245 αι)
1951 5196 1967 5233 ι
2011 5176 2197 5242 ‘Ar-:2⁴35

2299 778 2572 833 meridiem
2599 778 2910 852 oppidulum
2941 782 3101 836 situm
3123 780 3250 845 suit,
3281 782 3428 855 quod
3456 787 3742 857 Dionysius
3768 804 3860 858 ap-

2292 866 2451 939 pellat
2479 858 2769 939 πολίχνιον,
2794 869 3040 942 Polybius
3067 872 3369 943 Serapieum
3387 910 3404 936 ,
3439 873 3628 927 Strabo
3650 876 3862 932 Fanum-

2290 957 2518 1029 Europae
2561 958 2964 1028 Byzantiorum,
2993 957 3164 1013 Graeci
3195 956 3356 1013 hodie
3382 959 3646 1031 appellant
3693 951 3862 1035 Ἱερὸν

2289 1034 2608 1115 ‘Pap-skins,
2643 1062 2706 1099 cx
2730 1062 2796 1100 eo
2821 1044 2968 1117 quod
2989 1046 3146 1100 situm
3173 1044 3242 1098 sit
3266 1047 3322 1099 in
3349 1042 3555 1100 ditione
3595 1048 3856 1122 Europa

2287 1150 2448 1205 quam
2489 1134 2768 1188 nominant
2805 1122 3120 1203 Ῥωμελίαν-
3153 1132 3298 1187 Illius
3335 1133 3476 1187 muri
3504 1134 3730 1206 amplius
3765 1134 3861 1190 de·

2286 1238 2402 1273 cem
2431 1218 2600 1275 stadia
2621 1220 2849 1275 circuitu
2875 1220 3326 1293 complectuntur,
3369 1230 3429 1275 ut
3457 1230 3601 1294 patet
3631 1239 3696 1275 ex
3716 1224 3861 1295 ipso-

2287 1325 2411 1365 rum
2427 1306 2804 1381 fundamentis,
2825 1325 2944 1386 quae
2959 1326 3099 1366 anno
3112 1317 3396 1385 antequam
3417 1307 3533 1367 haec
3551 1308 3856 1381 scriberem,

2289 1398 2400 1453 fere
2439 1410 2552 1454 tota
2589 1399 2865 1455 exstabant
2878 1440 2894 1467 ,
2922 1399 3205 1456 humiliora
3247 1397 3468 1472 quidem
3501 1400 3664 1474 paulo
3691 1420 3860 1475 supra

2290 1496 2514 1552 terram,
2559 1497 2616 1541 at
2657 1486 2942 1542 excelsiora
2967 1487 3025 1540 in
3069 1484 3402 1541 altitudinem
3433 1488 3616 1559 viginti
3660 1486 3858 1561 pedum

2290 1567 2582 1631 etiamnum
2605 1574 2911 1631 eminebant
2938 1592 2953 1631 :
2991 1574 3084 1629 scd
3107 1592 3292 1629 eorum
3316 1576 3633 1629 maritimam
3657 1586 3860 1648 partem

2290 1661 2424 1717 adeo
2447 1661 2684 1717 funditus
2704 1662 2866 1717 everti
2885 1661 3018 1727 vidi,
3041 1672 3103 1715 ut
3124 1678 3191 1716 ne
3209 1661 3624 1715 substructiones
3643 1659 3860 1733 quidem

2289 1748 2622 1821 reliquerint.
2650 1749 2796 1803 Muri
2822 1766 2919 1821 per
2940 1747 3103 1802 clivos
3133 1748 3209 1802 sic
3235 1747 3592 1801 excurrebant
3619 1747 3862 1819 praecipi-

2290 1846 2388 1907 tes,
2423 1846 2484 1893 ut
2506 1846 2682 1893 totum
2705 1836 2880 1914 ipsum
2915 1832 3174 1911 oppidum
3201 1833 3350 1891 valde
3369 1831 3744 1910 propenderet,
3766 1850 3858 1889 ex-

2294 1937 2444 2002 cepta
2464 1926 2697 2001 acropoli
2717 1928 2817 1982 sita
2831 1926 3022 2001 partim
3040 1926 3094 1980 in
3107 1924 3276 1994 clivis,
3303 1925 3498 2000 partim
3517 1926 3574 1979 in
3593 1924 3739 1979 collis
3754 1942 3864 1980 cer-

2292 2110 2541 2183 utrinque
2563 2109 2778 2166 vallibus
2803 2108 2986 2165 collem
3008 2107 3354 2182 cingentibus.
3377 2106 3512 2162 Inde
3531 2107 3708 2162 cervix
3727 2124 3858 2180 pau-

2292 2199 2435 2254 latim
2484 2202 2707 2271 assurgit
2745 2200 2802 2253 in
2841 2197 3100 2253 excelsum
3149 2199 3398 2252 verticem
3431 2197 3628 2251 montis
3644 2237 3662 2264 ,
3716 2195 3860 2252 unde

2292 2284 2773 2359 Constantinopolis
2791 2284 3025 2351 videtum
3045 2284 3103 2339 in
3122 2302 3231 2357 quo
3257 2283 3474 2356 quidem
3503 2283 3696 2337 vertice
3721 2293 3859 2337 vete-

2290 2390 2404 2427 rem
2446 2373 2674 2446 pbarum
2715 2371 2874 2427 fuisse
2913 2381 3092 2445 postea
3141 2368 3417 2424 ostendam
3455 2388 3522 2424 ex
3565 2369 3848 2442 Dionysio.

2289 2458 2365 2512 Ut
2383 2458 2528 2511 enim
2567 2456 2712 2512 collis
2737 2456 2869 2511 Fani
2907 2457 3100 2511 emittit
3136 2455 3390 2527 angulum
3433 2472 3652 2527 quoquo
3678 2472 3858 2509 versus

2286 2541 2541 2598 declivem
2570 2543 2638 2598 ad
2661 2560 2781 2597 suas
2801 2540 3002 2597 radices
3027 2542 3315 2597 eminentes
3348 2557 3511 2613 supra
3527 2542 3822 2612 Bosporum
3837 2582 3858 2608 ,

2286 2632 2361 2686 ita
2385 2630 2642 2703 oppidum
2681 2629 2988 2705 projiciebat
3027 2647 3338 2685 mucronem
3377 2628 3620 2700 undique
3666 2629 3858 2701 procli-

2285 2737 2404 2773 vem
2417 2758 2433 2783 ,
2459 2720 2652 2791 partim
2689 2719 2903 2791 oblique
2924 2718 3244 2773 eminentem
3271 2735 3434 2790 supra
3457 2718 3658 2783 vicum,
3694 2734 3856 2789 quem

2286 2826 2431 2862 nunc
2454 2818 2644 2861 vocant
2679 2806 2979 2862 Bostm'ceem
3016 2825 3049 2862 a
3073 2807 3284 2863 Bostnis
3318 2824 3444 2861 eum
3473 2804 3858 2873 incolentibus,

2285 2894 2480 2966 partim
2497 2905 2640 2949 recta
2657 2892 3048 2966 impendentem
3071 2911 3233 2966 supra
3269 2896 3634 2965 angustiarum
3659 2895 3862 2967 Bospo-

2285 2982 2516 3035 ricarum
2543 2992 2780 3054 portum,
2805 2998 2966 3053 quem
2985 2982 3156 3036 Graeci
3183 2980 3444 3054 appellant
3473 2984 3724 3035 Mauram
3744 2998 3858 3033 nto-

2288 3068 2385 3123 Iem
2427 3068 2862 3141 [Mawmmolo],
2884 3070 2988 3124 hoc
3011 3080 3091 3124 est
3122 3068 3347 3137 nigram,
3378 3087 3410 3123 a
3439 3070 3612 3123 Ponto
3644 3068 3860 3123 Euxino

2287 3156 2567 3228 proximo,
2611 3173 2772 3227 quem
2801 3156 2971 3210 Graeci
3001 3153 3113 3227 jam
3147 3154 3296 3209 aliter
3331 3155 3591 3228 appellare
3615 3154 3858 3210 nesciunt

2286 3261 2448 3315 quam
2484 3261 2628 3297 mare
2651 3244 2874 3314 Nigrum
2892 3284 2908 3313 ,
2933 3252 3120 3297 contra
3145 3243 3482 3299 Aristotelem
3509 3243 3728 3315 (Probl.
3758 3244 3849 3308 23,

2290 3333 2382 3402 6),
2415 3330 2507 3403 qui
2535 3341 2712 3385 censet
2733 3332 2962 3386 Pontum
2991 3331 3262 3385 Euxinum
3287 3330 3546 3385 albiorem
3579 3348 3693 3386 esse
3722 3332 3855 3386 mari

2286 3416 2462 3487 AEgaeo
2483 3415 2554 3472 ob
2579 3417 2860 3472 fluminum
2879 3415 3274 3472 multitudinem
3297 3420 3530 3472 Pontum
3556 3417 3857 3487 ingredien-

2290 3503 2444 3556 tium.
2469 3502 2574 3560 Sed
2595 3503 2766 3558 Graeci
2789 3512 2966 3557 nautas
2996 3503 3162 3574 magis
3185 3512 3569 3575 perspexerunt
3593 3504 3710 3558 coeli
3729 3520 3860 3556 eon·

2287 3587 2544 3645 ditionem
2582 3606 2742 3661 quam
2786 3587 3018 3644 colorem
3078 3588 3256 3645 Ponti.
3297 3591 3350 3643 Is
3395 3589 3538 3643 enim
3589 3587 3852 3662 frequenti

2288 3677 2507 3750 mligine
2533 3674 2888 3733 circumfundi
2908 3676 3066 3743 solet,
3090 3686 3152 3731 ut
3189 3694 3298 3731 non
3323 3674 3487 3731 modo
3515 3676 3695 3731 littora
3730 3695 3852 3731 vec-

2286 3775 2455 3831 tores,
2487 3764 2660 3822 sedne
2676 3765 2996 3838 gubernator
3022 3762 3236 3837 quidem
3275 3766 3330 3819 in
3351 3766 3516 3838 puppi
3544 3775 3693 3820 stans
3731 3783 3856 3838 pro·

2288 3872 2402 3907 ram
2421 3852 2600 3908 videre
2626 3862 2802 3924 queat.
2829 3854 2910 3911 De
2935 3869 3044 3929 quo
3063 3861 3205 3905 recte
3225 3851 3468 3905 Valerius
3494 3851 3714 3908 Flaccus
3743 3870 3755 3906 z

2411 3966 2517 4018 Illic
2539 3966 2779 4017 umbrosa
2799 3978 2986 4031 semper
3008 3965 3138 4015 stant
3159 3976 3354 4027 equom
3376 3964 3557 4025 nubes,

2409 4049 2461 4094 et
2487 4044 2668 4095 incerta
2689 4042 2810 4094 dies.

2288 4142 2366 4195 Ita
2393 4141 2536 4195 enim
2574 4140 2880 4194 Cimmerias
2905 4139 3056 4209 longe
3081 4137 3291 4211 lateque
3325 4137 3568 4192 tenebras
3601 4151 3852 4211 spargunt

2284 4230 2342 4281 in
2368 4229 2628 4292 Pontum,
2654 4236 2716 4281 ut
2741 4224 3221 4299 Constantinopolis
3247 4224 3522 4283 interdum
3545 4224 3856 4296 caliginibus

2282 4310 2740 4368 circumfundatur
2826 4312 3096 4368 Nostrates
3118 4330 3184 4366 ex
3208 4312 3428 4383 antiqua
3460 4309 3595 4364 fama
3623 4312 3854 4370 Pontum

2280 4402 2553 4457 Euxinum
2583 4410 2724 4455 recte
2747 4390 2934 4454 vocant
2956 4401 3109 4454 Ham
3135 4400 3341 4470 Hujus.
3381 4422 3404 4444 ι
3443 4397 3682 4451 Hernicis
3711 4397 3854 4451 enim

2283 4488 2608 4561 temporibus
2636 4486 3244 4559 simpliciter-Ponticum
3270 4483 3485 4558 pelagus
3507 4492 3567 4541 ut
3587 4483 3855 4555 quendam

2280 4580 2552 4634 Oceanum
2582 4576 2818 4631 arbitrati
2845 4584 2989 4631 sunt.
3066 4574 3175 4645 Qui
3215 4572 3346 4629 illud
3371 4590 3540 4647 usque
3573 4570 3854 4643 adnaviga-

2282 4668 2442 4737 bant,
2491 4684 2600 4721 non
2639 4666 2788 4720 aliter
2825 4665 2882 4718 in
2927 4663 3191 4719 exteriora
3228 4661 3434 4734 ingredi
3477 4663 3642 4718 maria
3671 4660 3854 4716 cmde-

2283 4757 2502 4821 bantur,
2541 4770 2700 4825 quam
2741 4753 2832 4824 qui
2863 4763 3012 4806 extra
3050 4751 3320 4806 columnas
3357 4748 3848 4824 progrediebantur.

2284 4841 2650 4914 Quamobrem
2668 4840 2883 4914 proprie
2905 4842 3132 4895 Pontum
3171 4838 3522 4912 appellavere,
3567 4838 3703 4895 sicut
3724 4854 3853 4909 poe·

2284 4942 2394 4985 tam
2419 4928 2756 4999 intelligimus
2790 4927 3081 4981 Homerum
3103 4924 3128 4965 ³
3164 4950 3215 4981 ι.
3289 4927 3480 4979 Portus
3502 4925 3710 4978 uuum
3743 4940 3851 4975 mo·

2283 5017 2353 5074 tis
2379 5017 2647 5090 subjectus
2668 5025 2780 5072 erat
2803 5013 2903 5070 sub
2927 5016 3129 5069 Fanum
3151 5012 3465 5085 Europaeum
3483 5051 3498 5076 ,
3520 5020 3679 5082 portu
3697 5020 3852 5064 natu·

2282 5180 2563 5252 προϊόντας·
2610 5177 2810 5249 καὶγὰρ
2841 5178 3070 5251 μέγιστον
3105 5180 3204 5229 τῶν
3241 5174 3352 5227 καθ’
3390 5172 3520 5245 ἡμᾶς
3559 5170 3846 5243 ἐνομίζετο,

632 5248 689 5307 δὲ
711 5252 763 5308 οἱ
797 5254 913 5309 τότε
956 5255 1013 5311 τὸ
1060 5255 1276 5329 πέλαγος
1314 5256 1373 5311 τδ
1412 5255 1649 5312 Ποντικὸν
1680 5259 1839 5330 ὅπερ
1884 5258 2039 5312 ἄλλον
2086 5258 2197 5313 τινὰ
2284 5258 2368 5312 καὶ
2390 5256 2471 5310 διὰ
2487 5261 2634 5311 τοῦτο
2657 5257 2762 5311 κατ’
2793 5252 2965 5328 ἐξοχὴν
2996 5253 3126 5319 ἰδίως
3150 5253 3332 5309 πόντον
3357 5251 3745 5325 προσηγόρευον,
3779 5248 3851 5313 ὣς

637 5330 881 5390 Ὧκιανὸν
920 5335 1303 5408 animasum
1331 5336 1417 5391 καὶ
1440 5336 1554 5401 τοὺς
1570 5336 1804 5399 πλέοντας
1836 5334 1990 5391 ἐκεῖσε
2013 5336 2197 5409 ὁμοίιος

629 5408 907 5479 inmitem
948 5414 1151 5470 ἐδόκουν
1199 5416 1364 5489 ὥπερ
1407 5414 1519 5480 τοὺς
1561 5414 1653 5479 ἔξω
1691 5414 1893 5485 Στηλῶν
1944 5414 2023 5470 ἐπὶ
2065 5415 2195 5471 πολὶι

2281 5334 2491 5406 ποιητὴν
2524 5336 2769 5411 Ὅμηρον.
