<?xml version="1.0" encoding="UTF-8"?>
<!DOCTYPE html PUBLIC "-//W3C//DTD XHTML 1.0 Transitional//EN"
    "http://www.w3.org/TR/xhtml1/DTD/xhtml1-transitional.dtd">
<html xmlns="http://www.w3.org/1999/xhtml" xml:lang="en" lang="en">
 <head>
  <title>
</title>
<meta http-equiv="Content-Type" content="text/html;charset=utf-8" />
  <meta name='ocr-system' content='tesseract 3.04.00' />
  <meta name='ocr-capabilities' content='ocr_page ocr_carea ocr_par ocr_line ocrx_word'/>
</head>
<body>
  <div class='ocr_page' id='page_1' title='image "./geographigraeci05mlgoog_0693.png"; bbox 0 0 4584 6284; ppageno 0'>
   <div class='ocr_carea' id='block_1_1' title="bbox 1825 521 2791 586">
    <p class='ocr_par' dir='ltr' id='par_1_1' title="bbox 1825 521 2791 586">
     <span class='ocr_line' id='line_1_1' title="bbox 1825 521 2791 586; baseline 0.003 -5"><span class='ocrx_word' id='word_1_1' title='bbox 1825 521 1924 582; x_wconf 80' lang='lat' dir='ltr'>Ex</span> <span class='ocrx_word' id='word_1_2' title='bbox 1965 521 2394 584; x_wconf 81' lang='lat' dir='ltr'><strong>STRABONIS</strong></span> <span class='ocrx_word' id='word_1_3' title='bbox 2439 523 2583 584; x_wconf 69' lang='grc' dir='ltr'>[ΛΒ.</span> <span class='ocrx_word' id='word_1_4' title='bbox 2628 525 2791 586; x_wconf 83' lang='lat' dir='ltr'>xm.</span> 
     </span>
    </p>
   </div>
   <div class='ocr_carea' id='block_1_2' title="bbox 667 649 2242 5368">
    <p class='ocr_par' dir='ltr' id='par_1_2' title="bbox 689 649 2242 1080">
     <span class='ocr_line' id='line_1_2' title="bbox 695 649 2242 730; baseline 0.001 -20"><span class='ocrx_word' id='word_1_5' title='bbox 695 674 858 727; x_wconf 90' lang='grc' dir='ltr'>ματος</span> <span class='ocrx_word' id='word_1_6' title='bbox 895 649 1264 728; x_wconf 77' lang='grc' dir='ltr'>ΙΙοροσελήνην</span> <span class='ocrx_word' id='word_1_7' title='bbox 1308 651 1442 716; x_wconf 79' lang='grc' dir='ltr'>τινὲς</span> <span class='ocrx_word' id='word_1_8' title='bbox 1471 649 1632 722; x_wconf 79' lang='grc' dir='ltr'>αὐτὴν</span> <span class='ocrx_word' id='word_1_9' title='bbox 1670 652 1920 724; x_wconf 83' lang='grc' dir='ltr'>καλοῦσι,</span> <span class='ocrx_word' id='word_1_10' title='bbox 1950 651 2010 711; x_wconf 76' lang='grc' dir='ltr'>τὸ</span> <span class='ocrx_word' id='word_1_11' title='bbox 2044 651 2098 711; x_wconf 69' lang='grc' dir='ltr'>δὲ</span> <span class='ocrx_word' id='word_1_12' title='bbox 2123 651 2242 730; x_wconf 78' lang='grc' dir='ltr'>περὶ</span> 
     </span>
     <span class='ocr_line' id='line_1_3' title="bbox 693 736 2242 819; baseline -0.001 -20"><span class='ocrx_word' id='word_1_13' title='bbox 693 737 976 818; x_wconf 77' lang='grc' dir='ltr'>Πέργαμον</span> <span class='ocrx_word' id='word_1_14' title='bbox 997 738 1344 817; x_wconf 80' lang='grc' dir='ltr'>Ἀσπόρδηνον</span> <span class='ocrx_word' id='word_1_15' title='bbox 1361 737 1475 818; x_wconf 79' lang='grc' dir='ltr'>ὄρος</span> <span class='ocrx_word' id='word_1_16' title='bbox 1489 736 1824 818; x_wconf 82' lang='grc' dir='ltr'>Ἀσπόρηνον,</span> <span class='ocrx_word' id='word_1_17' title='bbox 1849 738 2017 800; x_wconf 75' lang='grc' dir='ltr'>καὶτὸ</span> <span class='ocrx_word' id='word_1_18' title='bbox 2033 740 2085 797; x_wconf 87' lang='grc' dir='ltr'>ἐν</span> <span class='ocrx_word' id='word_1_19' title='bbox 2101 741 2242 819; x_wconf 78' lang='grc' dir='ltr'>αὐτῷ</span> 
     </span>
     <span class='ocr_line' id='line_1_4' title="bbox 689 817 2240 908; baseline -0.001 -24"><span class='ocrx_word' id='word_1_20' title='bbox 689 824 826 906; x_wconf 75' lang='grc' dir='ltr'>ἱερὸν</span> <span class='ocrx_word' id='word_1_21' title='bbox 856 823 1052 905; x_wconf 79' lang='grc' dir='ltr'>μητρὸς</span> <span class='ocrx_word' id='word_1_22' title='bbox 1079 828 1219 904; x_wconf 81' lang='grc' dir='ltr'>[τῶν</span> <span class='ocrx_word' id='word_1_23' title='bbox 1251 826 1412 904; x_wconf 83' lang='grc' dir='ltr'>θεῶν]</span> <span class='ocrx_word' id='word_1_24' title='bbox 1433 823 1767 904; x_wconf 77' lang='grc' dir='ltr'>Ἀσπορηνῆς.</span> <span class='ocrx_word' id='word_1_25' title='bbox 1791 829 1842 887; x_wconf 89' lang='grc' dir='ltr'>Τ</span> <span class='ocrx_word' id='word_1_26' title='bbox 1847 825 1864 884; x_wconf 83' lang='grc' dir='ltr'>ί</span> <span class='ocrx_word' id='word_1_27' title='bbox 1891 817 1980 886; x_wconf 70' lang='grc' dir='ltr'>οὗν</span> <span class='ocrx_word' id='word_1_28' title='bbox 2007 825 2240 908; x_wconf 72' lang='grc' dir='ltr'>φήσομεν</span> 
     </span>
     <span class='ocr_line' id='line_1_5' title="bbox 689 911 2240 994; baseline -0.001 -23"><span class='ocrx_word' id='word_1_29' title='bbox 689 913 777 972; x_wconf 75' lang='grc' dir='ltr'>ἐπὶ</span> <span class='ocrx_word' id='word_1_30' title='bbox 818 919 912 972; x_wconf 90' lang='grc' dir='ltr'>τοῦ</span> <span class='ocrx_word' id='word_1_31' title='bbox 959 912 1220 994; x_wconf 82' lang='grc' dir='ltr'>σαπέρδου</span> <span class='ocrx_word' id='word_1_32' title='bbox 1263 911 1355 970; x_wconf 73' lang='grc' dir='ltr'>καὶ</span> <span class='ocrx_word' id='word_1_33' title='bbox 1397 911 1674 992; x_wconf 83' lang='grc' dir='ltr'>πορδάλιος</span> <span class='ocrx_word' id='word_1_34' title='bbox 1720 913 1812 972; x_wconf 82' lang='grc' dir='ltr'>καὶ</span> <span class='ocrx_word' id='word_1_35' title='bbox 1854 913 2106 993; x_wconf 85' lang='grc' dir='ltr'>περδίκκα</span> <span class='ocrx_word' id='word_1_36' title='bbox 2149 914 2240 972; x_wconf 81' lang='grc' dir='ltr'>καὶ</span> 
     </span>
     <span class='ocr_line' id='line_1_6' title="bbox 689 997 1866 1080; baseline 0 -23"><span class='ocrx_word' id='word_1_37' title='bbox 689 1026 713 1050; x_wconf 74' lang='grc' dir='ltr'>κ</span> <span class='ocrx_word' id='word_1_38' title='bbox 739 998 832 1057; x_wconf 78' lang='grc' dir='ltr'>σὺν</span> <span class='ocrx_word' id='word_1_39' title='bbox 860 1001 1196 1079; x_wconf 87' lang='grc' dir='ltr'>πορδακοῖσιν</span> <span class='ocrx_word' id='word_1_40' title='bbox 1215 1027 1240 1052; x_wconf 70' lang='grc' dir='ltr'><strong>ι</strong></span> <span class='ocrx_word' id='word_1_41' title='bbox 1277 999 1390 1058; x_wconf 77' lang='grc' dir='ltr'>ἀντὶ</span> <span class='ocrx_word' id='word_1_42' title='bbox 1424 1006 1514 1059; x_wconf 90' lang='grc' dir='ltr'>τοῦ</span> <span class='ocrx_word' id='word_1_43' title='bbox 1542 997 1866 1080; x_wconf 70' lang='grc' dir='ltr'>διαδρόχοιςς</span> 
     </span>
    </p>

    <p class='ocr_par' dir='ltr' id='par_1_3' title="bbox 687 1082 2238 1428">
     <span class='ocr_line' id='line_1_7' title="bbox 767 1082 2234 1166; baseline 0 -18"><span class='ocrx_word' id='word_1_44' title='bbox 767 1106 843 1148; x_wconf 78' lang='lat' dir='ltr'>ss.</span> <span class='ocrx_word' id='word_1_45' title='bbox 869 1083 1002 1148; x_wconf 85' lang='grc' dir='ltr'>Ὅτι</span> <span class='ocrx_word' id='word_1_46' title='bbox 1042 1088 1098 1146; x_wconf 83' lang='grc' dir='ltr'>ἐν</span> <span class='ocrx_word' id='word_1_47' title='bbox 1130 1084 1423 1166; x_wconf 77' lang='grc' dir='ltr'>Καταλόγῳ</span> <span class='ocrx_word' id='word_1_48' title='bbox 1458 1082 1704 1166; x_wconf 81' lang='grc' dir='ltr'>Ὄμηρος</span> <span class='ocrx_word' id='word_1_49' title='bbox 1747 1088 1958 1156; x_wconf 77' lang='grc' dir='ltr'><strong>εἰκότως</strong></span> <span class='ocrx_word' id='word_1_50' title='bbox 1991 1085 2234 1166; x_wconf 83' lang='grc' dir='ltr'>Λελέγων</span> 
     </span>
     <span class='ocr_line' id='line_1_8' title="bbox 688 1173 2238 1252; baseline 0 -18"><span class='ocrx_word' id='word_1_51' title='bbox 688 1173 780 1234; x_wconf 73' lang='grc' dir='ltr'>καὶ</span> <span class='ocrx_word' id='word_1_52' title='bbox 809 1173 1046 1235; x_wconf 78' lang='grc' dir='ltr'>Κιλίκων</span> <span class='ocrx_word' id='word_1_53' title='bbox 1071 1173 1162 1233; x_wconf 75' lang='grc' dir='ltr'>καὶ</span> <span class='ocrx_word' id='word_1_54' title='bbox 1188 1173 1486 1234; x_wconf 70' lang='grc' dir='ltr'>Καυκώνιον</span> <span class='ocrx_word' id='word_1_55' title='bbox 1515 1175 1608 1234; x_wconf 80' lang='grc' dir='ltr'>οὔκ</span> <span class='ocrx_word' id='word_1_56' title='bbox 1631 1175 2000 1252; x_wconf 75' lang='grc' dir='ltr'>ἐμνημόνευσε·</span> <span class='ocrx_word' id='word_1_57' title='bbox 2025 1174 2238 1250; x_wconf 62' lang='grc' dir='ltr'>διεφθάυ</span> 
     </span>
     <span class='ocr_line' id='line_1_9' title="bbox 692 1258 2232 1341; baseline 0.002 -23"><span class='ocrx_word' id='word_1_58' title='bbox 692 1282 857 1339; x_wconf 89' lang='grc' dir='ltr'>ρησαν</span> <span class='ocrx_word' id='word_1_59' title='bbox 893 1261 996 1341; x_wconf 79' lang='grc' dir='ltr'>γὰρ</span> <span class='ocrx_word' id='word_1_60' title='bbox 1027 1260 1130 1334; x_wconf 82' lang='grc' dir='ltr'>ἤδη</span> <span class='ocrx_word' id='word_1_61' title='bbox 1157 1259 1259 1319; x_wconf 72' lang='grc' dir='ltr'>ὑπὸ</span> <span class='ocrx_word' id='word_1_62' title='bbox 1282 1259 1558 1340; x_wconf 76' lang='grc' dir='ltr'>Ἀχιλλέως</span> <span class='ocrx_word' id='word_1_63' title='bbox 1584 1258 1616 1318; x_wconf 79' lang='grc' dir='ltr'>ὅ</span> <span class='ocrx_word' id='word_1_64' title='bbox 1639 1283 1696 1319; x_wconf 86' lang='grc' dir='ltr'>τε</span> <span class='ocrx_word' id='word_1_65' title='bbox 1732 1261 1952 1323; x_wconf 82' lang='grc' dir='ltr'>Ἠετίων</span> <span class='ocrx_word' id='word_1_66' title='bbox 1981 1263 2074 1323; x_wconf 77' lang='grc' dir='ltr'>καὶ</span> <span class='ocrx_word' id='word_1_67' title='bbox 2115 1260 2232 1323; x_wconf 80' lang='grc' dir='ltr'>Μύ-</span> 
     </span>
     <span class='ocr_line' id='line_1_10' title="bbox 687 1346 1812 1428; baseline 0.003 -21"><span class='ocrx_word' id='word_1_68' title='bbox 687 1371 780 1420; x_wconf 88' lang='grc' dir='ltr'>νης</span> <span class='ocrx_word' id='word_1_69' title='bbox 808 1347 902 1407; x_wconf 79' lang='grc' dir='ltr'>καὶ</span> <span class='ocrx_word' id='word_1_70' title='bbox 924 1346 1270 1428; x_wconf 74' lang='grc' dir='ltr'>Ἐπίστροφος</span> <span class='ocrx_word' id='word_1_71' title='bbox 1286 1349 1377 1406; x_wconf 81' lang='grc' dir='ltr'>καὶ</span> <span class='ocrx_word' id='word_1_72' title='bbox 1401 1350 1450 1408; x_wconf 77' lang='grc' dir='ltr'>οἰ</span> <span class='ocrx_word' id='word_1_73' title='bbox 1472 1347 1588 1408; x_wconf 84' lang='grc' dir='ltr'>λαοὶ</span> <span class='ocrx_word' id='word_1_74' title='bbox 1618 1350 1812 1410; x_wconf 79' lang='grc' dir='ltr'>αὐτῶν.</span> 
     </span>
    </p>

    <p class='ocr_par' dir='ltr' id='par_1_4' title="bbox 667 1429 2234 1691">
     <span class='ocr_line' id='line_1_11' title="bbox 767 1429 2234 1516; baseline -0.001 -21"><span class='ocrx_word' id='word_1_75' title='bbox 767 1453 840 1496; x_wconf 72' lang='grc' dir='ltr'>εν.</span> <span class='ocrx_word' id='word_1_76' title='bbox 877 1429 1007 1495; x_wconf 82' lang='grc' dir='ltr'>Ὅτι</span> <span class='ocrx_word' id='word_1_77' title='bbox 1049 1439 1077 1494; x_wconf 80' lang='grc' dir='ltr'><strong>ὁ</strong></span> <span class='ocrx_word' id='word_1_78' title='bbox 1111 1438 1214 1494; x_wconf 82' lang='grc' dir='ltr'>τῶν</span> <span class='ocrx_word' id='word_1_79' title='bbox 1253 1437 1537 1510; x_wconf 80' lang='grc' dir='ltr'>Πελασγῶν</span> <span class='ocrx_word' id='word_1_80' title='bbox 1561 1435 1738 1515; x_wconf 71' lang='grc' dir='ltr'>ἄρχων</span> <span class='ocrx_word' id='word_1_81' title='bbox 1766 1433 2034 1504; x_wconf 83' lang='grc' dir='ltr'>Ἱππόθοος</span> <span class='ocrx_word' id='word_1_82' title='bbox 2065 1435 2234 1516; x_wconf 82' lang='grc' dir='ltr'>Λάρι-</span> 
     </span>
     <span class='ocr_line' id='line_1_12' title="bbox 689 1510 2234 1603; baseline 0 -21"><span class='ocrx_word' id='word_1_83' title='bbox 689 1545 786 1582; x_wconf 82' lang='grc' dir='ltr'>σαν</span> <span class='ocrx_word' id='word_1_84' title='bbox 816 1510 929 1602; x_wconf 70' lang='grc' dir='ltr'>εἶχε</span> <span class='ocrx_word' id='word_1_85' title='bbox 956 1521 1183 1603; x_wconf 80' lang='grc' dir='ltr'>πατρίδα</span> <span class='ocrx_word' id='word_1_86' title='bbox 1211 1521 1301 1595; x_wconf 81' lang='grc' dir='ltr'>τὴν</span> <span class='ocrx_word' id='word_1_87' title='bbox 1323 1524 1375 1581; x_wconf 77' lang='grc' dir='ltr'>ἐν</span> <span class='ocrx_word' id='word_1_88' title='bbox 1403 1521 1556 1601; x_wconf 82' lang='grc' dir='ltr'>Κύμῃ</span> <span class='ocrx_word' id='word_1_89' title='bbox 1581 1526 1674 1594; x_wconf 76' lang='grc' dir='ltr'>τῆς</span> <span class='ocrx_word' id='word_1_90' title='bbox 1704 1522 1943 1591; x_wconf 76' lang='grc' dir='ltr'>Αἰολίδος</span> <span class='ocrx_word' id='word_1_91' title='bbox 1969 1523 2234 1601; x_wconf 82' lang='grc' dir='ltr'>κειμένην·</span> 
     </span>
     <span class='ocr_line' id='line_1_13' title="bbox 667 1607 1849 1691; baseline 0.005 -24"><span class='ocrx_word' id='word_1_92' title='bbox 667 1612 734 1667; x_wconf 80' lang='grc' dir='ltr'>-οἱ</span> <span class='ocrx_word' id='word_1_93' title='bbox 763 1609 817 1669; x_wconf 75' lang='grc' dir='ltr'>δὲ</span> <span class='ocrx_word' id='word_1_94' title='bbox 853 1609 1116 1688; x_wconf 84' lang='grc' dir='ltr'>Πελασγοὶ</span> <span class='ocrx_word' id='word_1_95' title='bbox 1146 1609 1246 1668; x_wconf 79' lang='grc' dir='ltr'>ὑπὸ</span> <span class='ocrx_word' id='word_1_96' title='bbox 1277 1608 1508 1670; x_wconf 80' lang='grc' dir='ltr'>Αἰολέων</span> <span class='ocrx_word' id='word_1_97' title='bbox 1530 1607 1849 1691; x_wconf 72' lang='grc' dir='ltr'>ἐφθάρησαν.</span> 
     </span>
    </p>

    <p class='ocr_par' dir='ltr' id='par_1_5' title="bbox 682 1691 2236 2037">
     <span class='ocr_line' id='line_1_14' title="bbox 764 1691 2236 1777; baseline 0.001 -20"><span class='ocrx_word' id='word_1_98' title='bbox 764 1716 842 1757; x_wconf 90' lang='grc' dir='ltr'>7ο.</span> <span class='ocrx_word' id='word_1_99' title='bbox 873 1691 1003 1756; x_wconf 83' lang='grc' dir='ltr'>Ὅτι</span> <span class='ocrx_word' id='word_1_100' title='bbox 1039 1695 1334 1756; x_wconf 75' lang='grc' dir='ltr'>σκώπτεται</span> <span class='ocrx_word' id='word_1_101' title='bbox 1365 1698 1436 1762; x_wconf 85' lang='grc' dir='ltr'>εἰς</span> <span class='ocrx_word' id='word_1_102' title='bbox 1481 1697 1822 1767; x_wconf 79' lang='grc' dir='ltr'>ἀναισθησίαν</span> <span class='ocrx_word' id='word_1_103' title='bbox 1865 1702 1900 1770; x_wconf 80' lang='grc' dir='ltr'>ἡ</span> <span class='ocrx_word' id='word_1_104' title='bbox 1948 1696 2138 1777; x_wconf 89' lang='grc' dir='ltr'>Κύμη,</span> <span class='ocrx_word' id='word_1_105' title='bbox 2166 1701 2236 1766; x_wconf 81' lang='grc' dir='ltr'>ὣς</span> 
     </span>
     <span class='ocr_line' id='line_1_15' title="bbox 689 1781 2236 1867; baseline 0.002 -25"><span class='ocrx_word' id='word_1_106' title='bbox 689 1782 824 1860; x_wconf 78' lang='grc' dir='ltr'>μετὰ</span> <span class='ocrx_word' id='word_1_107' title='bbox 846 1781 896 1842; x_wconf 84' lang='grc' dir='ltr'>τ’</span> <span class='ocrx_word' id='word_1_108' title='bbox 923 1781 1014 1854; x_wconf 76' lang='grc' dir='ltr'>ἔτη</span> <span class='ocrx_word' id='word_1_109' title='bbox 1043 1781 1340 1860; x_wconf 70' lang='grc' dir='ltr'>ἄποδομένη</span> <span class='ocrx_word' id='word_1_110' title='bbox 1381 1787 1486 1842; x_wconf 82' lang='grc' dir='ltr'>τῶν</span> <span class='ocrx_word' id='word_1_111' title='bbox 1516 1783 1740 1861; x_wconf 77' lang='grc' dir='ltr'>λιμένων</span> <span class='ocrx_word' id='word_1_112' title='bbox 1772 1784 1842 1844; x_wconf 74' lang='grc' dir='ltr'>τὰ</span> <span class='ocrx_word' id='word_1_113' title='bbox 1872 1785 2029 1858; x_wconf 84' lang='grc' dir='ltr'>τέλη,</span> <span class='ocrx_word' id='word_1_114' title='bbox 2058 1783 2236 1867; x_wconf 80' lang='grc' dir='ltr'>ὥσπερ</span> 
     </span>
     <span class='ocr_line' id='line_1_16' title="bbox 683 1867 2236 1955; baseline 0.003 -27"><span class='ocrx_word' id='word_1_115' title='bbox 683 1870 798 1930; x_wconf 90' lang='grc' dir='ltr'>τότε</span> <span class='ocrx_word' id='word_1_116' title='bbox 821 1867 1092 1950; x_wconf 72' lang='grc' dir='ltr'>ᾐσθημένη</span> <span class='ocrx_word' id='word_1_117' title='bbox 1109 1914 1126 1942; x_wconf 92' lang='grc'>,</span> <span class='ocrx_word' id='word_1_118' title='bbox 1165 1867 1246 1928; x_wconf 80' lang='grc' dir='ltr'>ὅτι</span> <span class='ocrx_word' id='word_1_119' title='bbox 1275 1869 1425 1950; x_wconf 74' lang='grc' dir='ltr'>παρὰ</span> <span class='ocrx_word' id='word_1_120' title='bbox 1451 1869 1720 1932; x_wconf 85' lang='grc' dir='ltr'>θάλασσαν</span> <span class='ocrx_word' id='word_1_121' title='bbox 1750 1873 1958 1933; x_wconf 81' lang='grc' dir='ltr'>οἰκοῖτο·</span> <span class='ocrx_word' id='word_1_122' title='bbox 1989 1875 2236 1955; x_wconf 88' lang='grc' dir='ltr'>πρότερον</span> 
     </span>
     <span class='ocr_line' id='line_1_17' title="bbox 682 1953 1798 2037; baseline 0.003 -23"><span class='ocrx_word' id='word_1_123' title='bbox 682 1955 726 2014; x_wconf 85' lang='grc' dir='ltr'>δ’</span> <span class='ocrx_word' id='word_1_124' title='bbox 747 1957 840 2016; x_wconf 81' lang='grc' dir='ltr'>οὔκ</span> <span class='ocrx_word' id='word_1_125' title='bbox 867 1959 1158 2035; x_wconf 73' lang='grc' dir='ltr'>ἐκαρποῦτο</span> <span class='ocrx_word' id='word_1_126' title='bbox 1175 1953 1272 2029; x_wconf 81' lang='grc' dir='ltr'>τὴν</span> <span class='ocrx_word' id='word_1_127' title='bbox 1290 1958 1543 2037; x_wconf 87' lang='grc' dir='ltr'>πρόσοδον</span> <span class='ocrx_word' id='word_1_128' title='bbox 1575 1956 1798 2032; x_wconf 86' lang='grc' dir='ltr'>ταύτην.</span> 
     </span>
    </p>

    <p class='ocr_par' dir='ltr' id='par_1_6' title="bbox 674 2041 2238 3172">
     <span class='ocr_line' id='line_1_18' title="bbox 759 2041 2238 2127; baseline 0.003 -22"><span class='ocrx_word' id='word_1_129' title='bbox 759 2065 831 2106; x_wconf 87' lang='grc'>71.</span> <span class='ocrx_word' id='word_1_130' title='bbox 879 2041 1010 2104; x_wconf 85' lang='grc' dir='ltr'>Ὅτι</span> <span class='ocrx_word' id='word_1_131' title='bbox 1037 2044 1129 2104; x_wconf 73' lang='grc' dir='ltr'>καὶ</span> <span class='ocrx_word' id='word_1_132' title='bbox 1150 2043 1288 2118; x_wconf 78' lang='grc' dir='ltr'>ἄλλη</span> <span class='ocrx_word' id='word_1_133' title='bbox 1305 2045 1517 2122; x_wconf 88' lang='grc' dir='ltr'>λέγεται</span> <span class='ocrx_word' id='word_1_134' title='bbox 1538 2046 1680 2106; x_wconf 81' lang='grc' dir='ltr'>αἰτία</span> <span class='ocrx_word' id='word_1_135' title='bbox 1707 2047 1926 2120; x_wconf 90' lang='grc' dir='ltr'>τοιαύτη</span> <span class='ocrx_word' id='word_1_136' title='bbox 1947 2052 2037 2107; x_wconf 91' lang='grc' dir='ltr'>τοῦ</span> <span class='ocrx_word' id='word_1_137' title='bbox 2065 2047 2238 2127; x_wconf 81' lang='grc' dir='ltr'>σκώμ·</span> 
     </span>
     <span class='ocr_line' id='line_1_19' title="bbox 680 2129 2232 2216; baseline 0.002 -25"><span class='ocrx_word' id='word_1_138' title='bbox 680 2155 874 2209; x_wconf 81' lang='grc' dir='ltr'>ματος,</span> <span class='ocrx_word' id='word_1_139' title='bbox 915 2129 997 2192; x_wconf 78' lang='grc' dir='ltr'>ὅτι</span> <span class='ocrx_word' id='word_1_140' title='bbox 1037 2132 1405 2208; x_wconf 85' lang='grc' dir='ltr'>δανεισάμενοί</span> <span class='ocrx_word' id='word_1_141' title='bbox 1445 2156 1574 2193; x_wconf 88' lang='grc' dir='ltr'>ποτε</span> <span class='ocrx_word' id='word_1_142' title='bbox 1633 2136 1683 2193; x_wconf 77' lang='grc' dir='ltr'>οἱ</span> <span class='ocrx_word' id='word_1_143' title='bbox 1735 2138 1964 2212; x_wconf 79' lang='grc' dir='ltr'>Κυμαῖοι</span> <span class='ocrx_word' id='word_1_144' title='bbox 2007 2137 2232 2216; x_wconf 69' lang='grc' dir='ltr'>δημοσία</span> 
     </span>
     <span class='ocr_line' id='line_1_20' title="bbox 678 2213 2235 2299; baseline 0.005 -22"><span class='ocrx_word' id='word_1_145' title='bbox 678 2218 936 2299; x_wconf 75' lang='grc' dir='ltr'>χρήματα</span> <span class='ocrx_word' id='word_1_146' title='bbox 975 2217 1070 2286; x_wconf 77' lang='grc' dir='ltr'>τὰς</span> <span class='ocrx_word' id='word_1_147' title='bbox 1099 2218 1258 2288; x_wconf 75' lang='grc' dir='ltr'>στοὰς</span> <span class='ocrx_word' id='word_1_148' title='bbox 1298 2221 1573 2294; x_wconf 75' lang='grc' dir='ltr'>ὑπέθεντο,</span> <span class='ocrx_word' id='word_1_149' title='bbox 1617 2213 1710 2281; x_wconf 73' lang='grc' dir='ltr'>εἶτ’</span> <span class='ocrx_word' id='word_1_150' title='bbox 1763 2223 1859 2282; x_wconf 81' lang='grc' dir='ltr'>οὐκ</span> <span class='ocrx_word' id='word_1_151' title='bbox 1907 2223 2235 2292; x_wconf 75' lang='grc' dir='ltr'>ἀποδιδόντες</span> 
     </span>
     <span class='ocr_line' id='line_1_21' title="bbox 681 2306 2232 2389; baseline 0.003 -22"><span class='ocrx_word' id='word_1_152' title='bbox 681 2308 818 2367; x_wconf 79' lang='grc' dir='ltr'>κατὰ</span> <span class='ocrx_word' id='word_1_153' title='bbox 845 2307 940 2380; x_wconf 77' lang='grc' dir='ltr'>τὴν</span> <span class='ocrx_word' id='word_1_154' title='bbox 968 2306 1266 2388; x_wconf 73' lang='grc' dir='ltr'>ὡρισμένην</span> <span class='ocrx_word' id='word_1_155' title='bbox 1287 2306 1494 2388; x_wconf 75' lang='grc' dir='ltr'>ἡμέραν</span> <span class='ocrx_word' id='word_1_156' title='bbox 1521 2307 1756 2389; x_wconf 79' lang='grc' dir='ltr'>εἴργοντο</span> <span class='ocrx_word' id='word_1_157' title='bbox 1787 2313 1887 2371; x_wconf 79' lang='grc' dir='ltr'>τῶν</span> <span class='ocrx_word' id='word_1_158' title='bbox 1913 2311 2232 2389; x_wconf 84' lang='grc' dir='ltr'>περιπάτων·</span> 
     </span>
     <span class='ocr_line' id='line_1_22' title="bbox 681 2394 2235 2480; baseline 0.003 -25"><span class='ocrx_word' id='word_1_159' title='bbox 681 2395 768 2455; x_wconf 81' lang='grc' dir='ltr'>ὅτε</span> <span class='ocrx_word' id='word_1_160' title='bbox 804 2394 981 2474; x_wconf 85' lang='grc' dir='ltr'>μέντοι</span> <span class='ocrx_word' id='word_1_161' title='bbox 1024 2395 1218 2476; x_wconf 76' lang='grc' dir='ltr'>ὅμὸρος</span> <span class='ocrx_word' id='word_1_162' title='bbox 1247 2396 1358 2470; x_wconf 75' lang='grc' dir='ltr'>εἴη,</span> <span class='ocrx_word' id='word_1_163' title='bbox 1387 2399 1524 2457; x_wconf 78' lang='grc' dir='ltr'>κατὰ</span> <span class='ocrx_word' id='word_1_164' title='bbox 1561 2401 1692 2458; x_wconf 83' lang='grc' dir='ltr'>αἰδῶ</span> <span class='ocrx_word' id='word_1_165' title='bbox 1719 2421 1836 2457; x_wconf 88' lang='grc' dir='ltr'>τινα</span> <span class='ocrx_word' id='word_1_166' title='bbox 1863 2398 2166 2480; x_wconf 88' lang='grc' dir='ltr'>κηρύττοιεν</span> <span class='ocrx_word' id='word_1_167' title='bbox 2188 2405 2235 2460; x_wconf 83' lang='grc' dir='ltr'>οῖ</span> 
     </span>
     <span class='ocr_line' id='line_1_23' title="bbox 682 2482 2238 2566; baseline 0.005 -26"><span class='ocrx_word' id='word_1_168' title='bbox 682 2482 987 2556; x_wconf 72' lang='grc' dir='ltr'>δανεισταὶ,</span> <span class='ocrx_word' id='word_1_169' title='bbox 1018 2483 1314 2551; x_wconf 78' lang='grc' dir='ltr'>κελεύοντες</span> <span class='ocrx_word' id='word_1_170' title='bbox 1342 2483 1445 2543; x_wconf 75' lang='grc' dir='ltr'>ὑπὸ</span> <span class='ocrx_word' id='word_1_171' title='bbox 1478 2483 1572 2552; x_wconf 72' lang='grc' dir='ltr'>τὰς</span> <span class='ocrx_word' id='word_1_172' title='bbox 1613 2483 1768 2552; x_wconf 72' lang='grc' dir='ltr'>στοὰς</span> <span class='ocrx_word' id='word_1_173' title='bbox 1793 2485 2126 2566; x_wconf 74' lang='grc' dir='ltr'>ὑπέρχεσθαι·</span> <span class='ocrx_word' id='word_1_174' title='bbox 2145 2493 2238 2550; x_wconf 86' lang='grc' dir='ltr'>τοῦ</span> 
     </span>
     <span class='ocr_line' id='line_1_24' title="bbox 681 2567 2230 2651; baseline 0.005 -24"><span class='ocrx_word' id='word_1_175' title='bbox 681 2567 746 2641; x_wconf 74' lang='grc' dir='ltr'>δὴ</span> <span class='ocrx_word' id='word_1_176' title='bbox 769 2567 992 2648; x_wconf 80' lang='grc' dir='ltr'>κήρυκος</span> <span class='ocrx_word' id='word_1_177' title='bbox 1006 2573 1142 2628; x_wconf 76' lang='grc' dir='ltr'>οὕτω</span> <span class='ocrx_word' id='word_1_178' title='bbox 1165 2569 1533 2648; x_wconf 66' lang='grc' dir='ltr'>φθεγγομένου,</span> <span class='ocrx_word' id='word_1_179' title='bbox 1562 2573 1662 2633; x_wconf 74' lang='grc' dir='ltr'>ὑπὸ</span> <span class='ocrx_word' id='word_1_180' title='bbox 1681 2571 1776 2639; x_wconf 72' lang='grc' dir='ltr'>τὰς</span> <span class='ocrx_word' id='word_1_181' title='bbox 1794 2573 1946 2640; x_wconf 81' lang='grc' dir='ltr'>στοὰς</span> <span class='ocrx_word' id='word_1_182' title='bbox 1963 2570 2230 2651; x_wconf 80' lang='grc' dir='ltr'>ὑπέλθετε,</span> 
     </span>
     <span class='ocr_line' id='line_1_25' title="bbox 681 2656 2237 2740; baseline 0.003 -25"><span class='ocrx_word' id='word_1_183' title='bbox 681 2658 920 2716; x_wconf 88' lang='grc' dir='ltr'>ἐκπεσεῖν</span> <span class='ocrx_word' id='word_1_184' title='bbox 943 2657 1115 2733; x_wconf 85' lang='grc' dir='ltr'>λόγον,</span> <span class='ocrx_word' id='word_1_185' title='bbox 1148 2660 1218 2740; x_wconf 77' lang='grc' dir='ltr'>ὥς</span> <span class='ocrx_word' id='word_1_186' title='bbox 1240 2656 1495 2733; x_wconf 87' lang='grc' dir='ltr'>Κυμαίων</span> <span class='ocrx_word' id='word_1_187' title='bbox 1515 2658 1612 2716; x_wconf 81' lang='grc' dir='ltr'>οὒκ</span> <span class='ocrx_word' id='word_1_188' title='bbox 1638 2657 2057 2734; x_wconf 77' lang='grc' dir='ltr'>αἰσθανομένων,</span> <span class='ocrx_word' id='word_1_189' title='bbox 2087 2663 2158 2727; x_wconf 80' lang='grc' dir='ltr'>ὡς</span> <span class='ocrx_word' id='word_1_190' title='bbox 2183 2661 2237 2719; x_wconf 86' lang='grc' dir='ltr'>ἐν</span> 
     </span>
     <span class='ocr_line' id='line_1_26' title="bbox 680 2741 2237 2826; baseline 0.003 -24"><span class='ocrx_word' id='word_1_191' title='bbox 680 2752 787 2813; x_wconf 87' lang='grc' dir='ltr'>τοῖς</span> <span class='ocrx_word' id='word_1_192' title='bbox 805 2741 1022 2824; x_wconf 75' lang='grc' dir='ltr'>δμὸροις</span> <span class='ocrx_word' id='word_1_193' title='bbox 1052 2744 1154 2804; x_wconf 75' lang='grc' dir='ltr'>ὑπὸ</span> <span class='ocrx_word' id='word_1_194' title='bbox 1181 2743 1275 2812; x_wconf 72' lang='grc' dir='ltr'>τὰς</span> <span class='ocrx_word' id='word_1_195' title='bbox 1302 2743 1805 2819; x_wconf 74' lang='grc' dir='ltr'>στοὰς,ὓπελθετέον,</span> <span class='ocrx_word' id='word_1_196' title='bbox 1829 2744 1892 2804; x_wconf 72' lang='grc' dir='ltr'>ἄν</span> <span class='ocrx_word' id='word_1_197' title='bbox 1920 2747 1996 2820; x_wconf 76' lang='grc' dir='ltr'>μὴ</span> <span class='ocrx_word' id='word_1_198' title='bbox 2023 2747 2237 2826; x_wconf 77' lang='grc' dir='ltr'>σημάνῃ</span> 
     </span>
     <span class='ocr_line' id='line_1_27' title="bbox 679 2823 2238 2911; baseline 0.003 -21"><span class='ocrx_word' id='word_1_199' title='bbox 679 2855 755 2898; x_wconf 90' lang='grc' dir='ltr'>τις</span> <span class='ocrx_word' id='word_1_200' title='bbox 785 2833 956 2898; x_wconf 78' lang='grc' dir='ltr'>αὐτοῖς</span> <span class='ocrx_word' id='word_1_201' title='bbox 979 2830 1064 2890; x_wconf 72' lang='grc' dir='ltr'>διὰ</span> <span class='ocrx_word' id='word_1_202' title='bbox 1091 2830 1451 2911; x_wconf 87' lang='grc' dir='ltr'>κηρύγματος.</span> <span class='ocrx_word' id='word_1_203' title='bbox 1480 2833 1720 2909; x_wconf 82' lang='grc' dir='ltr'>Κυμαῖος</span> <span class='ocrx_word' id='word_1_204' title='bbox 1744 2833 1799 2892; x_wconf 77' lang='grc' dir='ltr'>δὲ</span> <span class='ocrx_word' id='word_1_205' title='bbox 1829 2823 1894 2905; x_wconf 73' lang='grc' dir='ltr'>ἦν</span> <span class='ocrx_word' id='word_1_206' title='bbox 1916 2831 2158 2902; x_wconf 80' lang='grc' dir='ltr'>Ἡσίοδός</span> <span class='ocrx_word' id='word_1_207' title='bbox 2179 2858 2238 2894; x_wconf 84' lang='grc' dir='ltr'>τε</span> 
     </span>
     <span class='ocr_line' id='line_1_28' title="bbox 677 2915 2237 3001; baseline -0.001 -23"><span class='ocrx_word' id='word_1_208' title='bbox 677 2921 768 2978; x_wconf 84' lang='grc' dir='ltr'>καὶ</span> <span class='ocrx_word' id='word_1_209' title='bbox 789 2915 1046 3000; x_wconf 71' lang='grc' dir='ltr'>Ἔφορος,</span> <span class='ocrx_word' id='word_1_210' title='bbox 1090 2922 1118 2977; x_wconf 80' lang='grc' dir='ltr'><strong>ὁ</strong></span> <span class='ocrx_word' id='word_1_211' title='bbox 1141 2916 1472 2996; x_wconf 74' lang='grc' dir='ltr'>Ἰσοκράτους</span> <span class='ocrx_word' id='word_1_212' title='bbox 1493 2919 1779 2999; x_wconf 82' lang='grc' dir='ltr'>γνώριμος,</span> <span class='ocrx_word' id='word_1_213' title='bbox 1816 2923 1845 2978; x_wconf 79' lang='grc' dir='ltr'>ὁ</span> <span class='ocrx_word' id='word_1_214' title='bbox 1873 2919 1968 2988; x_wconf 74' lang='grc' dir='ltr'>τὰς</span> <span class='ocrx_word' id='word_1_215' title='bbox 2006 2922 2237 3001; x_wconf 77' lang='grc' dir='ltr'>ἱστορίας</span> 
     </span>
     <span class='ocr_line' id='line_1_29' title="bbox 675 3003 2237 3087; baseline 0 -21"><span class='ocrx_word' id='word_1_216' title='bbox 675 3006 898 3087; x_wconf 82' lang='grc' dir='ltr'>γράψας.</span> <span class='ocrx_word' id='word_1_217' title='bbox 929 3006 1090 3082; x_wconf 88' lang='grc' dir='ltr'>Κύμη</span> <span class='ocrx_word' id='word_1_218' title='bbox 1112 3003 1167 3064; x_wconf 77' lang='grc' dir='ltr'>δὲ</span> <span class='ocrx_word' id='word_1_219' title='bbox 1191 3006 1499 3077; x_wconf 77' lang='grc' dir='ltr'>ὠνόμασται</span> <span class='ocrx_word' id='word_1_220' title='bbox 1524 3007 1630 3066; x_wconf 76' lang='grc' dir='ltr'>ἀπό</span> <span class='ocrx_word' id='word_1_221' title='bbox 1650 3029 1786 3076; x_wconf 85' lang='grc' dir='ltr'>τινος</span> <span class='ocrx_word' id='word_1_222' title='bbox 1822 3005 2098 3083; x_wconf 81' lang='grc' dir='ltr'>Ἀμαζόνος</span> <span class='ocrx_word' id='word_1_223' title='bbox 2122 3054 2139 3086; x_wconf 86' lang='lat'><strong>,</strong></span> <span class='ocrx_word' id='word_1_224' title='bbox 2169 3011 2237 3075; x_wconf 82' lang='grc' dir='ltr'>ὡς</span> 
     </span>
     <span class='ocr_line' id='line_1_30' title="bbox 674 3092 1442 3172; baseline -0.003 -19"><span class='ocrx_word' id='word_1_225' title='bbox 674 3099 708 3166; x_wconf 91' lang='grc' dir='ltr'>ἡ</span> <span class='ocrx_word' id='word_1_226' title='bbox 734 3093 936 3172; x_wconf 85' lang='grc' dir='ltr'>Μυρίνη</span> <span class='ocrx_word' id='word_1_227' title='bbox 968 3092 1059 3152; x_wconf 84' lang='grc' dir='ltr'>καὶ</span> <span class='ocrx_word' id='word_1_228' title='bbox 1088 3096 1122 3164; x_wconf 83' lang='grc' dir='ltr'>ἠ</span> <span class='ocrx_word' id='word_1_229' title='bbox 1145 3093 1442 3165; x_wconf 79' lang='grc' dir='ltr'>Μυτιλήνη.</span> 
     </span>
    </p>

    <p class='ocr_par' dir='ltr' id='par_1_7' title="bbox 674 3173 2237 5368">
     <span class='ocr_line' id='line_1_31' title="bbox 751 3173 2235 3263; baseline -0.001 -22"><span class='ocrx_word' id='word_1_230' title='bbox 751 3200 827 3242; x_wconf 82' lang='lat'>72.</span> <span class='ocrx_word' id='word_1_231' title='bbox 860 3179 993 3240; x_wconf 70' lang='lat' dir='ltr'><strong>&#39;Ort</strong></span> <span class='ocrx_word' id='word_1_232' title='bbox 1042 3179 1104 3239; x_wconf 81' lang='grc' dir='ltr'>τὸ</span> <span class='ocrx_word' id='word_1_233' title='bbox 1147 3181 1435 3260; x_wconf 82' lang='grc' dir='ltr'>Πέργαμον</span> <span class='ocrx_word' id='word_1_234' title='bbox 1472 3185 1508 3254; x_wconf 78' lang='grc' dir='ltr'>ἡ</span> <span class='ocrx_word' id='word_1_235' title='bbox 1553 3181 1704 3250; x_wconf 84' lang='grc' dir='ltr'>πόλις</span> <span class='ocrx_word' id='word_1_236' title='bbox 1745 3180 2126 3263; x_wconf 65' lang='grc' dir='ltr'>γαζοφυλάκιον</span> <span class='ocrx_word' id='word_1_237' title='bbox 2169 3173 2235 3254; x_wconf 67' lang='grc' dir='ltr'>ἦν</span> 
     </span>
     <span class='ocr_line' id='line_1_32' title="bbox 675 3267 2230 3349; baseline -0.001 -20"><span class='ocrx_word' id='word_1_238' title='bbox 675 3267 986 3348; x_wconf 76' lang='grc' dir='ltr'>Λυσιμάχου</span> <span class='ocrx_word' id='word_1_239' title='bbox 1033 3273 1124 3326; x_wconf 89' lang='grc' dir='ltr'>τοῦ</span> <span class='ocrx_word' id='word_1_240' title='bbox 1159 3267 1568 3345; x_wconf 78' lang='grc' dir='ltr'>Ἀγαθοκλέους,</span> <span class='ocrx_word' id='word_1_241' title='bbox 1599 3268 1710 3337; x_wconf 75' lang='grc' dir='ltr'>ἐνὸς</span> <span class='ocrx_word' id='word_1_242' title='bbox 1755 3274 1861 3329; x_wconf 83' lang='grc' dir='ltr'>τῶν</span> <span class='ocrx_word' id='word_1_243' title='bbox 1896 3269 2230 3349; x_wconf 76' lang='grc' dir='ltr'>Ἀλεξάνδρου</span> 
     </span>
     <span class='ocr_line' id='line_1_33' title="bbox 675 3353 2232 3437; baseline 0.003 -24"><span class='ocrx_word' id='word_1_244' title='bbox 675 3355 950 3436; x_wconf 55' lang='grc' dir='ltr'>διαδόχων.</span> <span class='ocrx_word' id='word_1_245' title='bbox 984 3353 1368 3416; x_wconf 81' lang='grc' dir='ltr'>Ἐπεπίστευτο</span> <span class='ocrx_word' id='word_1_246' title='bbox 1397 3355 1450 3414; x_wconf 86' lang='grc' dir='ltr'>δὲ</span> <span class='ocrx_word' id='word_1_247' title='bbox 1481 3355 1578 3426; x_wconf 73' lang='grc' dir='ltr'>τὴν</span> <span class='ocrx_word' id='word_1_248' title='bbox 1609 3356 1846 3436; x_wconf 71' lang='grc' dir='ltr'>φυλακὴν</span> <span class='ocrx_word' id='word_1_249' title='bbox 1880 3361 1984 3417; x_wconf 75' lang='grc' dir='ltr'>τῶν</span> <span class='ocrx_word' id='word_1_250' title='bbox 2011 3357 2232 3437; x_wconf 88' lang='grc' dir='ltr'>χρημά-</span> 
     </span>
     <span class='ocr_line' id='line_1_34' title="bbox 675 3423 2231 3524; baseline 0.001 -23"><span class='ocrx_word' id='word_1_251' title='bbox 675 3466 777 3501; x_wconf 88' lang='grc' dir='ltr'>των</span> <span class='ocrx_word' id='word_1_252' title='bbox 817 3423 911 3524; x_wconf 39' lang='lat' dir='ltr'>(zv</span> <span class='ocrx_word' id='word_1_253' title='bbox 942 3441 998 3501; x_wconf 72' lang='grc' dir='ltr'>δὲ</span> <span class='ocrx_word' id='word_1_254' title='bbox 1025 3441 1257 3502; x_wconf 86' lang='grc' dir='ltr'>τάλαντα</span> <span class='ocrx_word' id='word_1_255' title='bbox 1305 3442 1380 3524; x_wconf 69' lang='grc' dir='ltr'>,θ)</span> <span class='ocrx_word' id='word_1_256' title='bbox 1431 3442 1748 3522; x_wconf 84' lang='grc' dir='ltr'>Φιλέταιρος</span> <span class='ocrx_word' id='word_1_257' title='bbox 1762 3463 1787 3519; x_wconf 87' lang='grc'>,·</span> <span class='ocrx_word' id='word_1_258' title='bbox 1826 3442 1958 3524; x_wconf 74' lang='grc' dir='ltr'>ἀνὴρ</span> <span class='ocrx_word' id='word_1_259' title='bbox 2007 3443 2231 3518; x_wconf 82' lang='grc' dir='ltr'>Τιανὸς,</span> 
     </span>
     <span class='ocr_line' id='line_1_35' title="bbox 679 3527 2231 3612; baseline 0.001 -23"><span class='ocrx_word' id='word_1_260' title='bbox 679 3527 882 3597; x_wconf 76' lang='grc' dir='ltr'>θλιὸίας</span> <span class='ocrx_word' id='word_1_261' title='bbox 907 3531 967 3588; x_wconf 80' lang='grc' dir='ltr'>ἐκ</span> <span class='ocrx_word' id='word_1_262' title='bbox 992 3530 1206 3601; x_wconf 77' lang='grc' dir='ltr'>παιδὸς,</span> <span class='ocrx_word' id='word_1_263' title='bbox 1234 3529 1285 3591; x_wconf 77' lang='grc' dir='ltr'>ἐν</span> <span class='ocrx_word' id='word_1_264' title='bbox 1309 3554 1413 3589; x_wconf 88' lang='grc' dir='ltr'>τινι</span> <span class='ocrx_word' id='word_1_265' title='bbox 1436 3529 1582 3612; x_wconf 75' lang='grc' dir='ltr'>ὄχλῳ</span> <span class='ocrx_word' id='word_1_266' title='bbox 1611 3531 1928 3610; x_wconf 73' lang='grc' dir='ltr'>ἀποληφθεὶς</span> <span class='ocrx_word' id='word_1_267' title='bbox 1977 3529 2113 3605; x_wconf 71' lang='grc' dir='ltr'>μετὰ</span> <span class='ocrx_word' id='word_1_268' title='bbox 2139 3533 2231 3601; x_wconf 76' lang='grc' dir='ltr'>τῆς</span> 
     </span>
     <span class='ocr_line' id='line_1_36' title="bbox 679 3609 2232 3700; baseline 0.001 -24"><span class='ocrx_word' id='word_1_269' title='bbox 679 3622 870 3700; x_wconf 78' lang='grc' dir='ltr'>τροφοῦ</span> <span class='ocrx_word' id='word_1_270' title='bbox 895 3615 986 3677; x_wconf 78' lang='grc' dir='ltr'>καὶ</span> <span class='ocrx_word' id='word_1_271' title='bbox 1015 3617 1102 3676; x_wconf 69' lang='grc' dir='ltr'>διὰ</span> <span class='ocrx_word' id='word_1_272' title='bbox 1127 3623 1278 3679; x_wconf 91' lang='grc' dir='ltr'>τοῦτο</span> <span class='ocrx_word' id='word_1_273' title='bbox 1301 3619 1561 3700; x_wconf 75' lang='grc' dir='ltr'>εὐνοῦχος.</span> <span class='ocrx_word' id='word_1_274' title='bbox 1645 3617 1794 3688; x_wconf 86' lang='grc' dir='ltr'>Τέως</span> <span class='ocrx_word' id='word_1_275' title='bbox 1815 3617 1910 3696; x_wconf 78' lang='grc' dir='ltr'>μὲν</span> <span class='ocrx_word' id='word_1_276' title='bbox 1939 3609 2028 3679; x_wconf 67' lang='grc' dir='ltr'>οῦν</span> <span class='ocrx_word' id='word_1_277' title='bbox 2056 3616 2232 3688; x_wconf 81' lang='grc' dir='ltr'>εὔνους</span> 
     </span>
     <span class='ocr_line' id='line_1_37' title="bbox 682 3698 2232 3790; baseline -0.002 -21"><span class='ocrx_word' id='word_1_278' title='bbox 682 3698 746 3781; x_wconf 69' lang='grc' dir='ltr'>ἦν</span> <span class='ocrx_word' id='word_1_279' title='bbox 777 3703 1100 3789; x_wconf 83' lang='grc' dir='ltr'>Λυσιμάχῳ,</span> <span class='ocrx_word' id='word_1_280' title='bbox 1130 3708 1403 3789; x_wconf 76' lang='grc' dir='ltr'>διενεχθεὶς</span> <span class='ocrx_word' id='word_1_281' title='bbox 1439 3708 1494 3767; x_wconf 73' lang='grc' dir='ltr'>δὲ</span> <span class='ocrx_word' id='word_1_282' title='bbox 1533 3707 1661 3790; x_wconf 76' lang='grc' dir='ltr'>πρὸς</span> <span class='ocrx_word' id='word_1_283' title='bbox 1699 3707 1973 3788; x_wconf 80' lang='grc' dir='ltr'>Ἀρσινόην</span> <span class='ocrx_word' id='word_1_284' title='bbox 2012 3707 2108 3780; x_wconf 77' lang='grc' dir='ltr'>τὴν</span> <span class='ocrx_word' id='word_1_285' title='bbox 2135 3733 2232 3788; x_wconf 84' lang='grc' dir='ltr'>γυ-</span> 
     </span>
     <span class='ocr_line' id='line_1_38' title="bbox 680 3793 2229 3877; baseline 0.002 -22"><span class='ocrx_word' id='word_1_286' title='bbox 680 3797 835 3856; x_wconf 78' lang='grc' dir='ltr'>ναῖκα</span> <span class='ocrx_word' id='word_1_287' title='bbox 866 3797 1028 3855; x_wconf 78' lang='grc' dir='ltr'>αὐτοῦ</span> <span class='ocrx_word' id='word_1_288' title='bbox 1055 3794 1260 3870; x_wconf 74' lang='grc' dir='ltr'>ἀπέστη</span> <span class='ocrx_word' id='word_1_289' title='bbox 1280 3839 1297 3869; x_wconf 85' lang='grc'>,</span> <span class='ocrx_word' id='word_1_290' title='bbox 1323 3799 1458 3877; x_wconf 77' lang='grc' dir='ltr'>ὁρῶν</span> <span class='ocrx_word' id='word_1_291' title='bbox 1487 3795 1860 3874; x_wconf 72' lang='grc' dir='ltr'>νεωτερισμοὺς</span> <span class='ocrx_word' id='word_1_292' title='bbox 1880 3797 2126 3863; x_wconf 84' lang='grc' dir='ltr'>πολλούς.</span> <span class='ocrx_word' id='word_1_293' title='bbox 2151 3793 2229 3858; x_wconf 63' lang='lat'>‘0</span> 
     </span>
     <span class='ocr_line' id='line_1_39' title="bbox 681 3882 2230 3966; baseline 0 -22"><span class='ocrx_word' id='word_1_294' title='bbox 681 3908 738 3944; x_wconf 89' lang='grc' dir='ltr'>τε</span> <span class='ocrx_word' id='word_1_295' title='bbox 777 3884 880 3965; x_wconf 74' lang='grc' dir='ltr'>γὰρ</span> <span class='ocrx_word' id='word_1_296' title='bbox 918 3882 1261 3966; x_wconf 84' lang='grc' dir='ltr'>Λυσίμαχος,</span> <span class='ocrx_word' id='word_1_297' title='bbox 1289 3892 1466 3953; x_wconf 83' lang='grc' dir='ltr'>κακοῖς</span> <span class='ocrx_word' id='word_1_298' title='bbox 1489 3884 1692 3953; x_wconf 81' lang='grc' dir='ltr'>οἰκείοις</span> <span class='ocrx_word' id='word_1_299' title='bbox 1726 3882 2019 3963; x_wconf 85' lang='grc' dir='ltr'>περιπεσὼν</span> <span class='ocrx_word' id='word_1_300' title='bbox 2043 3931 2058 3954; x_wconf 90' lang='grc'>,</span> <span class='ocrx_word' id='word_1_301' title='bbox 2085 3888 2230 3958; x_wconf 78' lang='grc' dir='ltr'>ἠνα-</span> 
     </span>
     <span class='ocr_line' id='line_1_40' title="bbox 680 3971 2235 4052; baseline -0.001 -20"><span class='ocrx_word' id='word_1_302' title='bbox 680 3973 886 4050; x_wconf 81' lang='grc' dir='ltr'>γκάσθη</span> <span class='ocrx_word' id='word_1_303' title='bbox 906 3974 992 4035; x_wconf 81' lang='grc' dir='ltr'>τὸν</span> <span class='ocrx_word' id='word_1_304' title='bbox 1013 3973 1123 4034; x_wconf 79' lang='grc' dir='ltr'>υἱὸν</span> <span class='ocrx_word' id='word_1_305' title='bbox 1149 3975 1349 4034; x_wconf 80' lang='grc' dir='ltr'>ἀνελεῖν</span> <span class='ocrx_word' id='word_1_306' title='bbox 1373 3972 1707 4052; x_wconf 75' lang='grc' dir='ltr'>Ἀγαθοκλέα.</span> <span class='ocrx_word' id='word_1_307' title='bbox 1735 3971 1990 4041; x_wconf 86' lang='grc' dir='ltr'>Σέλευκος</span> <span class='ocrx_word' id='word_1_308' title='bbox 2018 3973 2063 4031; x_wconf 86' lang='grc' dir='ltr'>δ’</span> <span class='ocrx_word' id='word_1_309' title='bbox 2080 3973 2235 4031; x_wconf 88' lang='grc' dir='ltr'>ἐπελ-</span> 
     </span>
     <span class='ocr_line' id='line_1_41' title="bbox 680 4059 2234 4143; baseline 0.001 -22"><span class='ocrx_word' id='word_1_310' title='bbox 680 4059 782 4121; x_wconf 75' lang='grc' dir='ltr'>θὼν</span> <span class='ocrx_word' id='word_1_311' title='bbox 818 4065 847 4120; x_wconf 79' lang='grc' dir='ltr'>ὁ</span> <span class='ocrx_word' id='word_1_312' title='bbox 883 4063 1131 4143; x_wconf 85' lang='grc' dir='ltr'>Νικάτωρ</span> <span class='ocrx_word' id='word_1_313' title='bbox 1163 4059 1355 4122; x_wconf 72' lang='grc' dir='ltr'>ἐκεῖνόν</span> <span class='ocrx_word' id='word_1_314' title='bbox 1383 4085 1440 4120; x_wconf 85' lang='grc' dir='ltr'>τε</span> <span class='ocrx_word' id='word_1_315' title='bbox 1466 4061 1722 4121; x_wconf 80' lang='grc' dir='ltr'>κατέλυσε</span> <span class='ocrx_word' id='word_1_316' title='bbox 1752 4061 1846 4122; x_wconf 84' lang='grc' dir='ltr'>καὶ</span> <span class='ocrx_word' id='word_1_317' title='bbox 1886 4059 2036 4128; x_wconf 76' lang='grc' dir='ltr'>αὖτὸς</span> <span class='ocrx_word' id='word_1_318' title='bbox 2070 4083 2234 4122; x_wconf 83' lang='grc' dir='ltr'>κατε-</span> 
     </span>
     <span class='ocr_line' id='line_1_42' title="bbox 679 4146 2232 4229; baseline 0.003 -24"><span class='ocrx_word' id='word_1_319' title='bbox 679 4146 808 4220; x_wconf 86' lang='grc' dir='ltr'>λύθη</span> <span class='ocrx_word' id='word_1_320' title='bbox 825 4193 841 4214; x_wconf 85' lang='grc'>,</span> <span class='ocrx_word' id='word_1_321' title='bbox 861 4148 1221 4229; x_wconf 68' lang='grc' dir='ltr'>δολοφονηθεὶς</span> <span class='ocrx_word' id='word_1_322' title='bbox 1249 4148 1350 4208; x_wconf 79' lang='grc' dir='ltr'>ὑπὸ</span> <span class='ocrx_word' id='word_1_323' title='bbox 1382 4148 1718 4225; x_wconf 86' lang='grc' dir='ltr'>Πτολεμαίου</span> <span class='ocrx_word' id='word_1_324' title='bbox 1739 4157 1830 4211; x_wconf 86' lang='grc' dir='ltr'>τοῦ</span> <span class='ocrx_word' id='word_1_325' title='bbox 1849 4152 2132 4229; x_wconf 76' lang='grc' dir='ltr'>Κεραυνοῦ.</span> <span class='ocrx_word' id='word_1_326' title='bbox 2164 4147 2232 4210; x_wconf 88' lang='lat'>‘0</span> 
     </span>
     <span class='ocr_line' id='line_1_43' title="bbox 680 4232 2234 4316; baseline 0.001 -25"><span class='ocrx_word' id='word_1_327' title='bbox 680 4233 735 4292; x_wconf 75' lang='grc' dir='ltr'>δὲ</span> <span class='ocrx_word' id='word_1_328' title='bbox 755 4234 1072 4316; x_wconf 85' lang='grc' dir='ltr'>Φιλέταιρος</span> <span class='ocrx_word' id='word_1_329' title='bbox 1093 4235 1366 4315; x_wconf 78' lang='grc' dir='ltr'>διήρκεσεν</span> <span class='ocrx_word' id='word_1_330' title='bbox 1393 4236 1484 4310; x_wconf 75' lang='grc' dir='ltr'>ἔτη</span> <span class='ocrx_word' id='word_1_331' title='bbox 1515 4235 1585 4309; x_wconf 88' lang='grc' dir='ltr'>κ’,</span> <span class='ocrx_word' id='word_1_332' title='bbox 1605 4235 1777 4316; x_wconf 87' lang='grc' dir='ltr'>κύριος</span> <span class='ocrx_word' id='word_1_333' title='bbox 1802 4232 1876 4294; x_wconf 78' lang='grc' dir='ltr'>ὧν</span> <span class='ocrx_word' id='word_1_334' title='bbox 1902 4240 1992 4295; x_wconf 91' lang='grc' dir='ltr'>τοῦ</span> <span class='ocrx_word' id='word_1_335' title='bbox 2016 4257 2072 4293; x_wconf 87' lang='grc' dir='ltr'>τε</span> <span class='ocrx_word' id='word_1_336' title='bbox 2113 4234 2234 4316; x_wconf 83' lang='grc' dir='ltr'>ἐρύ-</span> 
     </span>
     <span class='ocr_line' id='line_1_44' title="bbox 675 4319 2237 4404; baseline 0.001 -25"><span class='ocrx_word' id='word_1_337' title='bbox 675 4343 844 4396; x_wconf 90' lang='grc' dir='ltr'>ματος</span> <span class='ocrx_word' id='word_1_338' title='bbox 884 4320 977 4382; x_wconf 77' lang='grc' dir='ltr'>καὶ</span> <span class='ocrx_word' id='word_1_339' title='bbox 1014 4325 1122 4382; x_wconf 81' lang='grc' dir='ltr'>τῶν</span> <span class='ocrx_word' id='word_1_340' title='bbox 1162 4322 1454 4404; x_wconf 87' lang='grc' dir='ltr'>χρημάτων</span> <span class='ocrx_word' id='word_1_341' title='bbox 1470 4368 1486 4397; x_wconf 97' lang='grc'>,</span> <span class='ocrx_word' id='word_1_342' title='bbox 1517 4323 1606 4382; x_wconf 75' lang='grc' dir='ltr'>καὶ</span> <span class='ocrx_word' id='word_1_343' title='bbox 1641 4323 1896 4402; x_wconf 79' lang='grc' dir='ltr'>διεγένετο</span> <span class='ocrx_word' id='word_1_344' title='bbox 1937 4319 2106 4400; x_wconf 83' lang='grc' dir='ltr'>μένων</span> <span class='ocrx_word' id='word_1_345' title='bbox 2148 4321 2237 4380; x_wconf 79' lang='grc' dir='ltr'>ἐπὶ</span> 
     </span>
     <span class='ocr_line' id='line_1_45' title="bbox 675 4409 2233 4492; baseline 0.001 -24"><span class='ocrx_word' id='word_1_346' title='bbox 675 4417 767 4471; x_wconf 89' lang='grc' dir='ltr'>τοῦ</span> <span class='ocrx_word' id='word_1_347' title='bbox 791 4410 1052 4492; x_wconf 75' lang='grc' dir='ltr'>ἐρύματος</span> <span class='ocrx_word' id='word_1_348' title='bbox 1077 4409 1168 4470; x_wconf 80' lang='grc' dir='ltr'>καὶ</span> <span class='ocrx_word' id='word_1_349' title='bbox 1211 4411 1610 4489; x_wconf 85' lang='grc' dir='ltr'>πολιτευόμενος</span> <span class='ocrx_word' id='word_1_350' title='bbox 1651 4411 1718 4470; x_wconf 85' lang='grc' dir='ltr'>δι’</span> <span class='ocrx_word' id='word_1_351' title='bbox 1760 4411 2096 4491; x_wconf 78' lang='grc' dir='ltr'>ὑποσχέσεων</span> <span class='ocrx_word' id='word_1_352' title='bbox 2143 4410 2233 4470; x_wconf 86' lang='grc' dir='ltr'>καὶ</span> 
     </span>
     <span class='ocr_line' id='line_1_46' title="bbox 675 4497 2236 4578; baseline -0.001 -21"><span class='ocrx_word' id='word_1_353' title='bbox 675 4501 768 4570; x_wconf 81' lang='grc' dir='ltr'>τῆς</span> <span class='ocrx_word' id='word_1_354' title='bbox 811 4497 974 4572; x_wconf 84' lang='grc' dir='ltr'>ἄλλης</span> <span class='ocrx_word' id='word_1_355' title='bbox 1003 4497 1281 4578; x_wconf 83' lang='grc' dir='ltr'>θεραπείας</span> <span class='ocrx_word' id='word_1_356' title='bbox 1308 4499 1391 4558; x_wconf 78' lang='grc' dir='ltr'>ἀεὶ</span> <span class='ocrx_word' id='word_1_357' title='bbox 1413 4499 1541 4578; x_wconf 79' lang='grc' dir='ltr'>πρὸς</span> <span class='ocrx_word' id='word_1_358' title='bbox 1575 4497 1662 4558; x_wconf 83' lang='grc' dir='ltr'>τὸν</span> <span class='ocrx_word' id='word_1_359' title='bbox 1691 4497 1937 4578; x_wconf 86' lang='grc' dir='ltr'>ἰσχύοντα</span> <span class='ocrx_word' id='word_1_360' title='bbox 1961 4497 2052 4557; x_wconf 80' lang='grc' dir='ltr'>καὶ</span> <span class='ocrx_word' id='word_1_361' title='bbox 2085 4497 2236 4576; x_wconf 74' lang='grc' dir='ltr'>ἐγγὺς</span> 
     </span>
     <span class='ocr_line' id='line_1_47' title="bbox 682 4577 2235 4666; baseline 0 -22"><span class='ocrx_word' id='word_1_362' title='bbox 682 4582 940 4666; x_wconf 88' lang='grc' dir='ltr'>παρόντα.</span> <span class='ocrx_word' id='word_1_363' title='bbox 1029 4584 1220 4666; x_wconf 83' lang='grc' dir='ltr'>Τούτῳ</span> <span class='ocrx_word' id='word_1_364' title='bbox 1249 4577 1384 4656; x_wconf 74' lang='grc' dir='ltr'>ἦσαν</span> <span class='ocrx_word' id='word_1_365' title='bbox 1412 4586 1504 4644; x_wconf 89' lang='grc' dir='ltr'>δύο</span> <span class='ocrx_word' id='word_1_366' title='bbox 1527 4584 1764 4665; x_wconf 76' lang='grc' dir='ltr'>ἀδελφοὶ,</span> <span class='ocrx_word' id='word_1_367' title='bbox 1799 4583 2037 4663; x_wconf 84' lang='grc' dir='ltr'>Εὐμένης</span> <span class='ocrx_word' id='word_1_368' title='bbox 2058 4607 2116 4644; x_wconf 92' lang='grc' dir='ltr'>τε</span> <span class='ocrx_word' id='word_1_369' title='bbox 2143 4586 2235 4644; x_wconf 82' lang='grc' dir='ltr'>καὶ</span> 
     </span>
     <span class='ocr_line' id='line_1_48' title="bbox 677 4663 2234 4754; baseline -0.001 -22"><span class='ocrx_word' id='word_1_370' title='bbox 677 4667 948 4740; x_wconf 80' lang='grc' dir='ltr'>Ἄτταλος·</span> <span class='ocrx_word' id='word_1_371' title='bbox 975 4674 1037 4732; x_wconf 94' lang='grc' dir='ltr'>ἐκ</span> <span class='ocrx_word' id='word_1_372' title='bbox 1053 4671 1150 4747; x_wconf 74' lang='grc' dir='ltr'>μὶν</span> <span class='ocrx_word' id='word_1_373' title='bbox 1177 4663 1266 4733; x_wconf 74' lang='grc' dir='ltr'>οῦν</span> <span class='ocrx_word' id='word_1_374' title='bbox 1292 4679 1382 4732; x_wconf 88' lang='grc' dir='ltr'>τοῦ</span> <span class='ocrx_word' id='word_1_375' title='bbox 1415 4671 1770 4754; x_wconf 76' lang='grc' dir='ltr'>πρεσὸυτέρου</span> <span class='ocrx_word' id='word_1_376' title='bbox 1799 4672 2061 4750; x_wconf 76' lang='grc' dir='ltr'>Εὐμένους</span> <span class='ocrx_word' id='word_1_377' title='bbox 2088 4669 2234 4749; x_wconf 87' lang='grc' dir='ltr'>γίνε-</span> 
     </span>
     <span class='ocr_line' id='line_1_49' title="bbox 676 4757 2226 4840; baseline -0.001 -20"><span class='ocrx_word' id='word_1_378' title='bbox 676 4783 765 4820; x_wconf 90' lang='grc' dir='ltr'>ται</span> <span class='ocrx_word' id='word_1_379' title='bbox 784 4769 910 4828; x_wconf 90' lang='grc' dir='ltr'>παῖς</span> <span class='ocrx_word' id='word_1_380' title='bbox 937 4759 1212 4836; x_wconf 72' lang='grc' dir='ltr'>Εὐμένης,</span> <span class='ocrx_word' id='word_1_381' title='bbox 1243 4757 1298 4830; x_wconf 79' lang='grc' dir='ltr'>ὃς</span> <span class='ocrx_word' id='word_1_382' title='bbox 1323 4759 1415 4820; x_wconf 73' lang='grc' dir='ltr'>καὶ</span> <span class='ocrx_word' id='word_1_383' title='bbox 1436 4759 1695 4829; x_wconf 83' lang='grc' dir='ltr'>διεδέξατο</span> <span class='ocrx_word' id='word_1_384' title='bbox 1724 4760 1784 4819; x_wconf 79' lang='grc' dir='ltr'>τὸ</span> <span class='ocrx_word' id='word_1_385' title='bbox 1811 4765 1902 4820; x_wconf 89' lang='grc' dir='ltr'>τοῦ</span> <span class='ocrx_word' id='word_1_386' title='bbox 1937 4759 2226 4840; x_wconf 84' lang='grc' dir='ltr'>Περγάμου</span> 
     </span>
     <span class='ocr_line' id='line_1_50' title="bbox 676 4840 2231 4928; baseline 0 -20"><span class='ocrx_word' id='word_1_387' title='bbox 676 4852 865 4928; x_wconf 84' lang='grc' dir='ltr'>κράτος</span> <span class='ocrx_word' id='word_1_388' title='bbox 884 4847 975 4908; x_wconf 85' lang='grc' dir='ltr'>καὶ</span> <span class='ocrx_word' id='word_1_389' title='bbox 999 4840 1064 4920; x_wconf 71' lang='grc' dir='ltr'>ἦν</span> <span class='ocrx_word' id='word_1_390' title='bbox 1093 4848 1196 4920; x_wconf 78' lang='grc' dir='ltr'>ἤδη</span> <span class='ocrx_word' id='word_1_391' title='bbox 1224 4847 1478 4915; x_wconf 79' lang='grc' dir='ltr'>δυνάστης</span> <span class='ocrx_word' id='word_1_392' title='bbox 1508 4851 1608 4907; x_wconf 83' lang='grc' dir='ltr'>τῶν</span> <span class='ocrx_word' id='word_1_393' title='bbox 1627 4846 1803 4916; x_wconf 77' lang='grc' dir='ltr'>κύκλῳ</span> <span class='ocrx_word' id='word_1_394' title='bbox 1831 4847 2064 4928; x_wconf 82' lang='grc' dir='ltr'>χωρίων,</span> <span class='ocrx_word' id='word_1_395' title='bbox 2093 4845 2231 4908; x_wconf 78' lang='grc' dir='ltr'>ὥστε</span> 
     </span>
     <span class='ocr_line' id='line_1_51' title="bbox 677 4935 2231 5017; baseline -0.002 -21"><span class='ocrx_word' id='word_1_396' title='bbox 677 4936 769 4996; x_wconf 78' lang='grc' dir='ltr'>καὶ</span> <span class='ocrx_word' id='word_1_397' title='bbox 792 4936 914 5016; x_wconf 82' lang='grc' dir='ltr'>περὶ</span> <span class='ocrx_word' id='word_1_398' title='bbox 941 4936 1161 5017; x_wconf 85' lang='grc' dir='ltr'>Σάρδεις</span> <span class='ocrx_word' id='word_1_399' title='bbox 1181 4936 1389 5010; x_wconf 81' lang='grc' dir='ltr'>ἐνίκησε</span> <span class='ocrx_word' id='word_1_400' title='bbox 1419 4936 1568 5016; x_wconf 79' lang='grc' dir='ltr'>μάχῃ</span> <span class='ocrx_word' id='word_1_401' title='bbox 1599 4936 1920 5014; x_wconf 76' lang='grc' dir='ltr'>συμὸάλλων</span> <span class='ocrx_word' id='word_1_402' title='bbox 1965 4935 2231 5017; x_wconf 79' lang='grc' dir='ltr'>Ἀντίοχον</span> 
     </span>
     <span class='ocr_line' id='line_1_52' title="bbox 675 5020 2232 5104; baseline -0.001 -21"><span class='ocrx_word' id='word_1_403' title='bbox 675 5023 762 5084; x_wconf 79' lang='grc' dir='ltr'>τὸν</span> <span class='ocrx_word' id='word_1_404' title='bbox 792 5023 1079 5086; x_wconf 89' lang='grc' dir='ltr'>Σελεύκου·</span> <span class='ocrx_word' id='word_1_405' title='bbox 1113 5023 1200 5104; x_wconf 84' lang='grc' dir='ltr'>κβ’</span> <span class='ocrx_word' id='word_1_406' title='bbox 1238 5023 1296 5085; x_wconf 71' lang='grc' dir='ltr'>δὲ</span> <span class='ocrx_word' id='word_1_407' title='bbox 1336 5020 1429 5096; x_wconf 77' lang='grc' dir='ltr'>έτη</span> <span class='ocrx_word' id='word_1_408' title='bbox 1475 5023 1630 5104; x_wconf 81' lang='grc' dir='ltr'>ἄρξας</span> <span class='ocrx_word' id='word_1_409' title='bbox 1665 5023 1930 5085; x_wconf 84' lang='grc' dir='ltr'>ἐτελεύτα.</span> <span class='ocrx_word' id='word_1_410' title='bbox 2040 5022 2144 5084; x_wconf 88' lang='grc' dir='ltr'>Ἐκ</span> <span class='ocrx_word' id='word_1_411' title='bbox 2175 5021 2232 5082; x_wconf 66' lang='grc' dir='ltr'>δὲ</span> 
     </span>
     <span class='ocr_line' id='line_1_53' title="bbox 675 5209 2233 5287; baseline -0.001 -22"><span class='ocrx_word' id='word_1_412' title='bbox 675 5217 760 5283; x_wconf 85' lang='grc'>67.</span> <span class='ocrx_word' id='word_1_413' title='bbox 808 5212 1290 5284; x_wconf 77' lang='grc' dir='ltr'>Πυροσελήνην...ἐν</span> <span class='ocrx_word' id='word_1_414' title='bbox 1331 5211 2129 5287; x_wconf 60' lang='lat' dir='ltr'><strong>‹az-31¹5...’Aer=09-.5w;;...=6psa).2;</strong></span> <span class='ocrx_word' id='word_1_415' title='bbox 2151 5209 2233 5264; x_wconf 71' lang='grc' dir='ltr'>καὶ</span> 
     </span>
     <span class='ocr_line' id='line_1_54' title="bbox 674 5293 2227 5368; baseline 0 -22"><span class='ocrx_word' id='word_1_416' title='bbox 674 5293 831 5366; x_wconf 76' lang='grc' dir='ltr'>πέρδιξ</span> <span class='ocrx_word' id='word_1_417' title='bbox 857 5293 978 5352; x_wconf 86' lang='lat' dir='ltr'><strong>cod.</strong></span> <span class='ocrx_word' id='word_1_418' title='bbox 1018 5296 1040 5366; x_wconf 80' lang='grc' dir='ltr'>ΙΙ</span> <span class='ocrx_word' id='word_1_419' title='bbox 1065 5324 1140 5334; x_wconf 91' lang='grc'>-</span> <span class='ocrx_word' id='word_1_420' title='bbox 1175 5299 1264 5366; x_wconf 85' lang='grc'>69.</span> <span class='ocrx_word' id='word_1_421' title='bbox 1301 5313 1356 5368; x_wconf 86' lang='lat' dir='ltr'>p.</span> <span class='ocrx_word' id='word_1_422' title='bbox 1389 5301 1517 5357; x_wconf 82' lang='lat'><strong>620,</strong></span> <span class='ocrx_word' id='word_1_423' title='bbox 1552 5299 1612 5366; x_wconf 70' lang='grc' dir='ltr'>Β.</span> <span class='ocrx_word' id='word_1_424' title='bbox 1659 5295 1680 5366; x_wconf 86' lang='grc' dir='ltr'>ΙΙ</span> <span class='ocrx_word' id='word_1_425' title='bbox 1709 5325 1778 5335; x_wconf 91' lang='grc'>-</span> <span class='ocrx_word' id='word_1_426' title='bbox 1803 5311 1889 5364; x_wconf 81' lang='lat'>70·</span> <span class='ocrx_word' id='word_1_427' title='bbox 1921 5313 1974 5364; x_wconf 82' lang='lat' dir='ltr'>p.</span> <span class='ocrx_word' id='word_1_428' title='bbox 2007 5297 2130 5358; x_wconf 78' lang='lat'><strong>622,</strong></span> <span class='ocrx_word' id='word_1_429' title='bbox 2174 5297 2227 5347; x_wconf 86' lang='lat' dir='ltr'>C.</span> 
     </span>
    </p>
   </div>
   <div class='ocr_carea' id='block_1_3' title="bbox 3757 543 3875 596">
    <p class='ocr_par' dir='ltr' id='par_1_8' title="bbox 3757 543 3875 596">
     <span class='ocr_line' id='line_1_55' title="bbox 3757 543 3875 596; baseline 0.017 -2"><span class='ocrx_word' id='word_1_430' title='bbox 3757 543 3875 596; x_wconf 72' lang='lat'>013</span> 
     </span>
    </p>
   </div>
   <div class='ocr_carea' id='block_1_4' title="bbox 2326 653 3875 1076">
    <p class='ocr_par' dir='ltr' id='par_1_9' title="bbox 2326 653 3875 1076">
     <span class='ocr_line' id='line_1_56' title="bbox 2329 653 3874 733; baseline 0.006 -26"><span class='ocrx_word' id='word_1_431' title='bbox 2329 653 2691 708; x_wconf 81' lang='lat' dir='ltr'><strong>Poroselenam</strong></span> <span class='ocrx_word' id='word_1_432' title='bbox 2708 655 2871 726; x_wconf 86' lang='lat' dir='ltr'><strong>ipsam</strong></span> <span class='ocrx_word' id='word_1_433' title='bbox 2890 655 3165 728; x_wconf 80' lang='lat' dir='ltr'><strong>appellant,</strong></span> <span class='ocrx_word' id='word_1_434' title='bbox 3182 659 3333 714; x_wconf 74' lang='grc' dir='ltr'>εἰσαεὶ</span> <span class='ocrx_word' id='word_1_435' title='bbox 3343 659 3708 733; x_wconf 79' lang='lat' dir='ltr'><strong>Aspordenum</strong></span> <span class='ocrx_word' id='word_1_436' title='bbox 3724 679 3874 717; x_wconf 86' lang='lat' dir='ltr'><strong>mon·</strong></span> 
     </span>
     <span class='ocr_line' id='line_1_57' title="bbox 2328 740 3873 817; baseline 0.007 -24"><span class='ocrx_word' id='word_1_437' title='bbox 2328 749 2455 806; x_wconf 85' lang='lat' dir='ltr'><strong>tem,</strong></span> <span class='ocrx_word' id='word_1_438' title='bbox 2486 741 2575 812; x_wconf 86' lang='lat' dir='ltr'>qui</span> <span class='ocrx_word' id='word_1_439' title='bbox 2604 751 2681 795; x_wconf 90' lang='lat' dir='ltr'>est</span> <span class='ocrx_word' id='word_1_440' title='bbox 2697 740 2839 812; x_wconf 87' lang='lat' dir='ltr'><strong>apud</strong></span> <span class='ocrx_word' id='word_1_441' title='bbox 2869 744 3200 812; x_wconf 74' lang='lat' dir='ltr'><strong>Pergamum,</strong></span> <span class='ocrx_word' id='word_1_442' title='bbox 3230 748 3561 817; x_wconf 83' lang='lat' dir='ltr'><strong>Asporeuum</strong></span> <span class='ocrx_word' id='word_1_443' title='bbox 3578 787 3593 811; x_wconf 91' lang='lat'><strong>,</strong></span> <span class='ocrx_word' id='word_1_444' title='bbox 3622 761 3675 802; x_wconf 91' lang='lat' dir='ltr'>et</span> <span class='ocrx_word' id='word_1_445' title='bbox 3694 747 3873 804; x_wconf 79' lang='lat' dir='ltr'><strong>fanum</strong></span> 
     </span>
     <span class='ocr_line' id='line_1_58' title="bbox 2330 825 3875 904; baseline 0.007 -26"><span class='ocrx_word' id='word_1_446' title='bbox 2330 825 2475 897; x_wconf 90' lang='lat' dir='ltr'><strong>quod</strong></span> <span class='ocrx_word' id='word_1_447' title='bbox 2520 826 2595 880; x_wconf 82' lang='lat' dir='ltr'>ibi</span> <span class='ocrx_word' id='word_1_448' title='bbox 2637 837 2717 880; x_wconf 85' lang='lat' dir='ltr'>est</span> <span class='ocrx_word' id='word_1_449' title='bbox 2758 829 2940 881; x_wconf 84' lang='lat' dir='ltr'><strong>Matris</strong></span> <span class='ocrx_word' id='word_1_450' title='bbox 2967 826 3125 882; x_wconf 74' lang='lat' dir='ltr'><strong>deum</strong></span> <span class='ocrx_word' id='word_1_451' title='bbox 3151 833 3455 903; x_wconf 73' lang='lat' dir='ltr'><strong>Asporenoe.</strong></span> <span class='ocrx_word' id='word_1_452' title='bbox 3529 832 3675 902; x_wconf 84' lang='lat' dir='ltr'>Quid</span> <span class='ocrx_word' id='word_1_453' title='bbox 3715 835 3875 904; x_wconf 78' lang='lat' dir='ltr'><strong>igitur</strong></span> 
     </span>
     <span class='ocr_line' id='line_1_59' title="bbox 2326 907 3875 990; baseline 0.006 -26"><span class='ocrx_word' id='word_1_454' title='bbox 2326 907 2561 964; x_wconf 75' lang='lat' dir='ltr'><strong>dicemus</strong></span> <span class='ocrx_word' id='word_1_455' title='bbox 2582 909 2650 965; x_wconf 87' lang='lat' dir='ltr'>de</span> <span class='ocrx_word' id='word_1_456' title='bbox 2674 911 2887 966; x_wconf 82' lang='lat' dir='ltr'><strong>vocibus</strong></span> <span class='ocrx_word' id='word_1_457' title='bbox 2915 914 3149 984; x_wconf 67' lang='grc' dir='ltr'>σαπέρδας</span> <span class='ocrx_word' id='word_1_458' title='bbox 3172 925 3225 970; x_wconf 87' lang='lat' dir='ltr'>et</span> <span class='ocrx_word' id='word_1_459' title='bbox 3264 916 3498 988; x_wconf 74' lang='grc' dir='ltr'>πόρδαλις</span> <span class='ocrx_word' id='word_1_460' title='bbox 3530 928 3583 971; x_wconf 87' lang='lat' dir='ltr'>et</span> <span class='ocrx_word' id='word_1_461' title='bbox 3606 917 3875 990; x_wconf 77' lang='grc' dir='ltr'>Περδίκκας</span> 
     </span>
     <span class='ocr_line' id='line_1_60' title="bbox 2326 994 3805 1076; baseline 0.005 -26"><span class='ocrx_word' id='word_1_462' title='bbox 2326 1007 2382 1050; x_wconf 88' lang='lat' dir='ltr'>et</span> <span class='ocrx_word' id='word_1_463' title='bbox 2406 994 2477 1052; x_wconf 88' lang='lat' dir='ltr'>ds</span> <span class='ocrx_word' id='word_1_464' title='bbox 2501 996 2601 1052; x_wconf 90' lang='lat' dir='ltr'><strong>isto</strong></span> <span class='ocrx_word' id='word_1_465' title='bbox 2634 1023 2657 1046; x_wconf 76' lang='grc' dir='ltr'>ι</span> <span class='ocrx_word' id='word_1_466' title='bbox 2688 998 2775 1050; x_wconf 66' lang='grc' dir='ltr'>οἷον</span> <span class='ocrx_word' id='word_1_467' title='bbox 2802 999 3121 1070; x_wconf 72' lang='grc' dir='ltr'>πορδακοῖσιν</span> <span class='ocrx_word' id='word_1_468' title='bbox 3148 1001 3221 1069; x_wconf 89' lang='lat' dir='ltr'>(i.</span> <span class='ocrx_word' id='word_1_469' title='bbox 3248 1019 3297 1059; x_wconf 91' lang='lat' dir='ltr'>e.</span> <span class='ocrx_word' id='word_1_470' title='bbox 3320 1020 3439 1056; x_wconf 80' lang='lat' dir='ltr'><strong>cum</strong></span> <span class='ocrx_word' id='word_1_471' title='bbox 3455 1002 3719 1076; x_wconf 78' lang='lat' dir='ltr'><em>madidis)</em></span> <span class='ocrx_word' id='word_1_472' title='bbox 3736 1031 3759 1053; x_wconf 72' lang='grc' dir='ltr'>ι</span> <span class='ocrx_word' id='word_1_473' title='bbox 3780 1007 3805 1058; x_wconf 83' lang='lat'><strong>?</strong></span> 
     </span>
    </p>
   </div>
   <div class='ocr_carea' id='block_1_5' title="bbox 2326 1085 3876 1242">
    <p class='ocr_par' dir='ltr' id='par_1_10' title="bbox 2326 1085 3876 1242">
     <span class='ocr_line' id='line_1_61' title="bbox 2398 1085 3874 1159; baseline 0.005 -19"><span class='ocrx_word' id='word_1_474' title='bbox 2398 1087 2488 1140; x_wconf 84' lang='lat'>68.</span> <span class='ocrx_word' id='word_1_475' title='bbox 2526 1085 2788 1140; x_wconf 79' lang='lat' dir='ltr'><strong>Homerus</strong></span> <span class='ocrx_word' id='word_1_476' title='bbox 2827 1086 2883 1139; x_wconf 87' lang='lat' dir='ltr'>iu</span> <span class='ocrx_word' id='word_1_477' title='bbox 2912 1085 3157 1158; x_wconf 74' lang='lat' dir='ltr'><strong>Catalogo</strong></span> <span class='ocrx_word' id='word_1_478' title='bbox 3198 1088 3445 1159; x_wconf 73' lang='lat' dir='ltr'><strong>Lelegum</strong></span> <span class='ocrx_word' id='word_1_479' title='bbox 3474 1099 3527 1144; x_wconf 91' lang='lat' dir='ltr'>et</span> <span class='ocrx_word' id='word_1_480' title='bbox 3572 1091 3795 1146; x_wconf 89' lang='lat' dir='ltr'><strong>Cilicum</strong></span> <span class='ocrx_word' id='word_1_481' title='bbox 3821 1104 3874 1146; x_wconf 82' lang='lat' dir='ltr'>et</span> 
     </span>
     <span class='ocr_line' id='line_1_62' title="bbox 2326 1169 3876 1242; baseline 0.006 -18"><span class='ocrx_word' id='word_1_482' title='bbox 2326 1171 2633 1225; x_wconf 76' lang='lat' dir='ltr'><strong>Caueonum</strong></span> <span class='ocrx_word' id='word_1_483' title='bbox 2652 1169 2775 1242; x_wconf 87' lang='lat' dir='ltr'><strong>jure</strong></span> <span class='ocrx_word' id='word_1_484' title='bbox 2792 1189 2897 1224; x_wconf 85' lang='lat' dir='ltr'>non</span> <span class='ocrx_word' id='word_1_485' title='bbox 2930 1173 3168 1226; x_wconf 83' lang='lat' dir='ltr'><strong>meminit</strong></span> <span class='ocrx_word' id='word_1_486' title='bbox 3183 1192 3199 1238; x_wconf 89' lang='lat'>;</span> <span class='ocrx_word' id='word_1_487' title='bbox 3227 1191 3351 1228; x_wconf 84' lang='lat' dir='ltr'><strong>nam</strong></span> <span class='ocrx_word' id='word_1_488' title='bbox 3390 1174 3458 1228; x_wconf 83' lang='lat' dir='ltr'>ab</span> <span class='ocrx_word' id='word_1_489' title='bbox 3492 1174 3689 1232; x_wconf 75' lang='lat' dir='ltr'><strong>Achille</strong></span> <span class='ocrx_word' id='word_1_490' title='bbox 3714 1177 3876 1232; x_wconf 88' lang='lat' dir='ltr'><strong>inter-</strong></span> 
     </span>
    </p>
   </div>
   <div class='ocr_carea' id='block_1_6' title="bbox 2325 1257 3875 1678">
    <p class='ocr_par' dir='ltr' id='par_1_11' title="bbox 2325 1257 3870 1416">
     <span class='ocr_line' id='line_1_63' title="bbox 2325 1257 3870 1338; baseline 0.005 -27"><span class='ocrx_word' id='word_1_491' title='bbox 2325 1257 2451 1311; x_wconf 88' lang='lat' dir='ltr'><strong>emti</strong></span> <span class='ocrx_word' id='word_1_492' title='bbox 2470 1267 2619 1312; x_wconf 71' lang='lat' dir='ltr'>mut</span> <span class='ocrx_word' id='word_1_493' title='bbox 2632 1259 2819 1312; x_wconf 82' lang='lat' dir='ltr'><strong>Eetion</strong></span> <span class='ocrx_word' id='word_1_494' title='bbox 2837 1267 2889 1310; x_wconf 86' lang='lat' dir='ltr'>et</span> <span class='ocrx_word' id='word_1_495' title='bbox 2908 1259 3091 1330; x_wconf 73' lang='lat' dir='ltr'><strong>Mynes</strong></span> <span class='ocrx_word' id='word_1_496' title='bbox 3108 1270 3160 1314; x_wconf 89' lang='lat' dir='ltr'>et</span> <span class='ocrx_word' id='word_1_497' title='bbox 3178 1261 3525 1332; x_wconf 74' lang='lat' dir='ltr'><strong>Epistrophus</strong></span> <span class='ocrx_word' id='word_1_498' title='bbox 3551 1272 3710 1334; x_wconf 85' lang='lat' dir='ltr'><strong>atque</strong></span> <span class='ocrx_word' id='word_1_499' title='bbox 3730 1265 3870 1338; x_wconf 89' lang='lat' dir='ltr'><strong>ipso-</strong></span> 
     </span>
     <span class='ocr_line' id='line_1_64' title="bbox 2325 1343 2667 1416; baseline 0.006 -19"><span class='ocrx_word' id='word_1_500' title='bbox 2325 1360 2447 1397; x_wconf 89' lang='lat' dir='ltr'>rum</span> <span class='ocrx_word' id='word_1_501' title='bbox 2469 1343 2667 1416; x_wconf 88' lang='lat' dir='ltr'><strong>populi.</strong></span> 
     </span>
    </p>

    <p class='ocr_par' dir='ltr' id='par_1_12' title="bbox 2325 1431 3875 1678">
     <span class='ocr_line' id='line_1_65' title="bbox 2397 1431 3872 1512; baseline 0.005 -26"><span class='ocrx_word' id='word_1_502' title='bbox 2397 1434 2487 1500; x_wconf 82' lang='lat'>69.</span> <span class='ocrx_word' id='word_1_503' title='bbox 2515 1431 2853 1501; x_wconf 74' lang='lat' dir='ltr'>Pelasgorum</span> <span class='ocrx_word' id='word_1_504' title='bbox 2876 1433 3115 1504; x_wconf 87' lang='lat' dir='ltr'><strong>princeps</strong></span> <span class='ocrx_word' id='word_1_505' title='bbox 3138 1433 3473 1506; x_wconf 82' lang='lat' dir='ltr'><strong>Hippothous</strong></span> <span class='ocrx_word' id='word_1_506' title='bbox 3502 1437 3757 1492; x_wconf 76' lang='lat' dir='ltr'><strong>Larissam</strong></span> <span class='ocrx_word' id='word_1_507' title='bbox 3780 1457 3872 1512; x_wconf 86' lang='lat' dir='ltr'>pa-</span> 
     </span>
     <span class='ocr_line' id='line_1_66' title="bbox 2326 1519 3875 1592; baseline 0.006 -20"><span class='ocrx_word' id='word_1_508' title='bbox 2326 1519 2482 1573; x_wconf 85' lang='lat' dir='ltr'><strong>triam</strong></span> <span class='ocrx_word' id='word_1_509' title='bbox 2501 1519 2710 1584; x_wconf 80' lang='lat' dir='ltr'><strong>habuit,</strong></span> <span class='ocrx_word' id='word_1_510' title='bbox 2738 1538 2852 1573; x_wconf 88' lang='lat' dir='ltr'>eam</span> <span class='ocrx_word' id='word_1_511' title='bbox 2869 1519 3060 1574; x_wconf 87' lang='lat' dir='ltr'><strong>seilicet</strong></span> <span class='ocrx_word' id='word_1_512' title='bbox 3086 1538 3203 1592; x_wconf 74' lang='lat' dir='ltr'><strong>quae</strong></span> <span class='ocrx_word' id='word_1_513' title='bbox 3228 1521 3367 1576; x_wconf 81' lang='lat' dir='ltr'><strong>circa</strong></span> <span class='ocrx_word' id='word_1_514' title='bbox 3396 1521 3623 1578; x_wconf 87' lang='lat' dir='ltr'><strong>Cumam</strong></span> <span class='ocrx_word' id='word_1_515' title='bbox 3652 1525 3875 1582; x_wconf 77' lang='lat' dir='ltr'><strong>AEolidis</strong></span> 
     </span>
     <span class='ocr_line' id='line_1_67' title="bbox 2325 1606 3624 1678; baseline 0.002 -18"><span class='ocrx_word' id='word_1_516' title='bbox 2325 1617 2403 1660; x_wconf 88' lang='lat' dir='ltr'>est</span> <span class='ocrx_word' id='word_1_517' title='bbox 2420 1607 2517 1660; x_wconf 86' lang='lat' dir='ltr'><strong>sita</strong></span> <span class='ocrx_word' id='word_1_518' title='bbox 2532 1645 2549 1673; x_wconf 92' lang='lat'><strong>,</strong></span> <span class='ocrx_word' id='word_1_519' title='bbox 2578 1606 2775 1678; x_wconf 77' lang='lat' dir='ltr'><strong>Pelasgi</strong></span> <span class='ocrx_word' id='word_1_520' title='bbox 2802 1624 2923 1660; x_wconf 82' lang='lat' dir='ltr'><strong>vero</strong></span> <span class='ocrx_word' id='word_1_521' title='bbox 2940 1606 3007 1661; x_wconf 84' lang='lat' dir='ltr'>ab</span> <span class='ocrx_word' id='word_1_522' title='bbox 3031 1607 3263 1662; x_wconf 81' lang='lat' dir='ltr'><strong>AEolibus</strong></span> <span class='ocrx_word' id='word_1_523' title='bbox 3294 1608 3624 1662; x_wconf 85' lang='lat' dir='ltr'><strong>interierunt.</strong></span> 
     </span>
    </p>
   </div>
   <div class='ocr_carea' id='block_1_7' title="bbox 2326 1693 3875 2045">
    <p class='ocr_par' dir='ltr' id='par_1_13' title="bbox 2326 1693 3875 2045">
     <span class='ocr_line' id='line_1_68' title="bbox 2398 1693 3873 1769; baseline 0.001 -19"><span class='ocrx_word' id='word_1_524' title='bbox 2398 1711 2485 1763; x_wconf 86' lang='lat'>70.</span> <span class='ocrx_word' id='word_1_525' title='bbox 2524 1695 2705 1750; x_wconf 81' lang='lat' dir='ltr'><strong>Cumae</strong></span> <span class='ocrx_word' id='word_1_526' title='bbox 2742 1704 3027 1767; x_wconf 80' lang='lat' dir='ltr'><strong>carpuntur</strong></span> <span class='ocrx_word' id='word_1_527' title='bbox 3049 1703 3111 1748; x_wconf 90' lang='lat' dir='ltr'>ut</span> <span class='ocrx_word' id='word_1_528' title='bbox 3140 1693 3349 1748; x_wconf 78' lang='lat' dir='ltr'><strong>insulsae</strong></span> <span class='ocrx_word' id='word_1_529' title='bbox 3380 1704 3433 1749; x_wconf 91' lang='lat' dir='ltr'>et</span> <span class='ocrx_word' id='word_1_530' title='bbox 3458 1694 3689 1761; x_wconf 80' lang='lat' dir='ltr'>hebetes,</span> <span class='ocrx_word' id='word_1_531' title='bbox 3728 1697 3873 1769; x_wconf 86' lang='lat' dir='ltr'><strong>quod</strong></span> 
     </span>
     <span class='ocr_line' id='line_1_69' title="bbox 2326 1762 3875 1838; baseline 0.002 -21"><span class='ocrx_word' id='word_1_532' title='bbox 2326 1765 2477 1818; x_wconf 84' lang='lat' dir='ltr'><strong>anuis</strong></span> <span class='ocrx_word' id='word_1_533' title='bbox 2498 1764 2740 1819; x_wconf 72' lang='lat' dir='ltr'><strong>trecentis</strong></span> <span class='ocrx_word' id='word_1_534' title='bbox 2762 1763 2978 1819; x_wconf 87' lang='lat' dir='ltr'><strong>demum</strong></span> <span class='ocrx_word' id='word_1_535' title='bbox 3025 1774 3145 1837; x_wconf 88' lang='lat' dir='ltr'><strong>post</strong></span> <span class='ocrx_word' id='word_1_536' title='bbox 3170 1763 3359 1819; x_wconf 87' lang='lat' dir='ltr'><strong>urbem</strong></span> <span class='ocrx_word' id='word_1_537' title='bbox 3396 1762 3664 1819; x_wconf 87' lang='lat' dir='ltr'><strong>conditam</strong></span> <span class='ocrx_word' id='word_1_538' title='bbox 3692 1776 3875 1838; x_wconf 85' lang='lat' dir='ltr'><strong>portus</strong></span> 
     </span>
     <span class='ocr_line' id='line_1_70' title="bbox 2326 1833 3875 1907; baseline 0.002 -20"><span class='ocrx_word' id='word_1_539' title='bbox 2326 1834 2592 1906; x_wconf 75' lang='lat' dir='ltr'><strong>vectigalia</strong></span> <span class='ocrx_word' id='word_1_540' title='bbox 2610 1833 2900 1907; x_wconf 70' lang='lat' dir='ltr'>publicanis</span> <span class='ocrx_word' id='word_1_541' title='bbox 2934 1833 3186 1889; x_wconf 64' lang='lat' dir='ltr'><strong>eloe-rint</strong></span> <span class='ocrx_word' id='word_1_542' title='bbox 3215 1851 3387 1906; x_wconf 87' lang='lat' dir='ltr'><strong>neque</strong></span> <span class='ocrx_word' id='word_1_543' title='bbox 3407 1845 3559 1889; x_wconf 81' lang='lat' dir='ltr'><strong>antes</strong></span> <span class='ocrx_word' id='word_1_544' title='bbox 3589 1852 3709 1889; x_wconf 88' lang='lat' dir='ltr'>eum</span> <span class='ocrx_word' id='word_1_545' title='bbox 3737 1835 3875 1890; x_wconf 88' lang='lat' dir='ltr'><strong>redi·</strong></span> 
     </span>
     <span class='ocr_line' id='line_1_71' title="bbox 2327 1903 3874 1978; baseline 0.002 -20"><span class='ocrx_word' id='word_1_546' title='bbox 2327 1914 2439 1958; x_wconf 89' lang='lat' dir='ltr'>tum</span> <span class='ocrx_word' id='word_1_547' title='bbox 2466 1906 2795 1978; x_wconf 76' lang='lat' dir='ltr'><strong>perceperint</strong></span> <span class='ocrx_word' id='word_1_548' title='bbox 2819 1905 2965 1976; x_wconf 88' lang='lat' dir='ltr'><strong>quasi</strong></span> <span class='ocrx_word' id='word_1_549' title='bbox 2992 1915 3105 1958; x_wconf 89' lang='lat' dir='ltr'>tum</span> <span class='ocrx_word' id='word_1_550' title='bbox 3142 1904 3375 1976; x_wconf 86' lang='lat' dir='ltr'><strong>primum</strong></span> <span class='ocrx_word' id='word_1_551' title='bbox 3418 1903 3765 1978; x_wconf 80' lang='lat' dir='ltr'><strong>intelligerent</strong></span> <span class='ocrx_word' id='word_1_552' title='bbox 3816 1924 3874 1961; x_wconf 89' lang='lat' dir='ltr'>se</span> 
     </span>
     <span class='ocr_line' id='line_1_72' title="bbox 2326 1973 2925 2045; baseline 0.002 -15"><span class='ocrx_word' id='word_1_553' title='bbox 2326 1973 2471 2045; x_wconf 80' lang='lat' dir='ltr'><strong>juxta</strong></span> <span class='ocrx_word' id='word_1_554' title='bbox 2502 1976 2780 2031; x_wconf 85' lang='lat' dir='ltr'><strong>maresitos</strong></span> <span class='ocrx_word' id='word_1_555' title='bbox 2799 1992 2925 2032; x_wconf 87' lang='lat' dir='ltr'><strong>esse.</strong></span> 
     </span>
    </p>
   </div>
   <div class='ocr_carea' id='block_1_8' title="bbox 2320 2067 3875 3894">
    <p class='ocr_par' dir='ltr' id='par_1_14' title="bbox 2324 2067 3875 3185">
     <span class='ocr_line' id='line_1_73' title="bbox 2399 2067 3873 2140; baseline 0.001 -18"><span class='ocrx_word' id='word_1_556' title='bbox 2399 2087 2487 2139; x_wconf 85' lang='lat'>7¹·</span> <span class='ocrx_word' id='word_1_557' title='bbox 2517 2069 2726 2122; x_wconf 76' lang='lat' dir='ltr'><strong>Dicitur</strong></span> <span class='ocrx_word' id='word_1_558' title='bbox 2763 2078 2817 2124; x_wconf 88' lang='lat' dir='ltr'>et</span> <span class='ocrx_word' id='word_1_559' title='bbox 2857 2067 3004 2124; x_wconf 82' lang='lat' dir='ltr'><strong>aliter</strong></span> <span class='ocrx_word' id='word_1_560' title='bbox 3044 2083 3060 2124; x_wconf 75' lang='grc' dir='ltr'>ε</span> <span class='ocrx_word' id='word_1_561' title='bbox 3098 2067 3308 2140; x_wconf 83' lang='lat' dir='ltr'><strong>publico</strong></span> <span class='ocrx_word' id='word_1_562' title='bbox 3348 2071 3566 2124; x_wconf 85' lang='lat' dir='ltr'><strong>nomine</strong></span> <span class='ocrx_word' id='word_1_563' title='bbox 3604 2072 3873 2124; x_wconf 87' lang='lat' dir='ltr'><strong>Cumanos</strong></span> 
     </span>
     <span class='ocr_line' id='line_1_74' title="bbox 2328 2164 3875 2238; baseline 0.001 -20"><span class='ocrx_word' id='word_1_564' title='bbox 2328 2164 2601 2236; x_wconf 89' lang='lat' dir='ltr'><strong>pecuniam</strong></span> <span class='ocrx_word' id='word_1_565' title='bbox 2621 2174 2857 2219; x_wconf 88' lang='lat' dir='ltr'><strong>mutuam</strong></span> <span class='ocrx_word' id='word_1_566' title='bbox 2886 2164 3081 2236; x_wconf 85' lang='lat' dir='ltr'><strong>cepisse</strong></span> <span class='ocrx_word' id='word_1_567' title='bbox 3097 2205 3113 2230; x_wconf 86' lang='lat'><strong>,</strong></span> <span class='ocrx_word' id='word_1_568' title='bbox 3136 2165 3341 2237; x_wconf 82' lang='lat' dir='ltr'><strong>pignori</strong></span> <span class='ocrx_word' id='word_1_569' title='bbox 3368 2165 3621 2238; x_wconf 84' lang='lat' dir='ltr'><strong>oppositis</strong></span> <span class='ocrx_word' id='word_1_570' title='bbox 3659 2167 3875 2238; x_wconf 89' lang='lat' dir='ltr'><strong>portici-</strong></span> 
     </span>
     <span class='ocr_line' id='line_1_75' title="bbox 2328 2257 3873 2344; baseline 0.002 -33"><span class='ocrx_word' id='word_1_571' title='bbox 2328 2257 2452 2324; x_wconf 85' lang='lat' dir='ltr'><strong>bus;</strong></span> <span class='ocrx_word' id='word_1_572' title='bbox 2482 2276 2637 2330; x_wconf 87' lang='lat' dir='ltr'><strong>quam</strong></span> <span class='ocrx_word' id='word_1_573' title='bbox 2652 2260 3078 2344; x_wconf 41' lang='lat' dir='ltr'><strong>cum-constituta</strong></span> <span class='ocrx_word' id='word_1_574' title='bbox 3103 2258 3189 2313; x_wconf 88' lang='lat' dir='ltr'>die</span> <span class='ocrx_word' id='word_1_575' title='bbox 3210 2277 3317 2313; x_wconf 84' lang='lat' dir='ltr'>non</span> <span class='ocrx_word' id='word_1_576' title='bbox 3346 2259 3722 2326; x_wconf 69' lang='lat' dir='ltr'><strong>reddidissent,</strong></span> <span class='ocrx_word' id='word_1_577' title='bbox 3754 2279 3873 2333; x_wconf 84' lang='lat' dir='ltr'><strong>pro·</strong></span> 
     </span>
     <span class='ocr_line' id='line_1_76' title="bbox 2328 2357 3873 2432; baseline 0.001 -20"><span class='ocrx_word' id='word_1_578' title='bbox 2328 2358 2520 2412; x_wconf 86' lang='lat' dir='ltr'><strong>hibitos</strong></span> <span class='ocrx_word' id='word_1_579' title='bbox 2534 2357 2689 2413; x_wconf 80' lang='lat' dir='ltr'><strong>fuisse</strong></span> <span class='ocrx_word' id='word_1_580' title='bbox 2707 2376 2737 2413; x_wconf 83' lang='grc' dir='ltr'>ε</span> <span class='ocrx_word' id='word_1_581' title='bbox 2755 2357 3284 2426; x_wconf 81' lang='lat' dir='ltr'><strong>deambulationibus3</strong></span> <span class='ocrx_word' id='word_1_582' title='bbox 3303 2359 3395 2414; x_wconf 86' lang='lat' dir='ltr'>sed</span> <span class='ocrx_word' id='word_1_583' title='bbox 3411 2377 3577 2432; x_wconf 89' lang='lat' dir='ltr'><strong>quum</strong></span> <span class='ocrx_word' id='word_1_584' title='bbox 3595 2359 3781 2432; x_wconf 78' lang='lat' dir='ltr'><strong>pluviae</strong></span> <span class='ocrx_word' id='word_1_585' title='bbox 3794 2377 3873 2414; x_wconf 85' lang='lat' dir='ltr'>es-</span> 
     </span>
     <span class='ocr_line' id='line_1_77' title="bbox 2325 2453 3871 2528; baseline 0.002 -21"><span class='ocrx_word' id='word_1_586' title='bbox 2325 2464 2469 2519; x_wconf 88' lang='lat' dir='ltr'><strong>sent,</strong></span> <span class='ocrx_word' id='word_1_587' title='bbox 2494 2453 2778 2509; x_wconf 85' lang='lat' dir='ltr'><strong>creditores</strong></span> <span class='ocrx_word' id='word_1_588' title='bbox 2797 2455 3111 2510; x_wconf 65' lang='lat' dir='ltr'><strong>verecundia</strong></span> <span class='ocrx_word' id='word_1_589' title='bbox 3132 2455 3318 2510; x_wconf 88' lang='lat' dir='ltr'><strong>ductos</strong></span> <span class='ocrx_word' id='word_1_590' title='bbox 3340 2457 3595 2528; x_wconf 69' lang='lat' dir='ltr'><strong>praeconis</strong></span> <span class='ocrx_word' id='word_1_591' title='bbox 3625 2475 3753 2510; x_wconf 79' lang='lat' dir='ltr'><strong>voce</strong></span> <span class='ocrx_word' id='word_1_592' title='bbox 3780 2474 3871 2510; x_wconf 90' lang='lat' dir='ltr'>eos</span> 
     </span>
     <span class='ocr_line' id='line_1_78' title="bbox 2326 2547 3871 2624; baseline 0.005 -25"><span class='ocrx_word' id='word_1_593' title='bbox 2326 2547 2566 2602; x_wconf 83' lang='lat' dir='ltr'><strong>invitasse</strong></span> <span class='ocrx_word' id='word_1_594' title='bbox 2610 2559 2671 2603; x_wconf 86' lang='lat' dir='ltr'>ut</span> <span class='ocrx_word' id='word_1_595' title='bbox 2713 2549 2813 2604; x_wconf 88' lang='lat' dir='ltr'>sub</span> <span class='ocrx_word' id='word_1_596' title='bbox 2836 2551 3068 2622; x_wconf 85' lang='lat' dir='ltr'><strong>porticus</strong></span> <span class='ocrx_word' id='word_1_597' title='bbox 3102 2550 3357 2604; x_wconf 86' lang='lat' dir='ltr'><strong>subirent.</strong></span> <span class='ocrx_word' id='word_1_598' title='bbox 3449 2550 3679 2606; x_wconf 85' lang='lat' dir='ltr'><strong>Proinde</strong></span> <span class='ocrx_word' id='word_1_599' title='bbox 3705 2570 3871 2624; x_wconf 85' lang='lat' dir='ltr'><strong>quum</strong></span> 
     </span>
     <span class='ocr_line' id='line_1_79' title="bbox 2326 2641 3873 2714; baseline 0.003 -18"><span class='ocrx_word' id='word_1_600' title='bbox 2326 2659 2498 2713; x_wconf 77' lang='lat' dir='ltr'><strong>praeco</strong></span> <span class='ocrx_word' id='word_1_601' title='bbox 2524 2641 2767 2697; x_wconf 80' lang='lat' dir='ltr'><strong>clamaret</strong></span> <span class='ocrx_word' id='word_1_602' title='bbox 2791 2667 2814 2690; x_wconf 79' lang='grc' dir='ltr'>ι</span> <span class='ocrx_word' id='word_1_603' title='bbox 2844 2643 2945 2696; x_wconf 88' lang='lat' dir='ltr'>sub</span> <span class='ocrx_word' id='word_1_604' title='bbox 2978 2645 3212 2714; x_wconf 87' lang='lat' dir='ltr'><strong>porticus</strong></span> <span class='ocrx_word' id='word_1_605' title='bbox 3246 2643 3420 2698; x_wconf 88' lang='lat' dir='ltr'><strong>subite</strong></span> <span class='ocrx_word' id='word_1_606' title='bbox 3450 2668 3473 2690; x_wconf 76' lang='grc' dir='ltr'>ι</span> <span class='ocrx_word' id='word_1_607' title='bbox 3506 2641 3736 2699; x_wconf 86' lang='lat' dir='ltr'><strong>diditum</strong></span> <span class='ocrx_word' id='word_1_608' title='bbox 3764 2663 3873 2700; x_wconf 88' lang='lat' dir='ltr'><strong>ser·</strong></span> 
     </span>
     <span class='ocr_line' id='line_1_80' title="bbox 2326 2737 3873 2803; baseline 0.003 -14"><span class='ocrx_word' id='word_1_609' title='bbox 2326 2753 2557 2803; x_wconf 89' lang='lat' dir='ltr'><strong>monem,</strong></span> <span class='ocrx_word' id='word_1_610' title='bbox 2584 2738 2849 2793; x_wconf 88' lang='lat' dir='ltr'><strong>Cumanos</strong></span> <span class='ocrx_word' id='word_1_611' title='bbox 2861 2755 2969 2792; x_wconf 88' lang='lat' dir='ltr'>non</span> <span class='ocrx_word' id='word_1_612' title='bbox 2994 2738 3203 2803; x_wconf 86' lang='lat' dir='ltr'><strong>sentire,</strong></span> <span class='ocrx_word' id='word_1_613' title='bbox 3231 2737 3487 2792; x_wconf 88' lang='lat' dir='ltr'><strong>imbribus</strong></span> <span class='ocrx_word' id='word_1_614' title='bbox 3510 2737 3873 2794; x_wconf 76' lang='lat' dir='ltr'><strong>decidentibus</strong></span> 
     </span>
     <span class='ocr_line' id='line_1_81' title="bbox 2325 2829 3873 2904; baseline 0.002 -21"><span class='ocrx_word' id='word_1_615' title='bbox 2325 2829 2657 2885; x_wconf 88' lang='lat' dir='ltr'><strong>subeundum</strong></span> <span class='ocrx_word' id='word_1_616' title='bbox 2683 2849 2793 2885; x_wconf 87' lang='lat' dir='ltr'><strong>esse</strong></span> <span class='ocrx_word' id='word_1_617' title='bbox 2812 2830 2912 2886; x_wconf 87' lang='lat' dir='ltr'>sub</span> <span class='ocrx_word' id='word_1_618' title='bbox 2946 2832 3179 2902; x_wconf 87' lang='lat' dir='ltr'><strong>porticus</strong></span> <span class='ocrx_word' id='word_1_619' title='bbox 3196 2871 3211 2896; x_wconf 90' lang='lat'><strong>,</strong></span> <span class='ocrx_word' id='word_1_620' title='bbox 3259 2831 3357 2884; x_wconf 90' lang='lat' dir='ltr'><strong>nisi</strong></span> <span class='ocrx_word' id='word_1_621' title='bbox 3383 2831 3649 2904; x_wconf 74' lang='lat' dir='ltr'><strong>praeconio</strong></span> <span class='ocrx_word' id='word_1_622' title='bbox 3685 2830 3873 2886; x_wconf 83' lang='lat' dir='ltr'><strong>admo-</strong></span> 
     </span>
     <span class='ocr_line' id='line_1_82' title="bbox 2327 2925 3868 3000; baseline 0.005 -24"><span class='ocrx_word' id='word_1_623' title='bbox 2327 2935 2597 2982; x_wconf 88' lang='lat' dir='ltr'><strong>nerentur.</strong></span> <span class='ocrx_word' id='word_1_624' title='bbox 2639 2926 2905 2980; x_wconf 86' lang='lat' dir='ltr'><strong>Cumanus</strong></span> <span class='ocrx_word' id='word_1_625' title='bbox 2940 2925 3043 2979; x_wconf 80' lang='lat' dir='ltr'><strong>fuit</strong></span> <span class='ocrx_word' id='word_1_626' title='bbox 3065 2926 3326 2981; x_wconf 76' lang='lat' dir='ltr'><strong>Hesiodus</strong></span> <span class='ocrx_word' id='word_1_627' title='bbox 3349 2937 3402 2982; x_wconf 87' lang='lat' dir='ltr'>et</span> <span class='ocrx_word' id='word_1_628' title='bbox 3443 2927 3690 3000; x_wconf 78' lang='lat' dir='ltr'><strong>Ephorus</strong></span> <span class='ocrx_word' id='word_1_629' title='bbox 3705 2967 3721 2994; x_wconf 90' lang='lat'><strong>,</strong></span> <span class='ocrx_word' id='word_1_630' title='bbox 3752 2930 3868 2983; x_wconf 85' lang='lat' dir='ltr'><strong>Iso·</strong></span> 
     </span>
     <span class='ocr_line' id='line_1_83' title="bbox 2324 3016 3871 3090; baseline 0.005 -21"><span class='ocrx_word' id='word_1_631' title='bbox 2324 3018 2481 3070; x_wconf 86' lang='lat' dir='ltr'><strong>cratis</strong></span> <span class='ocrx_word' id='word_1_632' title='bbox 2502 3016 2813 3089; x_wconf 87' lang='lat' dir='ltr'><strong>discipulus,</strong></span> <span class='ocrx_word' id='word_1_633' title='bbox 2841 3019 2933 3088; x_wconf 87' lang='lat' dir='ltr'>qui</span> <span class='ocrx_word' id='word_1_634' title='bbox 2956 3019 3209 3072; x_wconf 72' lang='lat' dir='ltr'><strong>Historias</strong></span> <span class='ocrx_word' id='word_1_635' title='bbox 3231 3019 3458 3090; x_wconf 81' lang='lat' dir='ltr'><strong>scripsit.</strong></span> <span class='ocrx_word' id='word_1_636' title='bbox 3531 3020 3698 3075; x_wconf 68' lang='lat' dir='ltr'><strong>Cuma</strong></span> <span class='ocrx_word' id='word_1_637' title='bbox 3730 3018 3871 3077; x_wconf 83' lang='lat' dir='ltr'><strong>dicta</strong></span> 
     </span>
     <span class='ocr_line' id='line_1_84' title="bbox 2328 3107 3847 3185; baseline 0.006 -25"><span class='ocrx_word' id='word_1_638' title='bbox 2328 3107 2428 3163; x_wconf 81' lang='lat' dir='ltr'><strong>suit</strong></span> <span class='ocrx_word' id='word_1_639' title='bbox 2455 3109 2520 3164; x_wconf 84' lang='lat' dir='ltr'>ab</span> <span class='ocrx_word' id='word_1_640' title='bbox 2540 3113 2806 3164; x_wconf 79' lang='lat' dir='ltr'><strong>Amazone</strong></span> <span class='ocrx_word' id='word_1_641' title='bbox 2829 3108 3057 3182; x_wconf 83' lang='lat' dir='ltr'><strong>quadam</strong></span> <span class='ocrx_word' id='word_1_642' title='bbox 3072 3151 3089 3176; x_wconf 88' lang='lat'><strong>,</strong></span> <span class='ocrx_word' id='word_1_643' title='bbox 3116 3112 3250 3164; x_wconf 88' lang='lat' dir='ltr'><strong>sicut</strong></span> <span class='ocrx_word' id='word_1_644' title='bbox 3264 3112 3475 3183; x_wconf 75' lang='lat' dir='ltr'><strong>Myrino</strong></span> <span class='ocrx_word' id='word_1_645' title='bbox 3499 3121 3552 3166; x_wconf 88' lang='lat' dir='ltr'>et</span> <span class='ocrx_word' id='word_1_646' title='bbox 3576 3112 3847 3185; x_wconf 74' lang='lat' dir='ltr'><strong>Mytilene.</strong></span> 
     </span>
    </p>

    <p class='ocr_par' dir='ltr' id='par_1_15' title="bbox 2320 3203 3873 3894">
     <span class='ocr_line' id='line_1_85' title="bbox 2395 3203 3867 3278; baseline 0.001 -17"><span class='ocrx_word' id='word_1_647' title='bbox 2395 3220 2479 3275; x_wconf 83' lang='lat'>72.</span> <span class='ocrx_word' id='word_1_648' title='bbox 2519 3205 2803 3276; x_wconf 76' lang='lat' dir='ltr'><strong>Pergamus</strong></span> <span class='ocrx_word' id='word_1_649' title='bbox 2829 3203 2955 3259; x_wconf 83' lang='lat' dir='ltr'><strong>urbs</strong></span> <span class='ocrx_word' id='word_1_650' title='bbox 2981 3203 3403 3276; x_wconf 72' lang='lat' dir='ltr'><strong>gazophylacium</strong></span> <span class='ocrx_word' id='word_1_651' title='bbox 3420 3203 3520 3260; x_wconf 70' lang='lat' dir='ltr'><strong>fuit</strong></span> <span class='ocrx_word' id='word_1_652' title='bbox 3547 3206 3867 3278; x_wconf 78' lang='lat' dir='ltr'><strong>Lysimachi,</strong></span> 
     </span>
     <span class='ocr_line' id='line_1_86' title="bbox 2323 3305 3870 3378; baseline 0 -17"><span class='ocrx_word' id='word_1_653' title='bbox 2323 3305 2619 3376; x_wconf 74' lang='lat' dir='ltr'><strong>Agathoclis</strong></span> <span class='ocrx_word' id='word_1_654' title='bbox 2644 3305 2735 3362; x_wconf 78' lang='lat' dir='ltr'><strong>lilii</strong></span> <span class='ocrx_word' id='word_1_655' title='bbox 2748 3345 2765 3371; x_wconf 91' lang='lat'><strong>,</strong></span> <span class='ocrx_word' id='word_1_656' title='bbox 2801 3307 2895 3378; x_wconf 91' lang='lat' dir='ltr'>qui</span> <span class='ocrx_word' id='word_1_657' title='bbox 2933 3322 2999 3359; x_wconf 82' lang='lat' dir='ltr'>ex</span> <span class='ocrx_word' id='word_1_658' title='bbox 3024 3305 3307 3360; x_wconf 73' lang='lat' dir='ltr'><strong>Alexandri</strong></span> <span class='ocrx_word' id='word_1_659' title='bbox 3350 3305 3737 3368; x_wconf 76' lang='lat' dir='ltr'><strong>successoribus</strong></span> <span class='ocrx_word' id='word_1_660' title='bbox 3766 3305 3870 3361; x_wconf 79' lang='lat' dir='ltr'><strong>fuit</strong></span> 
     </span>
     <span class='ocr_line' id='line_1_87' title="bbox 2324 3382 3873 3478; baseline 0.001 -18"><span class='ocrx_word' id='word_1_661' title='bbox 2324 3423 2481 3463; x_wconf 86' lang='lat' dir='ltr'><strong>unus.</strong></span> <span class='ocrx_word' id='word_1_662' title='bbox 2500 3382 2845 3461; x_wconf 76' lang='lat' dir='ltr'><strong>Pecuniamm</strong></span> <span class='ocrx_word' id='word_1_663' title='bbox 2863 3404 3121 3472; x_wconf 83' lang='lat' dir='ltr'><strong>custodia,</strong></span> <span class='ocrx_word' id='word_1_664' title='bbox 3144 3423 3260 3478; x_wconf 69' lang='lat' dir='ltr'><strong>quas</strong></span> <span class='ocrx_word' id='word_1_665' title='bbox 3279 3417 3429 3461; x_wconf 83' lang='lat' dir='ltr'><strong>erant</strong></span> <span class='ocrx_word' id='word_1_666' title='bbox 3444 3405 3759 3461; x_wconf 70' lang='lat' dir='ltr'><strong>talentorum</strong></span> <span class='ocrx_word' id='word_1_667' title='bbox 3777 3425 3873 3462; x_wconf 91' lang='lat' dir='ltr'>no-</span> 
     </span>
     <span class='ocr_line' id='line_1_88' title="bbox 2322 3507 3869 3582; baseline 0.001 -18"><span class='ocrx_word' id='word_1_668' title='bbox 2322 3528 2441 3564; x_wconf 80' lang='lat' dir='ltr'>vem</span> <span class='ocrx_word' id='word_1_669' title='bbox 2452 3509 2629 3576; x_wconf 77' lang='lat' dir='ltr'><strong>millia,</strong></span> <span class='ocrx_word' id='word_1_670' title='bbox 2642 3511 2916 3564; x_wconf 79' lang='lat' dir='ltr'><strong>commissa</strong></span> <span class='ocrx_word' id='word_1_671' title='bbox 2926 3518 3040 3564; x_wconf 83' lang='lat' dir='ltr'><strong>erat</strong></span> <span class='ocrx_word' id='word_1_672' title='bbox 3048 3507 3321 3564; x_wconf 76' lang='lat' dir='ltr'><strong>Philetaero</strong></span> <span class='ocrx_word' id='word_1_673' title='bbox 3328 3510 3519 3575; x_wconf 70' lang='lat' dir='ltr'><strong>Tium,</strong></span> <span class='ocrx_word' id='word_1_674' title='bbox 3542 3510 3635 3581; x_wconf 89' lang='lat' dir='ltr'>qui</span> <span class='ocrx_word' id='word_1_675' title='bbox 3657 3529 3686 3564; x_wconf 88' lang='lat' dir='ltr'><strong>a</strong></span> <span class='ocrx_word' id='word_1_676' title='bbox 3701 3528 3869 3582; x_wconf 87' lang='lat' dir='ltr'><strong>puero</strong></span> 
     </span>
     <span class='ocr_line' id='line_1_89' title="bbox 2320 3611 3870 3688; baseline 0 -19"><span class='ocrx_word' id='word_1_677' title='bbox 2320 3613 2487 3688; x_wconf 76' lang='lat' dir='ltr'><strong>spado</strong></span> <span class='ocrx_word' id='word_1_678' title='bbox 2520 3623 2649 3682; x_wconf 83' lang='lat' dir='ltr'><strong>erat,</strong></span> <span class='ocrx_word' id='word_1_679' title='bbox 2687 3614 2743 3668; x_wconf 87' lang='lat' dir='ltr'>in</span> <span class='ocrx_word' id='word_1_680' title='bbox 2771 3611 2995 3686; x_wconf 83' lang='lat' dir='ltr'><strong>quadam</strong></span> <span class='ocrx_word' id='word_1_681' title='bbox 3034 3611 3187 3668; x_wconf 83' lang='lat' dir='ltr'><strong>turba</strong></span> <span class='ocrx_word' id='word_1_682' title='bbox 3213 3631 3490 3686; x_wconf 86' lang='lat' dir='ltr'><strong>oppressus</strong></span> <span class='ocrx_word' id='word_1_683' title='bbox 3513 3631 3637 3668; x_wconf 89' lang='lat' dir='ltr'>cum</span> <span class='ocrx_word' id='word_1_684' title='bbox 3664 3615 3870 3670; x_wconf 79' lang='lat' dir='ltr'><strong>nutrice</strong></span> 
     </span>
     <span class='ocr_line' id='line_1_90' title="bbox 2320 3715 3867 3794; baseline 0 -20"><span class='ocrx_word' id='word_1_685' title='bbox 2320 3728 2699 3794; x_wconf 76' lang='lat' dir='ltr'><strong>proptereaque</strong></span> <span class='ocrx_word' id='word_1_686' title='bbox 2707 3716 3000 3773; x_wconf 86' lang='lat' dir='ltr'><strong>eunuchus.</strong></span> <span class='ocrx_word' id='word_1_687' title='bbox 3014 3719 3067 3771; x_wconf 85' lang='lat' dir='ltr'>Is</span> <span class='ocrx_word' id='word_1_688' title='bbox 3078 3717 3229 3773; x_wconf 89' lang='lat' dir='ltr'><strong>initio</strong></span> <span class='ocrx_word' id='word_1_689' title='bbox 3236 3715 3400 3772; x_wconf 85' lang='lat' dir='ltr'><strong>fidelis</strong></span> <span class='ocrx_word' id='word_1_690' title='bbox 3413 3728 3524 3773; x_wconf 88' lang='lat' dir='ltr'><strong>erat</strong></span> <span class='ocrx_word' id='word_1_691' title='bbox 3535 3719 3867 3791; x_wconf 73' lang='lat' dir='ltr'><strong>Lysimacho,</strong></span> 
     </span>
     <span class='ocr_line' id='line_1_91' title="bbox 2322 3821 3872 3894; baseline 0 -15"><span class='ocrx_word' id='word_1_692' title='bbox 2322 3823 2416 3879; x_wconf 84' lang='lat' dir='ltr'>sed</span> <span class='ocrx_word' id='word_1_693' title='bbox 2435 3841 2599 3894; x_wconf 88' lang='lat' dir='ltr'><strong>quum</strong></span> <span class='ocrx_word' id='word_1_694' title='bbox 2621 3821 2688 3878; x_wconf 84' lang='lat' dir='ltr'>ab</span> <span class='ocrx_word' id='word_1_695' title='bbox 2715 3823 2928 3877; x_wconf 78' lang='lat' dir='ltr'><strong>Arsinoe</strong></span> <span class='ocrx_word' id='word_1_696' title='bbox 2950 3822 3089 3877; x_wconf 86' lang='lat' dir='ltr'><strong>illius</strong></span> <span class='ocrx_word' id='word_1_697' title='bbox 3118 3840 3280 3876; x_wconf 82' lang='lat' dir='ltr'><strong>uxore</strong></span> <span class='ocrx_word' id='word_1_698' title='bbox 3302 3821 3603 3889; x_wconf 82' lang='lat' dir='ltr'><strong>dissideret,</strong></span> <span class='ocrx_word' id='word_1_699' title='bbox 3626 3821 3872 3879; x_wconf 75' lang='lat' dir='ltr'><strong>defectio-</strong></span> 
     </span>
    </p>
   </div>
   <div class='ocr_carea' id='block_1_9' title="bbox 2320 3927 3870 5101">
    <p class='ocr_par' dir='ltr' id='par_1_16' title="bbox 2320 3927 3870 5101">
     <span class='ocr_line' id='line_1_92' title="bbox 2322 3927 3868 4002; baseline -0.001 -17"><span class='ocrx_word' id='word_1_700' title='bbox 2322 3948 2445 3985; x_wconf 84' lang='lat' dir='ltr'>nem</span> <span class='ocrx_word' id='word_1_701' title='bbox 2458 3930 2675 4002; x_wconf 80' lang='lat' dir='ltr'><strong>paravit,</strong></span> <span class='ocrx_word' id='word_1_702' title='bbox 2696 3927 2876 3982; x_wconf 80' lang='lat' dir='ltr'><strong>videns</strong></span> <span class='ocrx_word' id='word_1_703' title='bbox 2889 3944 3049 3982; x_wconf 81' lang='lat' dir='ltr'><strong>novas</strong></span> <span class='ocrx_word' id='word_1_704' title='bbox 3062 3945 3145 3981; x_wconf 88' lang='lat' dir='ltr'>res</span> <span class='ocrx_word' id='word_1_705' title='bbox 3154 3927 3461 4000; x_wconf 85' lang='lat' dir='ltr'><strong>permultas.</strong></span> <span class='ocrx_word' id='word_1_706' title='bbox 3479 3929 3615 3982; x_wconf 85' lang='lat' dir='ltr'><strong>Nam</strong></span> <span class='ocrx_word' id='word_1_707' title='bbox 3632 3929 3752 4000; x_wconf 79' lang='lat' dir='ltr'><strong>Lysi</strong></span> <span class='ocrx_word' id='word_1_708' title='bbox 3758 3946 3868 3983; x_wconf 82' lang='lat' dir='ltr'><strong>ma·</strong></span> 
     </span>
     <span class='ocr_line' id='line_1_93' title="bbox 2323 4025 3869 4097; baseline 0.001 -14"><span class='ocrx_word' id='word_1_709' title='bbox 2323 4029 2481 4095; x_wconf 83' lang='lat' dir='ltr'><strong>chus,</strong></span> <span class='ocrx_word' id='word_1_710' title='bbox 2510 4026 2819 4082; x_wconf 81' lang='lat' dir='ltr'><strong>domesticas</strong></span> <span class='ocrx_word' id='word_1_711' title='bbox 2840 4025 2897 4079; x_wconf 88' lang='lat' dir='ltr'>in</span> <span class='ocrx_word' id='word_1_712' title='bbox 2918 4025 3229 4080; x_wconf 73' lang='lat' dir='ltr'><strong>calamitates</strong></span> <span class='ocrx_word' id='word_1_713' title='bbox 3257 4025 3487 4097; x_wconf 84' lang='lat' dir='ltr'><strong>illapsus,</strong></span> <span class='ocrx_word' id='word_1_714' title='bbox 3515 4036 3729 4080; x_wconf 85' lang='lat' dir='ltr'><strong>coactus</strong></span> <span class='ocrx_word' id='word_1_715' title='bbox 3751 4039 3869 4084; x_wconf 85' lang='lat' dir='ltr'><strong>erat</strong></span> 
     </span>
     <span class='ocr_line' id='line_1_94' title="bbox 2324 4127 3861 4202; baseline -0.001 -16"><span class='ocrx_word' id='word_1_716' title='bbox 2324 4132 2490 4186; x_wconf 80' lang='lat' dir='ltr'><strong>lilium</strong></span> <span class='ocrx_word' id='word_1_717' title='bbox 2510 4129 2848 4202; x_wconf 78' lang='lat' dir='ltr'><strong>Agathoclem</strong></span> <span class='ocrx_word' id='word_1_718' title='bbox 2872 4129 3188 4183; x_wconf 83' lang='lat' dir='ltr'><strong>interimere.</strong></span> <span class='ocrx_word' id='word_1_719' title='bbox 3282 4127 3528 4183; x_wconf 83' lang='lat' dir='ltr'><strong>Seleucus</strong></span> <span class='ocrx_word' id='word_1_720' title='bbox 3555 4147 3681 4183; x_wconf 80' lang='lat' dir='ltr'><strong>vero</strong></span> <span class='ocrx_word' id='word_1_721' title='bbox 3700 4131 3861 4186; x_wconf 86' lang='lat' dir='ltr'><strong>Nica-</strong></span> 
     </span>
     <span class='ocr_line' id='line_1_95' title="bbox 2324 4227 3865 4301; baseline -0.001 -14"><span class='ocrx_word' id='word_1_722' title='bbox 2324 4243 2411 4287; x_wconf 90' lang='lat' dir='ltr'><strong>tor</strong></span> <span class='ocrx_word' id='word_1_723' title='bbox 2435 4248 2671 4286; x_wconf 82' lang='lat' dir='ltr'><strong>reversus</strong></span> <span class='ocrx_word' id='word_1_724' title='bbox 2717 4230 2864 4284; x_wconf 87' lang='lat' dir='ltr'><strong>illum</strong></span> <span class='ocrx_word' id='word_1_725' title='bbox 2902 4227 3137 4294; x_wconf 87' lang='lat' dir='ltr'><strong>sustulit,</strong></span> <span class='ocrx_word' id='word_1_726' title='bbox 3178 4229 3365 4301; x_wconf 84' lang='lat' dir='ltr'><strong>etipse</strong></span> <span class='ocrx_word' id='word_1_727' title='bbox 3404 4245 3436 4282; x_wconf 84' lang='lat' dir='ltr'><strong>a</strong></span> <span class='ocrx_word' id='word_1_728' title='bbox 3461 4228 3741 4284; x_wconf 67' lang='lat' dir='ltr'><strong>Ptolemaeo</strong></span> <span class='ocrx_word' id='word_1_729' title='bbox 3767 4231 3865 4286; x_wconf 84' lang='lat' dir='ltr'>Ce-</span> 
     </span>
     <span class='ocr_line' id='line_1_96' title="bbox 2323 4327 3867 4387; baseline -0.001 0"><span class='ocrx_word' id='word_1_730' title='bbox 2323 4350 2491 4387; x_wconf 87' lang='lat' dir='ltr'><strong>rauno</strong></span> <span class='ocrx_word' id='word_1_731' title='bbox 2537 4329 2663 4385; x_wconf 90' lang='lat' dir='ltr'><strong>dolo</strong></span> <span class='ocrx_word' id='word_1_732' title='bbox 2708 4330 2909 4384; x_wconf 80' lang='lat' dir='ltr'><strong>occisus</strong></span> <span class='ocrx_word' id='word_1_733' title='bbox 2946 4339 3044 4384; x_wconf 87' lang='lat' dir='ltr'><strong>est.</strong></span> <span class='ocrx_word' id='word_1_734' title='bbox 3114 4329 3321 4382; x_wconf 83' lang='lat' dir='ltr'><strong>Interea</strong></span> <span class='ocrx_word' id='word_1_735' title='bbox 3366 4327 3673 4383; x_wconf 78' lang='lat' dir='ltr'><strong>Philetaerus</strong></span> <span class='ocrx_word' id='word_1_736' title='bbox 3698 4348 3867 4386; x_wconf 85' lang='lat' dir='ltr'><strong>annos</strong></span> 
     </span>
     <span class='ocr_line' id='line_1_97' title="bbox 2324 4432 3867 4507; baseline 0.001 -19"><span class='ocrx_word' id='word_1_737' title='bbox 2324 4435 2510 4507; x_wconf 78' lang='lat' dir='ltr'><strong>viginti</strong></span> <span class='ocrx_word' id='word_1_738' title='bbox 2534 4433 2784 4488; x_wconf 86' lang='lat' dir='ltr'><strong>dominus</strong></span> <span class='ocrx_word' id='word_1_739' title='bbox 2806 4433 2995 4486; x_wconf 86' lang='lat' dir='ltr'><strong>mansit</strong></span> <span class='ocrx_word' id='word_1_740' title='bbox 3014 4433 3148 4486; x_wconf 86' lang='lat' dir='ltr'><strong>arcis</strong></span> <span class='ocrx_word' id='word_1_741' title='bbox 3173 4441 3226 4487; x_wconf 91' lang='lat' dir='ltr'>et</span> <span class='ocrx_word' id='word_1_742' title='bbox 3248 4432 3625 4505; x_wconf 82' lang='lat' dir='ltr'><strong>pecuniarum,</strong></span> <span class='ocrx_word' id='word_1_743' title='bbox 3664 4433 3867 4504; x_wconf 87' lang='lat' dir='ltr'><strong>pollici·</strong></span> 
     </span>
     <span class='ocr_line' id='line_1_98' title="bbox 2324 4526 3870 4602; baseline 0.001 -18"><span class='ocrx_word' id='word_1_744' title='bbox 2324 4529 2487 4584; x_wconf 86' lang='lat' dir='ltr'><strong>tando</strong></span> <span class='ocrx_word' id='word_1_745' title='bbox 2533 4547 2738 4602; x_wconf 82' lang='lat' dir='ltr'><strong>semper</strong></span> <span class='ocrx_word' id='word_1_746' title='bbox 2779 4546 2841 4583; x_wconf 78' lang='lat' dir='ltr'>sc</span> <span class='ocrx_word' id='word_1_747' title='bbox 2874 4526 3208 4583; x_wconf 79' lang='lat' dir='ltr'><strong>validioribus</strong></span> <span class='ocrx_word' id='word_1_748' title='bbox 3240 4527 3683 4600; x_wconf 84' lang='lat' dir='ltr'><strong>propioribusqus</strong></span> <span class='ocrx_word' id='word_1_749' title='bbox 3716 4529 3870 4586; x_wconf 85' lang='lat' dir='ltr'><strong>obse·</strong></span> 
     </span>
     <span class='ocr_line' id='line_1_99' title="bbox 2322 4625 3864 4703; baseline -0.003 -17"><span class='ocrx_word' id='word_1_750' title='bbox 2322 4629 2554 4703; x_wconf 86' lang='lat' dir='ltr'><strong>quendo.</strong></span> <span class='ocrx_word' id='word_1_751' title='bbox 2627 4630 2795 4683; x_wconf 86' lang='lat' dir='ltr'><strong>Erant</strong></span> <span class='ocrx_word' id='word_1_752' title='bbox 2817 4628 2865 4682; x_wconf 89' lang='lat' dir='ltr'>ei</span> <span class='ocrx_word' id='word_1_753' title='bbox 2886 4626 3069 4682; x_wconf 78' lang='lat' dir='ltr'><strong>fratres</strong></span> <span class='ocrx_word' id='word_1_754' title='bbox 3093 4625 3230 4691; x_wconf 87' lang='lat' dir='ltr'><strong>duo,</strong></span> <span class='ocrx_word' id='word_1_755' title='bbox 3258 4626 3524 4679; x_wconf 85' lang='lat' dir='ltr'><strong>Eumenes</strong></span> <span class='ocrx_word' id='word_1_756' title='bbox 3544 4635 3598 4680; x_wconf 89' lang='lat' dir='ltr'>et</span> <span class='ocrx_word' id='word_1_757' title='bbox 3625 4626 3864 4695; x_wconf 77' lang='lat' dir='ltr'><strong>Attalus3</strong></span> 
     </span>
     <span class='ocr_line' id='line_1_100' title="bbox 2323 4725 3869 4799; baseline -0.002 -14"><span class='ocrx_word' id='word_1_758' title='bbox 2323 4749 2387 4786; x_wconf 85' lang='lat' dir='ltr'>ex</span> <span class='ocrx_word' id='word_1_759' title='bbox 2416 4731 2619 4784; x_wconf 84' lang='lat' dir='ltr'><strong>seniore</strong></span> <span class='ocrx_word' id='word_1_760' title='bbox 2660 4731 2897 4783; x_wconf 84' lang='lat' dir='ltr'><strong>Eumene</strong></span> <span class='ocrx_word' id='word_1_761' title='bbox 2940 4727 3077 4780; x_wconf 83' lang='lat' dir='ltr'><strong>filius</strong></span> <span class='ocrx_word' id='word_1_762' title='bbox 3112 4729 3375 4782; x_wconf 83' lang='lat' dir='ltr'><strong>Eumenes</strong></span> <span class='ocrx_word' id='word_1_763' title='bbox 3401 4735 3555 4780; x_wconf 86' lang='lat' dir='ltr'><strong>natus</strong></span> <span class='ocrx_word' id='word_1_764' title='bbox 3590 4725 3691 4781; x_wconf 80' lang='lat' dir='ltr'><strong>fuit</strong></span> <span class='ocrx_word' id='word_1_765' title='bbox 3710 4767 3727 4792; x_wconf 89' lang='lat'><strong>,</strong></span> <span class='ocrx_word' id='word_1_766' title='bbox 3771 4729 3869 4799; x_wconf 90' lang='lat' dir='ltr'><strong>qui-</strong></span> 
     </span>
     <span class='ocr_line' id='line_1_101' title="bbox 2320 4825 3858 4903; baseline -0.003 -17"><span class='ocrx_word' id='word_1_767' title='bbox 2320 4833 2626 4903; x_wconf 70' lang='lat' dir='ltr'><strong>Pergamum</strong></span> <span class='ocrx_word' id='word_1_768' title='bbox 2671 4829 2995 4884; x_wconf 87' lang='lat' dir='ltr'><strong>successione</strong></span> <span class='ocrx_word' id='word_1_769' title='bbox 3033 4829 3259 4902; x_wconf 85' lang='lat' dir='ltr'><strong>aceepit,</strong></span> <span class='ocrx_word' id='word_1_770' title='bbox 3305 4825 3526 4900; x_wconf 81' lang='lat' dir='ltr'><strong>jamque</strong></span> <span class='ocrx_word' id='word_1_771' title='bbox 3588 4826 3705 4883; x_wconf 76' lang='lat' dir='ltr'><strong>loca</strong></span> <span class='ocrx_word' id='word_1_772' title='bbox 3752 4829 3858 4882; x_wconf 87' lang='lat' dir='ltr'><strong>cir-</strong></span> 
     </span>
     <span class='ocr_line' id='line_1_102' title="bbox 2321 4925 3867 5005; baseline -0.005 -17"><span class='ocrx_word' id='word_1_773' title='bbox 2321 4935 2581 4988; x_wconf 73' lang='lat' dir='ltr'><strong>cumcirca</strong></span> <span class='ocrx_word' id='word_1_774' title='bbox 2602 4933 2701 4987; x_wconf 83' lang='lat' dir='ltr'><strong>sita</strong></span> <span class='ocrx_word' id='word_1_775' title='bbox 2730 4932 2785 4986; x_wconf 85' lang='lat' dir='ltr'>in</span> <span class='ocrx_word' id='word_1_776' title='bbox 2807 4941 3059 5005; x_wconf 85' lang='lat' dir='ltr'><strong>potestate</strong></span> <span class='ocrx_word' id='word_1_777' title='bbox 3081 4928 3291 5002; x_wconf 79' lang='lat' dir='ltr'><strong>habuit,</strong></span> <span class='ocrx_word' id='word_1_778' title='bbox 3313 4927 3448 4983; x_wconf 84' lang='lat' dir='ltr'><strong>adeo</strong></span> <span class='ocrx_word' id='word_1_779' title='bbox 3468 4937 3531 4982; x_wconf 88' lang='lat' dir='ltr'>ut</span> <span class='ocrx_word' id='word_1_780' title='bbox 3551 4928 3707 4982; x_wconf 87' lang='lat' dir='ltr'><strong>etiam</strong></span> <span class='ocrx_word' id='word_1_781' title='bbox 3726 4925 3867 5000; x_wconf 85' lang='lat' dir='ltr'><strong>apud</strong></span> 
     </span>
     <span class='ocr_line' id='line_1_103' title="bbox 2321 5021 3861 5101; baseline -0.005 -18"><span class='ocrx_word' id='word_1_782' title='bbox 2321 5029 2508 5084; x_wconf 83' lang='lat' dir='ltr'><strong>Sardes</strong></span> <span class='ocrx_word' id='word_1_783' title='bbox 2542 5027 2731 5101; x_wconf 85' lang='lat' dir='ltr'><strong>proelio</strong></span> <span class='ocrx_word' id='word_1_784' title='bbox 2774 5043 3077 5097; x_wconf 66' lang='lat' dir='ltr'><strong>congressus</strong></span> <span class='ocrx_word' id='word_1_785' title='bbox 3110 5025 3433 5081; x_wconf 82' lang='lat' dir='ltr'><strong>Antiochum</strong></span> <span class='ocrx_word' id='word_1_786' title='bbox 3458 5022 3660 5078; x_wconf 87' lang='lat' dir='ltr'><strong>Seleuci</strong></span> <span class='ocrx_word' id='word_1_787' title='bbox 3696 5021 3861 5076; x_wconf 82' lang='lat' dir='ltr'><strong>filium</strong></span> 
     </span>
    </p>
   </div>
   <div class='ocr_carea' id='block_1_10' title="bbox 3390 5132 3861 5147">
    <p class='ocr_par' dir='ltr' id='par_1_17' title="bbox 3390 5132 3861 5147">
     <span class='ocr_line' id='line_1_104' title="bbox 3390 5132 3861 5147; baseline 0 0"><span class='ocrx_word' id='word_1_788' title='bbox 3390 5132 3861 5147; x_wconf 95' lang='lat' dir='ltr'> </span> 
     </span>
    </p>
   </div>
   <div class='ocr_carea' id='block_1_11' title="bbox 2327 5200 3872 5362">
    <p class='ocr_par' dir='ltr' id='par_1_18' title="bbox 2327 5200 3872 5362">
     <span class='ocr_line' id='line_1_105' title="bbox 2327 5200 3863 5279; baseline -0.005 -16"><span class='ocrx_word' id='word_1_789' title='bbox 2327 5211 2452 5271; x_wconf 81' lang='lat'><strong>623,</strong></span> <span class='ocrx_word' id='word_1_790' title='bbox 2480 5215 2550 5267; x_wconf 84' lang='lat' dir='ltr'>A.</span> <span class='ocrx_word' id='word_1_791' title='bbox 2588 5209 2609 5279; x_wconf 69' lang='lat'>1}</span> <span class='ocrx_word' id='word_1_792' title='bbox 2646 5239 2715 5250; x_wconf 93' lang='lat'>-—</span> <span class='ocrx_word' id='word_1_793' title='bbox 2741 5225 2827 5277; x_wconf 87' lang='lat'>71.</span> <span class='ocrx_word' id='word_1_794' title='bbox 2859 5224 2913 5277; x_wconf 84' lang='lat' dir='ltr'>p.</span> <span class='ocrx_word' id='word_1_795' title='bbox 2947 5206 3070 5271; x_wconf 79' lang='lat'><strong>623,</strong></span> <span class='ocrx_word' id='word_1_796' title='bbox 3111 5211 3173 5262; x_wconf 86' lang='lat' dir='ltr'>B.</span> <span class='ocrx_word' id='word_1_797' title='bbox 3204 5202 3450 5274; x_wconf 74' lang='grc' dir='ltr'>δημοσίᾳ]</span> <span class='ocrx_word' id='word_1_798' title='bbox 3492 5202 3705 5274; x_wconf 82' lang='grc' dir='ltr'>δημόσια</span> <span class='ocrx_word' id='word_1_799' title='bbox 3739 5200 3863 5255; x_wconf 79' lang='lat' dir='ltr'><strong>eod.</strong></span> 
     </span>
     <span class='ocr_line' id='line_1_106' title="bbox 2328 5279 3872 5362; baseline -0.007 -19"><span class='ocrx_word' id='word_1_800' title='bbox 2328 5293 2349 5362; x_wconf 73' lang='lat' dir='ltr'>u</span> <span class='ocrx_word' id='word_1_801' title='bbox 2374 5307 2532 5360; x_wconf 78' lang='lat'>—52</span> <span class='ocrx_word' id='word_1_802' title='bbox 2558 5304 2609 5343; x_wconf 87' lang='lat' dir='ltr'><strong>ct</strong></span> <span class='ocrx_word' id='word_1_803' title='bbox 2634 5289 2719 5358; x_wconf 87' lang='lat'>73.</span> <span class='ocrx_word' id='word_1_804' title='bbox 2746 5305 2802 5360; x_wconf 84' lang='lat' dir='ltr'>p.</span> <span class='ocrx_word' id='word_1_805' title='bbox 2833 5285 2955 5352; x_wconf 74' lang='lat'><strong>623,</strong></span> <span class='ocrx_word' id='word_1_806' title='bbox 2983 5289 3044 5339; x_wconf 85' lang='lat' dir='ltr'>B.</span> <span class='ocrx_word' id='word_1_807' title='bbox 3072 5288 3193 5349; x_wconf 75' lang='lat'><strong>624,</strong></span> <span class='ocrx_word' id='word_1_808' title='bbox 3226 5287 3292 5338; x_wconf 90' lang='lat' dir='ltr'>D.</span> <span class='ocrx_word' id='word_1_809' title='bbox 3325 5281 3560 5354; x_wconf 76' lang='grc' dir='ltr'>Διήγυλιν</span> <span class='ocrx_word' id='word_1_810' title='bbox 3584 5280 3670 5335; x_wconf 72' lang='grc' dir='ltr'>τὸν</span> <span class='ocrx_word' id='word_1_811' title='bbox 3696 5279 3872 5334; x_wconf 75' lang='grc' dir='ltr'>καινὸν</span> 
     </span>
    </p>
   </div>
  </div>
 </body>
</html>
