4584 6284
744 500 861 550 ⁴06

740 614 855 691 ὅρον
887 610 974 671 διὰ
1002 616 1155 671 τοῦτο
1182 612 1321 673 κατὰ
1340 610 1461 679 τοὺς
1486 610 1715 679 κόλακας
1736 614 1833 672 οὗκ
1869 611 2150 673 ἀπεοικότα
2178 612 2298 673 οὔτε

738 704 831 759 τοῦ
859 699 1178 781 Ἡρακλέος,
1202 702 1321 761 ἀλλ’
1340 699 1457 761 οὗδὲ
1488 698 1593 778 μὴν
1614 700 1731 761 οὐδὲ
1765 708 1855 759 τοῦ
1890 698 2143 762 Διονύσου
2165 745 2181 774 ,
2208 702 2298 761 διὰ

736 784 797 846 τὸ
815 788 907 846 καὶ
938 787 1091 847 αὐτὸν
1119 788 1310 864 ὁμοίως
1330 786 1541 857 ἐκείνοις
1557 789 1916 866 ἀποδημῆσαι.
1998 788 2108 849 Καὶ
2135 789 2300 863 οἱμὲν

736 875 1175 937 nazaret-vnvm.
1264 878 1335 939 El
1368 876 1425 936 δέ
1456 899 1505 935 τι
1535 876 1641 957 χρὴ
1666 876 1987 955 προσπαῒξαι
2008 878 2114 944 τοῖς
2143 878 2300 937 κόλα-

685 993 711 1031 5
738 960 815 1031 ξιν
832 1008 849 1041 ,
872 962 1210 1045 εὐφυέστερον
1240 956 1307 1039 ἦν
1324 968 1396 1032 εἰς
1418 964 1674 1025 καλακίαν
1695 966 1757 1025 τὸ
1784 964 1859 1041 μὴ
1888 972 2103 1027 τοιαῦτα
2131 966 2301 1026 πλάτ·

736 1074 844 1110 τειν
858 1097 875 1129 ,
928 1050 1065 1112 ἀλλὰ
1103 1054 1304 1129 μᾶλλον
1341 1056 1655 1113 ἁποστενοῧν
1692 1057 1767 1134 τῷ
1793 1051 2049 1135 Ἡρακλεῖ
2086 1052 2181 1114 καὶ
2225 1059 2302 1137 τῷ

740 1138 977 1223 Διονύσῳ
1011 1137 1103 1208 τὰς
1134 1139 1419 1219 ἐκδημίας,
1441 1144 1511 1209 ὡς
1542 1141 1606 1201 ἃν
1632 1141 1809 1215 δοκοίη
1838 1146 1866 1202 δ
1890 1144 2301 1221 κολακευόμενος

744 1228 1082 1309 Ἀλέξανδρος
1112 1230 1182 1297 εἰς
1221 1230 1480 1298 τοιούτους
1523 1230 1795 1311 ἀφικέσθαι
1836 1231 2057 1307 τόπους,
2096 1235 2169 1300 εἰς
2212 1234 2301 1301 οὓς

742 1317 855 1377 οὐδὲ
886 1317 1161 1399 Ἡρακλῆς
1202 1319 1317 1380 οὐδὲ
1367 1318 1641 1391 Διόνυσος,
1676 1322 1722 1379 οἱ
1748 1326 1840 1379 τοῦ
1886 1319 2027 1389 Διός.
2146 1324 2218 1383 Οἱ
2250 1324 2297 1381 δ’

666 1429 717 1469 ιο
740 1406 884 1465 αὐτοὶ
907 1407 1129 1474 κόλακες
1162 1406 1301 1466 κατὰ
1336 1406 1451 1475 τοὺς
1478 1406 1728 1475 παλαιοὺς
1762 1408 2039 1469 Καύκασον
2078 1408 2300 1487 ὠνόμα-

740 1517 839 1553 σαν
858 1498 991 1572 ὁμοῦ
1020 1493 1109 1554 τόν
1137 1516 1193 1553 τε
1228 1496 1609 1575 Παροπαμισὸν
1632 1496 1721 1556 καὶ
1758 1498 1817 1555 τὸ
1849 1496 2096 1574 Ἠμωδὸν
2127 1496 2302 1557 καὶτὸ

740 1580 968 1654 ’ludium
1000 1581 1067 1642 τὰ
1095 1582 1287 1644 Ἰνδικὰ
1314 1582 1431 1663 ὄρη.
1462 1582 1610 1665 Ὅρα
1639 1585 1694 1645 δὲ
1724 1585 1927 1663 κόμπον
1956 1584 2291 1659 Ἑλληνικὸν,

740 1674 812 1729 ὡ·
864 1671 954 1732 ιιαὶ
996 1672 1283 1745 φθάσαντες
1326 1672 1558 1751 εἴπομεν,
1614 1672 1702 1731 ἐὰν
1764 1675 1817 1742 ἐξ
1855 1672 2110 1741 Ἑλλάδος
2166 1664 2301 1746 ἦσαν

743 1756 1020 1838 Ἡρακλῆς
1047 1759 1138 1819 καὶ
1163 1760 1434 1838 Διόνυσος,
1464 1764 1513 1821 οἱ
1545 1760 1661 1830 τοὺς
1688 1766 1783 1833 τῆς
1810 1765 1906 1843 γῆς
1934 1761 2302 1843 ἀνδραγαθίαις

666 1860 719 1903 ιο
742 1846 1095 1925 περιελθόντες
1110 1845 1381 1929 τέρμονας.
1466 1847 1725 1929 Ἀρριανὸς
1744 1846 1798 1908 δὲ
1822 1849 1942 1910 τάδε
1965 1848 2152 1932 γράφει
2177 1851 2300 1931 περὶ

744 1938 836 2006 τῆς
883 1939 952 2002 εἰς
994 1934 1187 2003 Ἰνδοὺς
1224 1942 1315 1996 τοῦ
1352 1935 1602 1998 Διονύσου
1646 1936 1941 2018 στρατείας·
1982 1967 2007 1992 α
2049 1938 2315 2001 Διόνυσον·

752 2024 1051 2101 πολεμῆσαι
1094 2023 1277 2093 Ἰνδοῖς
1318 2025 1500 2106 λόγος,
1544 2023 1683 2094 ὅστις
1722 2028 1789 2098 δὴ
1818 2016 1963 2094 οὗτος
1987 2032 2015 2087 ὃ
2065 2026 2155 2086 ἐπὶ
2196 2026 2298 2087 Ἰν·

750 2110 862 2178 δοὺς
881 2109 1205 2193 στρατεύσας
1235 2116 1502 2181 Διόνυσος.
1532 2114 1613 2175 Οὗ
1638 2112 1740 2195 γὰρ
1769 2113 1832 2187 δὴ
1864 2119 1983 2197 ῥᾷον
2011 2118 2178 2194 εὑρεῖν
2220 2116 2302 2174 δο-

744 2200 828 2259 κεῖ
860 2198 982 2260 οὔτε
1020 2201 1106 2260 τὸν
1132 2200 1370 2273 Θηὸαῒον
1400 2203 1490 2261 τὸν
1529 2206 1622 2274 τῆς
1643 2202 1885 2279 Σεμέλης
1911 2207 2002 2274 τῆς
2031 2202 2255 2278 Κάδμου
2274 2248 2294 2278 ,

663 2304 722 2345 2⁰
745 2286 863 2348 οὔτε
902 2290 959 2348 ὃν
1006 2288 1265 2362 Ἀθηναῖοι
1294 2292 1348 2349 έν
1396 2291 1509 2357 ταῖς
1540 2290 1771 2357 τελεταῖς
1821 2288 1939 2357 Διὸς
1982 2288 2070 2348 καὶ
2121 2290 2301 2369 Κόρης

744 2379 912 2437 παῖδα
944 2378 1212 2451 σε’ὅουσιν,
1248 2384 1309 2441 οὗ
1339 2377 1444 2458 μὴν
1470 2380 1577 2439 οὐδ’
1612 2379 1769 2440 ἄλλον
1798 2380 2024 2456 οὗδαμοῧ
2047 2377 2299 2439 Διόνυσον

746 2467 908 2547 ἂρήῖα
943 2467 1082 2527 ὅπλα
1111 2468 1438 2532 ἐνδεδυκότα.
1472 2494 1495 2519 ⁸·

828 2576 947 2617 ιιω.
992 2552 1117 2613 Ὅτι
1146 2555 1237 2613 καὶ
1265 2557 1483 2615 ἐνταῦθα
1519 2556 1578 2616 τὸ
1624 2559 1717 2627 τῆς
1759 2554 1987 2633 ἱστορίας
2029 2554 2301 2632 ὁμολογῶν

745 2642 1052 2702 συνοπτικὸν
1080 2642 1195 2708 τοὺς
1222 2643 1542 2724 ὗπερτοίτους
1586 2644 1725 2703 κατὰ
1765 2648 1863 2722 γ’ἧν
1892 2642 2080 2721 ἄνδρας
2114 2640 2302 2719 μόνους

664 2750 717 2790 25
744 2731 885 2807 λέγει
908 2729 1344 2811 περιηγήσασθαι·
1364 2731 1485 2799 τοὺς
1509 2734 1613 2811 γὰρ
1638 2732 1849 2803 ἄλλους,
1867 2729 1917 2789 οἳ
1944 2730 2063 2790 ἔνθα
2093 2729 2185 2788 καὶ
2207 2729 2300 2787 έν-

746 2817 809 2870 θα
848 2811 986 2869 κατὰ
1014 2810 1257 2888 ἠπείρους
1289 2814 1595 2871 πλανῶνται
1634 2810 1841 2891 μυρίοι,
1890 2809 1971 2877 τίς
2004 2810 2087 2882 ἂν,
2116 2809 2302 2890 φησὶν,

748 2900 1067 2979 ἀριφραδέως
1093 2899 1397 2979 ἀγορεύσοι,
1421 2900 1603 2973 θνητὸς
1642 2898 1743 2974 ὤν;
1774 2897 1887 2967 θεὸς
1915 2898 1969 2959 δὲ
2000 2896 2155 2974 μόνος
2186 2900 2302 2978 ῥεῖα

747 2988 919 3045 πάντα
943 2986 1182 3046 δύναται.
1268 2980 1404 3047 Εἶτα
1435 2984 1809 3063 μαθηματικὴν
1853 2984 2189 3065 φυσιολογίαν
2216 2983 2306 3042 καὶ

748 3074 1011 3155 θεολογίαν
1065 3074 1181 3133 τινὰ
1226 3074 1444 3143 ἐκτιθεὶς
1486 3074 1791 3153 προσρόρως
1841 3078 1917 3154 τῷ
1970 3076 2171 3153 καιρῷ,
2216 3073 2308 3132 καὶ

674 3180 728 3219 ao
752 3166 820 3227 εἰς
848 3160 1044 3222 ἔννοιαν
1074 3161 1287 3241 πρώτην
1331 3161 1646 3238 σεμνότητος
1692 3160 2012 3221 καταπαύων
2061 3160 2159 3229 τὴν
2214 3182 2310 3218 πε-

754 3248 1020 3326 ριήγησιν,
1050 3249 1178 3328 φησὶ
1211 3248 1323 3308 θεὸν
1353 3248 1445 3306 καὶ
1484 3244 1552 3304 τδι
1595 3251 1689 3317 τῆς
1716 3250 1811 3323 γῆς
1860 3250 2043 3327 πρῶτα
2092 3244 2312 3322 θεμέλια

753 3336 1147 3415 τορνώσασθαι,
1176 3335 1267 3392 καὶ
1296 3332 1456 3409 βαθὺν
1492 3324 1641 3409 οἶμον
1684 3334 1847 3401 δεῖξαι
1882 3331 2178 3413 ἀμετρήτου
2212 3337 2309 3391 θα·

725 3424 995 3495 ‚Meo-m,
1036 3422 1229 3503 καὶτῷ
1270 3420 1369 3501 βίῳ
1397 3419 1601 3496 ἔμπεδα
1650 3420 1824 3479 πάντα
1868 3418 2316 3499 διατεκμῆρασθαι

759 3508 928 3586 ἄστρα
957 3508 1287 3586 διακρίναντα
1302 3552 1319 3581 ,
1342 3505 1715 3585 κληρώσασθαί
1736 3529 1794 3565 τε
1813 3507 2017 3589 ἑκάστῳ
2038 3510 2140 3566 τῶν
2170 3507 2319 3568 ἄστε’-

680 3626 738 3667 ³5
766 3620 867 3679 ρων
898 3602 1083 3677 μοῖραν
1104 3601 1199 3676 γῆς
1218 3608 1309 3657 καὶ
1337 3596 1618 3668 θαλάττης·
1643 3592 1756 3655 ὅθεν
1786 3596 1877 3654 καὶ
1904 3594 2039 3655 κατὰ
2079 3593 2200 3661 τοὺς
2256 3598 2319 3653 οἱ·

762 3687 948 3766 στέρας
961 3686 1077 3754 τοὺς
1106 3684 1450 3767 διαλαχόντας
1471 3685 1565 3757 τὴν
1580 3689 1678 3763 γῆν
1708 3684 1871 3758 ἄλλην
1901 3686 2135 3765 ἀλλαχοῦ
2165 3682 2318 3765 φύσιν

760 3780 830 3856 γῆ
858 3776 1057 3848 ἑκάστη
1088 3775 1275 3857 ἔλαχε,
1300 3774 1445 3856 φησί.
1557 3773 1625 3836 Ἥ
1668 3774 1763 3851 μὲν
1795 3771 1895 3854 γὰρ
1918 3774 2076 3847 λευκὴ
2104 3773 2195 3832 καὶ
2220 3776 2319 3853 ἀρ-

760 3861 1005 3943 γινόεσσα
1029 3864 1124 3937 τὴν
1146 3863 1383 3946 μορφὴν,
1412 3866 1447 3934 ἡ
1476 3861 1531 3923 δὲ
1561 3860 1889 3942 μελαντέρα,
1918 3865 1953 3933 ἡ
1970 3860 2025 3919 δὲ
2048 3858 2185 3937 μέση
2216 3862 2322 3938 ἀμ-

760 3951 1027 4035 φοτέρων,
1059 3951 1194 4023 ἄλλη
1224 3952 1279 4011 δὲ
1300 3950 1599 4026 μιλτώδης,
1632 3949 1725 4009 καὶ
1747 3950 1885 4022 ἄλλη
1920 3947 2124 4008 ἀλλοία.
2158 3946 2318 4008 Οὕτω

684 4064 741 4109 ⁴⁰
765 4038 900 4119 γὰρ,
932 4038 1108 4122 φησὶν,
1138 4041 1167 4097 ὃ
1201 4035 1333 4105 Ζεὺς
1364 4037 1647 4119 έφρόσατο.
1730 4036 1854 4118 Ἐφ’
1880 4027 1957 4105 οἷς
1982 4036 2323 4115 γνωματευό-

759 4151 911 4206 μενος
936 4126 1114 4206 λέγει,
1148 4153 1173 4178 ι
1200 4122 1366 4192 οὕτως
1394 4122 1684 4201 ἀνθρώποις
1708 4127 1910 4204 ἑτεροῖα
1938 4123 2114 4184 πάντα
2141 4119 2320 4181 τέτυκ-

754 4238 867 4276 ται.
892 4242 915 4269 ι
1000 4214 1109 4275 Καὶ
1137 4213 1245 4274 ἔστι
1266 4216 1425 4272 τοῦτο
1443 4211 1694 4294 τέταρτον
1716 4212 1752 4283 ἢ
1782 4210 1990 4287 πέμπον
2017 4212 2093 4290 τῷ
2127 4212 2320 4269 Διονυ-
2345 4258 2350 4262 Α

762 4304 859 4387 σίῳ
886 4301 1169 4383 γνωμικόν.
1272 4297 1419 4380 Ὅρα
1448 4300 1504 4361 δὲ
1530 4297 1608 4359 ὅτι
1637 4302 1689 4359 ἒν
1710 4302 1789 4380 τῷ
1811 4298 2012 4375 ἔμπεδα
2038 4296 2214 4355 πάντα
2250 4293 2318 4355 τὰ

760 4394 897 4454 κατὰ
923 4392 1011 4453 τὸν
1042 4391 1150 4474 βίον
1164 4390 1493 4471 τεκμήραντο
1514 4388 1683 4469 ἄστρα
1707 4386 2089 4467 διακρίναντες,
2112 4383 2320 4463 ἄστροις

690 4506 744 4547 45
766 4480 862 4555 τὴν
906 4484 1009 4541 τῶν
1039 4478 1327 4567 ἐγκοσμίων
1373 4476 1541 4537 αἰτίαν
1581 4480 1610 4536 ὃ
1644 4475 1909 4543 Διονύσιος
1937 4474 2229 4549 ἀνατίθησι·
2258 4472 2320 4532 τὸ

764 4570 821 4632 δὶ
844 4569 1197 4651 τορνώσασθαι
1228 4566 1283 4636 έξ
1300 4565 1538 4645 Ὀμήρου
1558 4563 1835 4637 εἴληπται,
1861 4564 1953 4623 καὶ
1976 4562 2126 4636 δηλοῖ
2143 4562 2203 4623 τὸ
2227 4586 2319 4623 πε-

766 4659 1135 4741 ριγράψασθαι·
1170 4654 1231 4715 τὸ
1264 4654 1318 4715 δὲ
1356 4654 1694 4735 ἀργινόεσσαν
1736 4652 1991 4735 γράφεται
2029 4653 2118 4712 καὶ
2162 4656 2313 4732 ἃργι·

762 4870 927 4944 τούτῳ
967 4888 1077 4924 om.
1110 4872 1163 4923 C.
1200 4870 1221 4937 Ιὶ
1247 4898 1321 4911 -
1346 4884 1400 4923 2.
1430 4865 1721 4939 Ἡρακλέους
1747 4865 1804 4921 d.
1834 4868 1855 4937 ΙΙ
1897 4896 1970 4910 -
1999 4869 2049 4919 5.
2092 4868 2320 4937 πράττειν

765 4952 804 5006 1.
832 4952 855 5022 ΙΙ
908 4980 978 4993 --
1005 4965 1055 5018 7.
1078 4950 1219 5002 ’δοκεῖ
1246 4948 1304 5002 d.
1354 4948 1376 5017 ss
1421 4977 1485 4988 -
1509 4966 1561 5017 9·
1589 4947 1619 5000 ὁ
1644 4950 1731 5001 τοῦ
1758 4946 1813 5010 d,
1845 4946 1893 4999 οἳ
1915 4946 1967 5001 &i
1992 4952 2079 4999 τοῦ
2107 4950 2161 5002 C.
2198 4948 2221 5015 ΙΙ
2247 4977 2322 4988 —

768 5046 853 5085 10.
881 5029 1089 5089 κόλακες
1104 5044 1214 5083 om.
1232 5026 1289 5090 d,·
1315 5025 1398 5079 xci
1416 5029 1495 5081 K.
1518 5025 1781 5099 ὠνόμασαν
1800 5025 1924 5079 κατὰ
1947 5026 2059 5089 τοὺς
2084 5024 2323 5088 παλαιούς

762 5106 1111 5179 ‹Lu—umal.
1130 5106 1217 5160 τὸν
1243 5105 1333 5163 Ἦ.
1352 5104 1408 5161 d.
1442 5107 1464 5177 ΙΙ
1490 5136 1555 5147 —-
1582 5123 1667 5162 12.
1691 5104 1777 5159 καὶ
1805 5104 1867 5159 τὰ
1889 5104 2037 5169 dn&
2062 5122 2173 5161 om.
2204 5111 2258 5159 C.
2292 5106 2314 5175 ΙΙ

760 5192 933 5244 -εῆ,
954 5186 1207 5259 στρατείας
1224 5184 1457 5239 Διονύσου
1470 5202 1527 5256 y.
1537 5187 1723 5256 11—17.
1738 5182 1799 5252 δὴ
1820 5186 2051 5247 Arrian„
2070 5203 2130 5255 γε
2152 5183 2316 5241 codd.

761 5268 913 5322 Eust.
950 5266 973 5337 ΙΙ
1000 5296 1074 5307 -
1095 5270 1183 5319 26.
1214 5263 1340 5319 κατὰ
1370 5263 1455 5327 τὰς
1482 5263 1571 5331 ἡπ.
1600 5264 1783 5322 codd..
1826 5282 1937 5319 exc.
1970 5269 2054 5336 cy.
2079 5266 2102 5335 ΙΙ
2129 5294 2203 5306 -
2224 5281 2316 5335 27.

762 5342 1019 5417 ἇγορεύσει
1041 5342 1118 5407 d,-
1148 5340 1257 5415 ῥεῖα
1274 5344 1432 5398 πάντα
1458 5346 1541 5415 Qr,
1573 5364 1627 5399 π.
1645 5362 1694 5417 ρ.
1726 5354 1851 5399 cett.
1887 5344 1910 5416 fl
1948 5373 2022 5388 -
2042 5360 2132 5415 ²9·
2165 5341 2320 5408 ζκθεὶς

2099 488 2197 549 ΕΙ]
2210 490 2482 551 δΤΑΊἩΙ
2495 492 2522 550 1

2389 615 2645 669 sententia
2689 612 2836 669 nullo
2872 614 3034 670 modo
3061 614 3327 671 dissimilis
3353 629 3488 673 esset
3521 638 3693 695 neque
3736 623 3948 681 Herculi

2391 717 2562 773 neque
2586 700 2794 755 Baccho
2809 739 2826 766 ,
2857 719 3024 773 quum
3069 702 3181 775 ipse
3206 720 3420 776 quoque
3457 707 3654 779 pariter
3689 718 3848 782 atque
3881 711 3953 767 illi

2389 789 2700 862 longinquas
2723 790 2961 860 regiones
2983 792 3375 863 peragi-nisset.
3405 797 3582 866 Atque
3607 796 3720 851 baec
3741 797 3958 870 quidem

2391 890 2612 935 veteres.
2644 876 2808 947 Quod
2849 879 2892 931 si
2923 898 3049 933 eum
3079 881 3490 936 assentatoribus
3521 882 3621 939 illis
3638 883 3810 957 jocari
3853 906 3958 946 una

2389 975 2616 1036 oportet,
2645 966 3019 1036 coagmentius
3059 965 3226 1021 multo
3251 966 3322 1020 ad
3365 972 3772 1027 assentationem
3808 986 3917 1037 era:
3934 1014 3952 1031 .

2391 1072 2500 1107 non
2520 1055 2638 1109 talia
2668 1053 2780 1108 baec
2807 1054 3132 1109 comminisci
3150 1094 3167 1120 ,
3195 1054 3288 1110 sed
3315 1058 3492 1129 potius
3519 1060 3762 1115 Herculis
3795 1074 3950 1136 atque

2393 1140 2577 1196 Bacchi
2628 1142 3072 1215 peregrinationes
3107 1146 3442 1217 restringere,
3507 1157 3569 1201 ut
3635 1148 3950 1221 Alexander,

2391 1246 2550 1301 quem
2578 1228 2676 1283 sibi
2712 1227 2980 1285 blanditiis
3014 1230 3352 1286 conciliatum
3381 1233 3627 1290 volebant
3642 1275 3659 1302 ,
3705 1255 3770 1292 eo
3795 1249 3962 1312 pene-⁸

2391 1322 2554 1367 trasse
2583 1311 2863 1376 videretur,
2887 1332 2996 1385 quo
3023 1331 3196 1386 neque
3223 1316 3476 1371 Hercules
3497 1336 3672 1392 neque
3699 1318 3950 1390 Bacchus,

2389 1396 2484 1450 filii
2505 1395 2576 1450 illi
2600 1398 2765 1451 Jovis.
2795 1394 2959 1451 Iidem
2985 1396 3306 1463 adulatores,
3349 1408 3408 1452 ut
3427 1416 3460 1453 a
3483 1400 3750 1455 veteribus
3774 1402 3958 1476 prodi-

2390 1492 2505 1535 tum
2523 1491 2628 1547 est,
2658 1482 2951 1536 Caucasum
2978 1483 3324 1537 nominarunt
3367 1493 3420 1537 et
3461 1486 3860 1557 Paropamisum
3898 1503 3953 1546 et

2389 1562 2658 1619 Emodum
2668 1574 2723 1618 et
2743 1567 2969 1630 Imaum,
2986 1575 3193 1619 montes
3207 1565 3437 1620 Indicos.
3458 1564 3602 1621 Vide
3615 1586 3740 1622 vero
3756 1567 3956 1641 jactan-

2391 1648 2517 1699 tiam
2535 1685 2551 1710 ,
2578 1647 2734 1701 sicuti
2763 1656 2816 1700 et
2828 1664 2986 1719 supra
3002 1645 3256 1713 diximus,
3278 1650 3612 1718 Graecorum,
3631 1650 3676 1704 si
3705 1652 3955 1709 Hercules

2389 1736 2442 1780 et
2459 1728 2694 1782 Bacchus
2707 1746 2774 1782 ex
2793 1730 2993 1783 Graecia
3011 1730 3242 1795 fuerunt,
3251 1732 3346 1803 qui
3367 1731 3525 1785 rebus
3538 1732 3785 1803 praeclare
3807 1740 3964 1806 gestis

2391 1821 2651 1865 terrarum
2685 1812 2816 1865 fines
2843 1810 3106 1869 obierunt.
3170 1815 3376 1868 Verum
3403 1814 3472 1869 de
3504 1814 3690 1869 Bacchi
3713 1818 3768 1873 in
3791 1819 3955 1876 Indos

2389 1893 2723 1966 expeditione
2749 1894 2860 1949 haec
2883 1896 3067 1950 scribit
3088 1897 3343 1952 Arrianus
3379 1898 3467 1965 (5,
3493 1903 3560 1972 1)
3593 1920 3607 1957 ε
3646 1927 3669 1950 ι
3699 1904 3858 1957 Fama
3882 1914 3963 1960 est

2388 1977 2652 2033 Bacchum
2679 1977 2874 2033 bellum
2905 1997 3028 2033 cum
3067 1979 3215 2034 Indis
3249 1982 3486 2051 gessisse,
3529 1986 3836 2057 quicunque
3862 1985 3956 2041 de·

2390 2078 2539 2116 mum
2585 2062 2824 2117 Bacchus
2875 2062 2920 2117 is
2958 2062 3116 2117 suerit
3131 2103 3148 2129 ,
3182 2065 3276 2136 qui
3323 2064 3518 2121 bellum
3559 2068 3708 2123 Indis
3759 2070 3958 2127 intulit.

2388 2144 2512 2199 Non
2539 2146 2680 2199 enim
2717 2144 2929 2201 videtur
2953 2164 3066 2202 esse
3088 2145 3238 2201 facile
3265 2148 3502 2203 invenire
3537 2168 3712 2226 neque
3747 2152 3952 2207 Theba·

2389 2245 2521 2281 num
2560 2228 2706 2283 illum
2721 2269 2736 2295 ,
2767 2228 2990 2284 Semeles
3016 2240 3069 2284 et
3110 2228 3300 2285 Cadmi
3341 2230 3532 2301 filium,
3581 2252 3753 2307 neque
3797 2253 3956 2307 quem

2396 2310 2735 2367 Athenienses
2765 2313 2820 2367 in
2857 2313 3244 2368 initiationibus
3268 2317 3416 2369 sevis
3433 2327 3606 2389 atque
3633 2321 3958 2392 Proserpinae

2389 2396 2554 2449 filium
2581 2397 2764 2453 colunt
2781 2438 2798 2463 ,
2837 2416 3008 2471 neque
3048 2416 3173 2453 vero
3213 2416 3437 2471 usquam
3473 2404 3711 2473 gentium
3737 2403 3958 2461 alterum

2391 2484 2692 2555 quempiam
2725 2483 3018 2549 Bacchum,
3049 2486 3143 2555 qui
3170 2485 3360 2538 Martia
3387 2503 3536 2539 arma
3562 2486 3813 2544 induerit.
3835 2515 3858 2536 ι

2468 2571 2621 2622 1166.
2658 2568 2760 2621 Hic
2801 2568 2957 2621 etiam
3001 2568 3316 2622 narrationis
3359 2586 3467 2623 suae
3511 2571 3962 2644 compendiariam

2391 2646 2698 2703 brevitatem
2715 2647 3013 2713 confitetur,
3049 2665 3217 2721 quum
3241 2666 3479 2702 summos
3499 2648 3756 2705 duntaxat
3773 2652 3828 2705 in
3858 2662 3962 2708 ter·

2391 2727 2465 2779 ris
2492 2727 2714 2800 populos
2741 2745 2852 2781 sese
2875 2727 3208 2799 descripsisse
3247 2727 3493 2784 affirmet.
3536 2730 3686 2785 Alios
3711 2748 3960 2803 namque,

2393 2805 2486 2875 qui
2508 2805 2596 2858 bic
2611 2816 2666 2860 et
2679 2805 2783 2859 illic
2799 2806 3064 2859 innumeri
3079 2806 3134 2859 in
3153 2805 3546 2859 continentibus
3559 2818 3829 2879 vagantur,
3845 2812 3964 2883 quis

2393 2902 2627 2956 unquam
2645 2924 2661 2950 ,
2713 2886 2911 2957 inquit,
2957 2883 3122 2939 homo
3169 2884 3385 2957 quidem
3421 2886 3656 2940 mortalis
3690 2889 3965 2960 perspicue

2397 2964 2800 3019 memoraverit?
2822 2966 2962 3018 Deus
2988 2963 3130 3017 solus
3149 2966 3329 3019 omnia
3352 2964 3499 3019 facile
3523 2977 3711 3037 potest.
3731 2967 3957 3035 Deinde,

2396 3060 2497 3115 pro
2515 3042 2614 3097 loci
2639 3050 2694 3097 et
2711 3045 2960 3114 temporis
2977 3046 3370 3117 opportunitate
3388 3044 3811 3119 mathematicam
3828 3046 3961 3122 phy·

2399 3121 2668 3191 siologiam
2695 3132 2749 3175 et
2785 3122 3101 3192 theologiam
3125 3120 3394 3193 quandam
3431 3125 3668 3194 exponit,
3713 3134 3876 3196 atque
3906 3129 3965 3181 in

2401 3198 2615 3252 notione
2627 3199 2796 3269 prima
2806 3198 3091 3254 divinitatis
3109 3198 3348 3253 desinere
3366 3198 3490 3254 facit
3505 3201 3816 3272 periegesin,
3836 3221 3966 3276 qua-

2401 3288 2554 3330 tenus
2575 3276 2736 3331 deum
2751 3275 2880 3330 dicit
2899 3288 2952 3331 et
2973 3279 3145 3349 prima
3163 3288 3315 3332 terrae
3341 3276 3690 3335 fundamenta
3707 3292 3962 3348 toi-nasse,

2403 3366 2455 3409 et
2497 3354 2817 3428 profundam
2870 3356 3108 3409 immensi
3156 3358 3315 3411 maris
3363 3358 3503 3411 viam
3544 3358 3853 3424 ostendisse,
3893 3371 3964 3427 et,

2403 3435 2554 3488 astris
2579 3434 2883 3507 dispertitis,
2930 3435 3243 3507 quibusdam
3269 3436 3431 3490 veluti
3479 3438 3660 3507 signis,
3697 3438 3956 3494 stabiliter

2405 3513 2584 3567 omnia
2609 3513 2855 3568 humane
2899 3515 3016 3569 vita:
3058 3514 3352 3586 designasse
3367 3556 3384 3583 ,
3433 3517 3756 3590 singulisque
3800 3518 3960 3575 stellis

2405 3602 2606 3665 partem
2629 3602 2779 3647 terrae
2799 3611 2862 3647 ac
2877 3594 3033 3649 maris
3059 3593 3217 3649 veluti
3240 3597 3296 3650 in
3319 3606 3514 3650 sortem
3539 3597 3803 3663 tribuisse,
3823 3598 3970 3656 unde

2405 3668 2561 3723 etiam
2584 3686 2684 3741 pro
2705 3668 2881 3734 stellis,
2908 3687 3024 3741 quae
3051 3680 3246 3725 ten-am
3275 3672 3412 3726 inter
3447 3690 3560 3726 sese
3595 3674 3792 3727 sortitae
3815 3686 3958 3743 sunt,

2405 3743 3753 3892 {zifflffi‡,32‚³3t,ffd²ssssm3:i”ffizffffi
3778 3747 3960 3879 &2⁵:52

2405 3910 2510 3963 que
2534 3890 2831 3963 argillacea,
2885 3892 2984 3947 alia
3009 3893 3228 3963 nigrior,
3257 3895 3358 3949 alia
3383 3896 3522 3952 inter
3547 3906 3828 3969 utramque
3853 3916 3967 3954 me·

2405 3966 2511 4033 dia,
2540 3968 2640 4021 alia
2660 3966 2942 4033 rubricata,
2965 3967 3063 4021 alia
3091 3967 3322 4040 denique
3355 3968 3572 4024 alterius
3593 3973 3817 4043 generis.
3877 3974 3967 4029 Sic

2598 4041 3726 4176 sermm&
3744 4046 3960 4176 225st

2405 4194 2473 4245 Et
2492 4201 2571 4246 est
2593 4191 2696 4245 hoc
2721 4200 2966 4263 quartum
3003 4202 3097 4244 aut
3131 4192 3378 4261 quintum
3405 4194 3648 4266 Dionysii
3677 4194 3958 4250 dicterium

2405 4272 2800 4325 sententiosum.
2817 4270 2957 4323 Vide
2983 4287 3129 4334 vero,
3150 4281 3211 4324 ut
3227 4288 3394 4344 quum
3408 4272 3538 4327 deos
3560 4273 3721 4337 dicat,
3751 4284 3963 4349 postea·

2405 4362 2565 4419 quam
2591 4356 2732 4401 astra
2765 4344 3172 4417 dispertiverint,
3202 4348 3383 4402 omnia
3419 4366 3540 4420 quae
3583 4348 3651 4403 ad
3676 4349 3956 4405 bominum

2408 4424 2568 4477 vitam
2594 4424 2908 4495 pertineant,
2936 4421 3192 4477 stabiliter
3225 4422 3572 4497 disposuisse,
3593 4426 3746 4481 astris
3763 4427 3965 4499 Diony·

2405 4502 2515 4555 sius
2539 4517 2719 4555 rerum
2737 4496 3124 4553 mundanarum
3148 4516 3361 4555 causam
3391 4500 3652 4556 attribuit.
3687 4504 3857 4556 Porro
3871 4520 3969 4556 au-

2409 4586 2518 4631 tem
2530 4574 2886 4649 τορνώσασθαι,
2905 4587 3129 4639 romare,
3150 4591 3268 4628 sum
3307 4585 3422 4629 tum
3440 4586 3520 4630 est
3536 4594 3599 4630 ex
3615 4578 3849 4631 Homero
3861 4577 3959 4647 (11,

2405 4670 2458 4721 φ,
2480 4651 2617 4720 254)
2637 4662 2686 4704 et
2705 4648 2957 4720 significat
2973 4650 3274 4702 circumseri
3301 4654 3304 4659 '
3406 4689 3420 4702 .
3518 4652 3686 4704 Porro
3709 4650 3963 4722 ἂργινόεσ·

2410 4865 2592 4929 codd..
2618 4884 2731 4918 exc.
2767 4864 2906 4934 Caly.
2933 4866 2955 4933 ss
2982 4893 3053 4905 —
3073 4864 3158 4917 30.
3184 4864 3350 4933 πρώτη
3371 4881 3424 4916 τε
3445 4864 3747 4933 σεμνοτάτην
3779 4862 3834 4916 d.
3867 4868 3970 4933 ss·-

2412 4944 2500 4999 33.
2527 4942 2856 5014 τεκμήρασθαι
2877 4947 2930 4997 C.
2941 4941 3451 5011 ΙΙ-34,διακρίνοντα
3480 4940 3834 5011 0.ΙΙ-35.κα“ι
3853 4958 3964 4997 om.

2402 5040 2459 5094 2·-
2489 5023 2676 5093 11-36.
2697 5020 2924 5092 ἀλλαχοῦ
2963 5021 3174 5091 φησι-γῆ
3205 5016 3384 5087 ἑκάστη
3430 5019 3569 5090 φύσιν
3595 5018 3747 5090 ἔλαχε
3781 5016 3962 5079 codd..

2408 5120 2522 5157 exc.
2558 5106 2642 5173 ίζγ.
2683 5103 2796 5172 Β-
2819 5101 2906 5169 37.
2939 5098 3242 5171 ἀργυρόεσσα
3258 5098 3316 5156 d.
3350 5100 3372 5169 ΙΙ
3391 5128 3466 5141 —
3487 5102 3577 5163 42.
3605 5099 3833 5169 τέταρτον
3856 5096 3888 5164 ἦ
3908 5118 3964 5153 π.

2408 5200 2516 5236 om.
2543 5182 2597 5236 d.
2634 5183 2656 5250 ΙΙ
2689 5211 2761 5223 -
2795 5181 2884 5245 43.
2917 5178 3048 5251 Ὅρα
3075 5180 3152 5232 ὅτι
3177 5178 3364 5251 ἔμπεδα
3398 5177 3458 5235 d.
3494 5180 3517 5249 ΙΙ
3558 5208 3630 5221 --
3653 5182 3744 5243 44.
3775 5178 3962 5248 διακρί-

2407 5282 2572 5327 νοντες
2598 5262 2654 5318 d.
2687 5264 2710 5335 ΙΙ
2731 5292 2801 5305 -
2819 5262 2908 5327 45.
2935 5258 3196 5334 Ξγκωμίων
3225 5264 3278 5324 C,
3314 5256 3604 5332 Ξγκωσμίων
3623 5260 3686 5315 K
3689 5297 3704 5314 .
3731 5258 3849 5329 11-
3869 5260 3962 5321 46.

2407 5343 2736 5418 ἀργυρόεσσαν
2767 5347 2834 5407 C,
2867 5342 3039 5414 γράφει
3065 5344 3120 5397 C.
