<?xml version="1.0" encoding="UTF-8"?>
<!DOCTYPE html PUBLIC "-//W3C//DTD XHTML 1.0 Transitional//EN"
    "http://www.w3.org/TR/xhtml1/DTD/xhtml1-transitional.dtd">
<html xmlns="http://www.w3.org/1999/xhtml" xml:lang="en" lang="en">
 <head>
  <title>
</title>
<meta http-equiv="Content-Type" content="text/html;charset=utf-8" />
  <meta name='ocr-system' content='tesseract 3.04.00' />
  <meta name='ocr-capabilities' content='ocr_page ocr_carea ocr_par ocr_line ocrx_word'/>
</head>
<body>
  <div class='ocr_page' id='page_1' title='image "./geographigraeci05mlgoog_0100.png"; bbox 0 0 4584 6284; ppageno 0'>
   <div class='ocr_carea' id='block_1_1' title="bbox 617 564 2600 637">
    <p class='ocr_par' dir='ltr' id='par_1_1' title="bbox 617 564 2600 637">
     <span class='ocr_line' id='line_1_1' title="bbox 617 564 2600 637; baseline -0.007 0"><span class='ocrx_word' id='word_1_1' title='bbox 617 584 693 637; x_wconf 72' lang='grc'>26</span> <span class='ocrx_word' id='word_1_2' title='bbox 1848 565 2200 629; x_wconf 85' lang='lat' dir='ltr'>DIONYSlI</span> <span class='ocrx_word' id='word_1_3' title='bbox 2240 564 2600 627; x_wconf 71' lang='lat' dir='ltr'>BYZANTH</span> 
     </span>
    </p>
   </div>
   <div class='ocr_carea' id='block_1_2' title="bbox 600 696 2165 1459">
    <p class='ocr_par' dir='ltr' id='par_1_2' title="bbox 600 696 2165 1459">
     <span class='ocr_line' id='line_1_2' title="bbox 606 696 2161 777; baseline -0.005 -20"><span class='ocrx_word' id='word_1_4' title='bbox 606 701 920 777; x_wconf 74' lang='lat' dir='ltr'><em>temporibus</em></span> <span class='ocrx_word' id='word_1_5' title='bbox 953 699 1186 774; x_wconf 81' lang='lat' dir='ltr'>piscium</span> <span class='ocrx_word' id='word_1_6' title='bbox 1222 708 1435 772; x_wconf 74' lang='lat' dir='ltr'>captum</span> <span class='ocrx_word' id='word_1_7' title='bbox 1468 696 1750 765; x_wconf 70' lang='lat' dir='ltr'>largienti&#39;a</span> <span class='ocrx_word' id='word_1_8' title='bbox 1772 713 1809 748; x_wconf 79' lang='lat' dir='ltr'><em>a</em></span> <span class='ocrx_word' id='word_1_9' title='bbox 1839 696 2161 752; x_wconf 73' lang='lat' dir='ltr'>summissio-</span> 
     </span>
     <span class='ocr_line' id='line_1_3' title="bbox 600 778 2162 862; baseline -0.006 -19"><span class='ocrx_word' id='word_1_10' title='bbox 600 788 759 843; x_wconf 75' lang='lat' dir='ltr'>nibus</span> <span class='ocrx_word' id='word_1_11' title='bbox 774 782 1245 862; x_wconf 64' lang='lat' dir='ltr'><em>promontoriorum</em></span> <span class='ocrx_word' id='word_1_12' title='bbox 1269 795 1321 837; x_wconf 88' lang='lat' dir='ltr'>et</span> <span class='ocrx_word' id='word_1_13' title='bbox 1345 780 1640 839; x_wconf 68' lang='lat' dir='ltr'>remissione</span> <span class='ocrx_word' id='word_1_14' title='bbox 1664 778 1835 835; x_wconf 81' lang='lat' dir='ltr'>maris</span> <span class='ocrx_word' id='word_1_15' title='bbox 1852 781 1907 835; x_wconf 92' lang='lat' dir='ltr'>in</span> <span class='ocrx_word' id='word_1_16' title='bbox 1922 780 2031 834; x_wconf 69' lang='lat' dir='ltr'>leoec</span> <span class='ocrx_word' id='word_1_17' title='bbox 2048 778 2162 833; x_wconf 78' lang='lat' dir='ltr'>loca</span> 
     </span>
     <span class='ocr_line' id='line_1_4' title="bbox 604 864 2160 944; baseline -0.007 -15"><span class='ocrx_word' id='word_1_18' title='bbox 604 873 795 943; x_wconf 74' lang='lat' dir='ltr'>reficsi,</span> <span class='ocrx_word' id='word_1_19' title='bbox 823 873 931 927; x_wconf 80' lang='lat' dir='ltr'>alte</span> <span class='ocrx_word' id='word_1_20' title='bbox 954 869 1190 935; x_wconf 78' lang='lat' dir='ltr'>sinuosi,</span> <span class='ocrx_word' id='word_1_21' title='bbox 1208 868 1419 944; x_wconf 80' lang='lat' dir='ltr'>placati</span> <span class='ocrx_word' id='word_1_22' title='bbox 1441 879 1491 922; x_wconf 88' lang='lat' dir='ltr'>et</span> <span class='ocrx_word' id='word_1_23' title='bbox 1524 866 1819 941; x_wconf 75' lang='lat' dir='ltr'>tranquilli.</span> <span class='ocrx_word' id='word_1_24' title='bbox 1850 868 2053 920; x_wconf 79' lang='lat' dir='ltr'>Horum</span> <span class='ocrx_word' id='word_1_25' title='bbox 2087 864 2160 919; x_wconf 85' lang='lat' dir='ltr'>Io·</span> 
     </span>
     <span class='ocr_line' id='line_1_5' title="bbox 604 953 2165 1033; baseline -0.007 -16"><span class='ocrx_word' id='word_1_26' title='bbox 604 981 780 1017; x_wconf 77' lang='lat' dir='ltr'>eorum</span> <span class='ocrx_word' id='word_1_27' title='bbox 814 978 949 1015; x_wconf 81' lang='lat' dir='ltr'>nnus</span> <span class='ocrx_word' id='word_1_28' title='bbox 986 958 1287 1033; x_wconf 79' lang='lat' dir='ltr'>appellatur</span> <span class='ocrx_word' id='word_1_29' title='bbox 1321 955 1601 1026; x_wconf 73' lang='lat' dir='ltr'>Ingenidas</span> <span class='ocrx_word' id='word_1_30' title='bbox 1616 996 1633 1021; x_wconf 87' lang='lat'>,</span> <span class='ocrx_word' id='word_1_31' title='bbox 1675 955 1812 1010; x_wconf 77' lang='lat' dir='ltr'>alter</span> <span class='ocrx_word' id='word_1_32' title='bbox 1843 953 2047 1009; x_wconf 81' lang='lat' dir='ltr'>dicitur</span> <span class='ocrx_word' id='word_1_33' title='bbox 2069 956 2165 1007; x_wconf 74' lang='lat'>1³1-</span> 
     </span>
     <span class='ocr_line' id='line_1_6' title="bbox 607 1041 2163 1113; baseline -0.006 -10"><span class='ocrx_word' id='word_1_34' title='bbox 607 1049 812 1113; x_wconf 81' lang='lat' dir='ltr'>roeicus,</span> <span class='ocrx_word' id='word_1_35' title='bbox 844 1057 904 1101; x_wconf 81' lang='lat' dir='ltr'>ut</span> <span class='ocrx_word' id='word_1_36' title='bbox 926 1046 1209 1100; x_wconf 79' lang='lat' dir='ltr'>multorum</span> <span class='ocrx_word' id='word_1_37' title='bbox 1232 1043 1491 1100; x_wconf 64' lang='lat' dir='ltr'>nomiman</span> <span class='ocrx_word' id='word_1_38' title='bbox 1515 1041 1669 1097; x_wconf 74' lang='lat' dir='ltr'>habet</span> <span class='ocrx_word' id='word_1_39' title='bbox 1692 1059 1876 1107; x_wconf 78' lang='lat' dir='ltr'>sermo,</span> <span class='ocrx_word' id='word_1_40' title='bbox 1902 1059 1939 1095; x_wconf 81' lang='lat' dir='ltr'><strong><em>a</em></strong></span> <span class='ocrx_word' id='word_1_41' title='bbox 1965 1044 2163 1095; x_wconf 76' lang='lat' dir='ltr'>Pit-ceco</span> 
     </span>
     <span class='ocr_line' id='line_1_7' title="bbox 613 1126 2164 1207; baseline -0.008 -16"><span class='ocrx_word' id='word_1_42' title='bbox 613 1138 824 1199; x_wconf 73' lang='lat' dir='ltr'>Attico,</span> <span class='ocrx_word' id='word_1_43' title='bbox 862 1144 923 1187; x_wconf 80' lang='lat' dir='ltr'>ut</span> <span class='ocrx_word' id='word_1_44' title='bbox 948 1130 1164 1207; x_wconf 69' lang='lat' dir='ltr'>quidam</span> <span class='ocrx_word' id='word_1_45' title='bbox 1188 1128 1399 1195; x_wconf 80' lang='lat' dir='ltr'>dicunt,</span> <span class='ocrx_word' id='word_1_46' title='bbox 1436 1150 1471 1183; x_wconf 81' lang='lat' dir='ltr'>ct</span> <span class='ocrx_word' id='word_1_47' title='bbox 1508 1127 1734 1203; x_wconf 80' lang='lat' dir='ltr'>quodam</span> <span class='ocrx_word' id='word_1_48' title='bbox 1774 1126 1993 1201; x_wconf 79' lang='lat' dir='ltr'>antiqno</span> <span class='ocrx_word' id='word_1_49' title='bbox 2018 1126 2164 1181; x_wconf 73' lang='lat' dir='ltr'>Iteme</span> 
     </span>
     <span class='ocr_line' id='line_1_8' title="bbox 607 1213 2161 1292; baseline -0.006 -15"><span class='ocrx_word' id='word_1_50' title='bbox 607 1221 874 1292; x_wconf 73' lang='lat' dir='ltr'><strong><em>indigena.</em></strong></span> <span class='ocrx_word' id='word_1_51' title='bbox 918 1224 1067 1276; x_wconf 77' lang='lat' dir='ltr'>Inter</span> <span class='ocrx_word' id='word_1_52' title='bbox 1087 1218 1193 1273; x_wconf 75' lang='lat' dir='ltr'>leoee</span> <span class='ocrx_word' id='word_1_53' title='bbox 1217 1218 1320 1274; x_wconf 84' lang='lat' dir='ltr'>duo</span> <span class='ocrx_word' id='word_1_54' title='bbox 1342 1218 1453 1273; x_wconf 84' lang='lat' dir='ltr'>loca</span> <span class='ocrx_word' id='word_1_55' title='bbox 1484 1228 1561 1272; x_wconf 88' lang='lat' dir='ltr'>est</span> <span class='ocrx_word' id='word_1_56' title='bbox 1586 1216 1751 1272; x_wconf 88' lang='lat' dir='ltr'>Cittos</span> <span class='ocrx_word' id='word_1_57' title='bbox 1790 1215 1931 1269; x_wconf 83' lang='lat' dir='ltr'>Iocus</span> <span class='ocrx_word' id='word_1_58' title='bbox 1973 1214 2053 1269; x_wconf 84' lang='lat' dir='ltr'>ita</span> <span class='ocrx_word' id='word_1_59' title='bbox 2077 1213 2161 1269; x_wconf 85' lang='lat' dir='ltr'>di-</span> 
     </span>
     <span class='ocr_line' id='line_1_9' title="bbox 608 1303 2162 1379; baseline -0.006 -13"><span class='ocrx_word' id='word_1_60' title='bbox 608 1322 726 1366; x_wconf 80' lang='lat' dir='ltr'>ctus</span> <span class='ocrx_word' id='word_1_61' title='bbox 752 1329 788 1365; x_wconf 85' lang='lat' dir='ltr'><strong><em>a</em></strong></span> <span class='ocrx_word' id='word_1_62' title='bbox 812 1308 1148 1365; x_wconf 78' lang='lat' dir='ltr'>nudtitndine</span> <span class='ocrx_word' id='word_1_63' title='bbox 1168 1306 1359 1361; x_wconf 71' lang='lat' dir='ltr'>laedet-ce</span> <span class='ocrx_word' id='word_1_64' title='bbox 1389 1306 1465 1361; x_wconf 81' lang='lat' dir='ltr'>ibi</span> <span class='ocrx_word' id='word_1_65' title='bbox 1474 1304 1644 1376; x_wconf 83' lang='lat' dir='ltr'>sacile</span> <span class='ocrx_word' id='word_1_66' title='bbox 1662 1304 2039 1379; x_wconf 73' lang='lat' dir='ltr'>provenientis.</span> <span class='ocrx_word' id='word_1_67' title='bbox 2068 1303 2162 1357; x_wconf 83' lang='lat' dir='ltr'>Pi-</span> 
     </span>
     <span class='ocr_line' id='line_1_10' title="bbox 613 1389 2165 1459; baseline -0.007 -4"><span class='ocrx_word' id='word_1_68' title='bbox 613 1398 767 1455; x_wconf 78' lang='lat' dir='ltr'>roeico</span> <span class='ocrx_word' id='word_1_69' title='bbox 805 1396 1037 1454; x_wconf 77' lang='lat' dir='ltr'>succedit</span> <span class='ocrx_word' id='word_1_70' title='bbox 1074 1396 1315 1451; x_wconf 64' lang='lat' dir='ltr'>continuio</span> <span class='ocrx_word' id='word_1_71' title='bbox 1374 1400 1606 1459; x_wconf 58' lang='lat' dir='ltr'>comam,</span> <span class='ocrx_word' id='word_1_72' title='bbox 1650 1392 1851 1448; x_wconf 80' lang='lat' dir='ltr'>acclive</span> <span class='ocrx_word' id='word_1_73' title='bbox 1900 1402 1953 1447; x_wconf 86' lang='lat' dir='ltr'>et</span> <span class='ocrx_word' id='word_1_74' title='bbox 1991 1389 2165 1445; x_wconf 85' lang='lat' dir='ltr'>ventis</span> 
     </span>
    </p>
   </div>
   <div class='ocr_carea' id='block_1_3' title="bbox 612 1477 2195 1558">
    <p class='ocr_par' dir='ltr' id='par_1_3' title="bbox 612 1477 2195 1558">
     <span class='ocr_line' id='line_1_11' title="bbox 612 1477 2195 1558; baseline -0.006 -18"><span class='ocrx_word' id='word_1_75' title='bbox 612 1484 907 1558; x_wconf 69' lang='lat' dir='ltr'>expositum</span> <span class='ocrx_word' id='word_1_76' title='bbox 942 1483 1097 1539; x_wconf 78' lang='lat' dir='ltr'>littus</span> <span class='ocrx_word' id='word_1_77' title='bbox 1111 1524 1127 1547; x_wconf 88' lang='lat'>,</span> <span class='ocrx_word' id='word_1_78' title='bbox 1164 1480 1304 1556; x_wconf 82' lang='lat' dir='ltr'>qnod</span> <span class='ocrx_word' id='word_1_79' title='bbox 1336 1481 1553 1535; x_wconf 83' lang='lat' dir='ltr'>multam</span> <span class='ocrx_word' id='word_1_80' title='bbox 1595 1480 1762 1536; x_wconf 84' lang='lat' dir='ltr'>maris</span> <span class='ocrx_word' id='word_1_81' title='bbox 1804 1477 2195 1549; x_wconf 77' lang='lat' dir='ltr'>refractionem·</span> 
     </span>
    </p>
   </div>
   <div class='ocr_carea' id='block_1_4' title="bbox 608 1572 2167 3715">
    <p class='ocr_par' dir='ltr' id='par_1_4' title="bbox 618 1572 839 1629">
     <span class='ocr_line' id='line_1_12' title="bbox 618 1572 839 1629; baseline 0.005 -2"><span class='ocrx_word' id='word_1_82' title='bbox 618 1575 744 1628; x_wconf 76' lang='lat' dir='ltr'>cxci</span> <span class='ocrx_word' id='word_1_83' title='bbox 774 1572 839 1629; x_wconf 86' lang='lat' dir='ltr'>it.</span> 
     </span>
    </p>

    <p class='ocr_par' dir='ltr' id='par_1_5' title="bbox 608 1592 2167 3715">
     <span class='ocr_line' id='line_1_13' title="bbox 682 1592 2162 1729; baseline -0.005 -16"><span class='ocrx_word' id='word_1_84' title='bbox 682 1592 773 1713; x_wconf 56' lang='grc' dir='ltr'>ΕΞ</span> <span class='ocrx_word' id='word_1_85' title='bbox 796 1657 880 1712; x_wconf 84' lang='lat' dir='ltr'>bis</span> <span class='ocrx_word' id='word_1_86' title='bbox 897 1696 914 1724; x_wconf 92' lang='lat'>,</span> <span class='ocrx_word' id='word_1_87' title='bbox 942 1673 1060 1729; x_wconf 66' lang='lat' dir='ltr'>que</span> <span class='ocrx_word' id='word_1_88' title='bbox 1089 1653 1201 1727; x_wconf 79' lang='lat' dir='ltr'>jam</span> <span class='ocrx_word' id='word_1_89' title='bbox 1231 1652 1367 1708; x_wconf 84' lang='lat' dir='ltr'>dixit</span> <span class='ocrx_word' id='word_1_90' title='bbox 1396 1654 1678 1726; x_wconf 80' lang='lat' dir='ltr'>Dionysius</span> <span class='ocrx_word' id='word_1_91' title='bbox 1702 1663 1756 1707; x_wconf 85' lang='lat' dir='ltr'>et</span> <span class='ocrx_word' id='word_1_92' title='bbox 1788 1662 1968 1724; x_wconf 82' lang='lat' dir='ltr'>postea</span> <span class='ocrx_word' id='word_1_93' title='bbox 1992 1650 2162 1717; x_wconf 84' lang='lat' dir='ltr'>dicet,</span> 
     </span>
     <span class='ocr_line' id='line_1_14' title="bbox 612 1736 2166 1817; baseline -0.006 -17"><span class='ocrx_word' id='word_1_94' title='bbox 612 1743 918 1817; x_wconf 75' lang='lat' dir='ltr'>Ingenidam</span> <span class='ocrx_word' id='word_1_95' title='bbox 956 1754 1010 1799; x_wconf 88' lang='lat' dir='ltr'>et</span> <span class='ocrx_word' id='word_1_96' title='bbox 1038 1743 1313 1799; x_wconf 78' lang='lat' dir='ltr'>Piraeicum</span> <span class='ocrx_word' id='word_1_97' title='bbox 1335 1752 1389 1795; x_wconf 88' lang='lat' dir='ltr'>et</span> <span class='ocrx_word' id='word_1_98' title='bbox 1425 1741 1695 1795; x_wconf 80' lang='lat' dir='ltr'>Camaram</span> <span class='ocrx_word' id='word_1_99' title='bbox 1723 1736 1883 1792; x_wconf 79' lang='lat' dir='ltr'>fuisse</span> <span class='ocrx_word' id='word_1_100' title='bbox 1922 1737 2166 1792; x_wconf 81' lang='lat' dir='ltr'>existimo</span> 
     </span>
     <span class='ocr_line' id='line_1_15' title="bbox 614 1824 2163 1907; baseline -0.008 -18"><span class='ocrx_word' id='word_1_101' title='bbox 614 1835 803 1907; x_wconf 84' lang='lat' dir='ltr'>partim</span> <span class='ocrx_word' id='word_1_102' title='bbox 830 1834 885 1887; x_wconf 89' lang='lat' dir='ltr'>in</span> <span class='ocrx_word' id='word_1_103' title='bbox 910 1830 1176 1887; x_wconf 80' lang='lat' dir='ltr'>radicibus</span> <span class='ocrx_word' id='word_1_104' title='bbox 1200 1830 1334 1885; x_wconf 83' lang='lat' dir='ltr'>sexti</span> <span class='ocrx_word' id='word_1_105' title='bbox 1358 1827 1529 1895; x_wconf 90' lang='lat' dir='ltr'>collis,</span> <span class='ocrx_word' id='word_1_106' title='bbox 1564 1827 1755 1899; x_wconf 86' lang='lat' dir='ltr'>partim</span> <span class='ocrx_word' id='word_1_107' title='bbox 1782 1826 1837 1879; x_wconf 87' lang='lat' dir='ltr'>in</span> <span class='ocrx_word' id='word_1_108' title='bbox 1866 1825 1970 1879; x_wconf 85' lang='lat' dir='ltr'>ima</span> <span class='ocrx_word' id='word_1_109' title='bbox 1994 1824 2163 1896; x_wconf 83' lang='lat' dir='ltr'>plani-</span> 
     </span>
     <span class='ocr_line' id='line_1_16' title="bbox 614 1909 2163 1991; baseline -0.006 -17"><span class='ocrx_word' id='word_1_110' title='bbox 614 1920 687 1974; x_wconf 88' lang='lat' dir='ltr'>tie</span> <span class='ocrx_word' id='word_1_111' title='bbox 710 1918 852 1974; x_wconf 85' lang='lat' dir='ltr'>vallis</span> <span class='ocrx_word' id='word_1_112' title='bbox 875 1928 1093 1991; x_wconf 61' lang='lat' dir='ltr'>quartu,</span> <span class='ocrx_word' id='word_1_113' title='bbox 1118 1916 1301 1971; x_wconf 65' lang='lat' dir='ltr'>clausa</span> <span class='ocrx_word' id='word_1_114' title='bbox 1316 1915 1514 1987; x_wconf 64' lang='lat' dir='ltr'>quinto,</span> <span class='ocrx_word' id='word_1_115' title='bbox 1526 1924 1579 1967; x_wconf 88' lang='lat' dir='ltr'>et</span> <span class='ocrx_word' id='word_1_116' title='bbox 1597 1922 1745 1966; x_wconf 79' lang='lat' dir='ltr'>sexto</span> <span class='ocrx_word' id='word_1_117' title='bbox 1762 1910 1906 1965; x_wconf 78' lang='lat' dir='ltr'>urbis</span> <span class='ocrx_word' id='word_1_118' title='bbox 1927 1909 2163 1977; x_wconf 88' lang='lat' dir='ltr'>collibus,</span> 
     </span>
     <span class='ocr_line' id='line_1_17' title="bbox 618 1997 2163 2063; baseline -0.007 -3"><span class='ocrx_word' id='word_1_119' title='bbox 618 2007 793 2060; x_wconf 89' lang='lat' dir='ltr'>sinum</span> <span class='ocrx_word' id='word_1_120' title='bbox 829 2004 1172 2060; x_wconf 82' lang='lat' dir='ltr'>efficientibus</span> <span class='ocrx_word' id='word_1_121' title='bbox 1213 2004 1271 2057; x_wconf 90' lang='lat' dir='ltr'>in</span> <span class='ocrx_word' id='word_1_122' title='bbox 1321 1999 1547 2055; x_wconf 75' lang='lat' dir='ltr'>mediam</span> <span class='ocrx_word' id='word_1_123' title='bbox 1588 1997 1771 2053; x_wconf 79' lang='lat' dir='ltr'>vallm</span> <span class='ocrx_word' id='word_1_124' title='bbox 1814 1997 2163 2063; x_wconf 68' lang='lat' dir='ltr'>insinuatum,</span> 
     </span>
     <span class='ocr_line' id='line_1_18' title="bbox 618 2083 2163 2164; baseline -0.008 -17"><span class='ocrx_word' id='word_1_125' title='bbox 618 2088 713 2147; x_wconf 83' lang='lat' dir='ltr'>sed</span> <span class='ocrx_word' id='word_1_126' title='bbox 738 2090 1063 2164; x_wconf 71' lang='lat' dir='ltr'>temporibus</span> <span class='ocrx_word' id='word_1_127' title='bbox 1084 2089 1321 2161; x_wconf 82' lang='lat' dir='ltr'>Dionysii</span> <span class='ocrx_word' id='word_1_128' title='bbox 1352 2086 1505 2158; x_wconf 77' lang='lat' dir='ltr'>longe</span> <span class='ocrx_word' id='word_1_129' title='bbox 1528 2085 1753 2159; x_wconf 74' lang='lat' dir='ltr'>penitius</span> <span class='ocrx_word' id='word_1_130' title='bbox 1786 2083 2163 2148; x_wconf 67' lang='lat' dir='ltr'>insinuabatur,</span> 
     </span>
     <span class='ocr_line' id='line_1_19' title="bbox 621 2169 2167 2240; baseline -0.006 -8"><span class='ocrx_word' id='word_1_131' title='bbox 621 2195 765 2232; x_wconf 89' lang='lat' dir='ltr'>nunc</span> <span class='ocrx_word' id='word_1_132' title='bbox 804 2178 979 2232; x_wconf 85' lang='lat' dir='ltr'>minus</span> <span class='ocrx_word' id='word_1_133' title='bbox 1017 2176 1073 2230; x_wconf 87' lang='lat' dir='ltr'>in</span> <span class='ocrx_word' id='word_1_134' title='bbox 1113 2175 1295 2229; x_wconf 83' lang='lat' dir='ltr'>vallem</span> <span class='ocrx_word' id='word_1_135' title='bbox 1333 2170 1529 2227; x_wconf 89' lang='lat' dir='ltr'>recedit</span> <span class='ocrx_word' id='word_1_136' title='bbox 1565 2181 1641 2226; x_wconf 88' lang='lat' dir='ltr'>tot</span> <span class='ocrx_word' id='word_1_137' title='bbox 1678 2169 1861 2225; x_wconf 86' lang='lat' dir='ltr'>seculis</span> <span class='ocrx_word' id='word_1_138' title='bbox 1902 2179 2167 2240; x_wconf 71' lang='lat' dir='ltr'>aggeratos</span> 
     </span>
     <span class='ocr_line' id='line_1_20' title="bbox 622 2254 2165 2318; baseline -0.007 0"><span class='ocrx_word' id='word_1_139' title='bbox 622 2262 1096 2318; x_wconf 72' lang='lat' dir='ltr'>substructionibus</span> <span class='ocrx_word' id='word_1_140' title='bbox 1132 2260 1295 2315; x_wconf 85' lang='lat' dir='ltr'>urbis.</span> <span class='ocrx_word' id='word_1_141' title='bbox 1324 2262 1372 2313; x_wconf 75' lang='lat' dir='ltr'>A</span> <span class='ocrx_word' id='word_1_142' title='bbox 1398 2257 1659 2313; x_wconf 83' lang='lat' dir='ltr'>radicibus</span> <span class='ocrx_word' id='word_1_143' title='bbox 1682 2256 1813 2311; x_wconf 80' lang='lat' dir='ltr'>sexti</span> <span class='ocrx_word' id='word_1_144' title='bbox 1850 2254 1995 2309; x_wconf 87' lang='lat' dir='ltr'>collis</span> <span class='ocrx_word' id='word_1_145' title='bbox 2020 2256 2165 2310; x_wconf 87' lang='lat' dir='ltr'>sinus</span> 
     </span>
     <span class='ocr_line' id='line_1_21' title="bbox 623 2340 2164 2421; baseline -0.006 -18"><span class='ocrx_word' id='word_1_146' title='bbox 623 2349 806 2421; x_wconf 83' lang='lat' dir='ltr'>incipit</span> <span class='ocrx_word' id='word_1_147' title='bbox 830 2365 941 2403; x_wconf 88' lang='lat' dir='ltr'>esse</span> <span class='ocrx_word' id='word_1_148' title='bbox 962 2344 1183 2401; x_wconf 83' lang='lat' dir='ltr'>vadosus</span> <span class='ocrx_word' id='word_1_149' title='bbox 1207 2363 1273 2399; x_wconf 80' lang='lat' dir='ltr'>ex</span> <span class='ocrx_word' id='word_1_150' title='bbox 1296 2354 1445 2417; x_wconf 81' lang='lat' dir='ltr'>parte</span> <span class='ocrx_word' id='word_1_151' title='bbox 1468 2342 1612 2397; x_wconf 85' lang='lat' dir='ltr'>urbis</span> <span class='ocrx_word' id='word_1_152' title='bbox 1626 2381 1644 2408; x_wconf 96' lang='lat'>,</span> <span class='ocrx_word' id='word_1_153' title='bbox 1672 2340 1743 2397; x_wconf 88' lang='lat' dir='ltr'>ob</span> <span class='ocrx_word' id='word_1_154' title='bbox 1776 2340 1953 2395; x_wconf 82' lang='lat' dir='ltr'>brevia</span> <span class='ocrx_word' id='word_1_155' title='bbox 1976 2349 2030 2394; x_wconf 88' lang='lat' dir='ltr'>et</span> <span class='ocrx_word' id='word_1_156' title='bbox 2052 2358 2164 2413; x_wconf 86' lang='lat' dir='ltr'>syr-</span> 
     </span>
     <span class='ocr_line' id='line_1_22' title="bbox 621 2426 2161 2507; baseline -0.006 -16"><span class='ocrx_word' id='word_1_157' title='bbox 621 2447 725 2503; x_wconf 83' lang='lat' dir='ltr'>tes,</span> <span class='ocrx_word' id='word_1_158' title='bbox 755 2453 821 2489; x_wconf 79' lang='lat' dir='ltr'>ex</span> <span class='ocrx_word' id='word_1_159' title='bbox 857 2433 1016 2490; x_wconf 86' lang='lat' dir='ltr'>altera</span> <span class='ocrx_word' id='word_1_160' title='bbox 1050 2443 1196 2507; x_wconf 84' lang='lat' dir='ltr'>parte</span> <span class='ocrx_word' id='word_1_161' title='bbox 1221 2430 1539 2507; x_wconf 67' lang='lat' dir='ltr'>profundusg</span> <span class='ocrx_word' id='word_1_162' title='bbox 1579 2426 1772 2485; x_wconf 90' lang='lat' dir='ltr'>deinde</span> <span class='ocrx_word' id='word_1_163' title='bbox 1809 2428 2053 2499; x_wconf 86' lang='lat' dir='ltr'>utrinque</span> <span class='ocrx_word' id='word_1_164' title='bbox 2079 2446 2161 2482; x_wconf 74' lang='lat' dir='ltr'>ve·</span> 
     </span>
     <span class='ocr_line' id='line_1_23' title="bbox 622 2516 2164 2595; baseline -0.005 -18"><span class='ocrx_word' id='word_1_165' title='bbox 622 2520 813 2577; x_wconf 87' lang='lat' dir='ltr'>dorum</span> <span class='ocrx_word' id='word_1_166' title='bbox 836 2520 1125 2595; x_wconf 75' lang='lat' dir='ltr'>frequentia</span> <span class='ocrx_word' id='word_1_167' title='bbox 1152 2520 1408 2591; x_wconf 72' lang='lat' dir='ltr'>navigatio</span> <span class='ocrx_word' id='word_1_168' title='bbox 1431 2518 1556 2591; x_wconf 75' lang='lat' dir='ltr'>pelis</span> <span class='ocrx_word' id='word_1_169' title='bbox 1588 2516 1772 2571; x_wconf 82' lang='lat' dir='ltr'>defixis</span> <span class='ocrx_word' id='word_1_170' title='bbox 1804 2516 2020 2586; x_wconf 73' lang='lat' dir='ltr'>tegitur,</span> <span class='ocrx_word' id='word_1_171' title='bbox 2049 2524 2111 2569; x_wconf 91' lang='lat' dir='ltr'>ut</span> <span class='ocrx_word' id='word_1_172' title='bbox 2131 2533 2164 2569; x_wconf 88' lang='lat' dir='ltr'>a</span> 
     </span>
     <span class='ocr_line' id='line_1_24' title="bbox 621 2600 2163 2683; baseline -0.006 -18"><span class='ocrx_word' id='word_1_173' title='bbox 621 2610 793 2677; x_wconf 84' lang='lat' dir='ltr'>flexu,</span> <span class='ocrx_word' id='word_1_174' title='bbox 832 2627 941 2683; x_wconf 88' lang='lat' dir='ltr'>quo</span> <span class='ocrx_word' id='word_1_175' title='bbox 976 2609 1278 2663; x_wconf 68' lang='lat' dir='ltr'>incurvatur</span> <span class='ocrx_word' id='word_1_176' title='bbox 1312 2604 1381 2661; x_wconf 89' lang='lat' dir='ltr'>ad</span> <span class='ocrx_word' id='word_1_177' title='bbox 1422 2604 1822 2679; x_wconf 73' lang='lat' dir='ltr'>septentrionem</span> <span class='ocrx_word' id='word_1_178' title='bbox 1838 2642 1855 2669; x_wconf 88' lang='lat'>‚</span> <span class='ocrx_word' id='word_1_179' title='bbox 1892 2620 2059 2675; x_wconf 85' lang='lat' dir='ltr'>usquc</span> <span class='ocrx_word' id='word_1_180' title='bbox 2094 2600 2163 2657; x_wconf 87' lang='lat' dir='ltr'>ad</span> 
     </span>
     <span class='ocr_line' id='line_1_25' title="bbox 620 2690 2162 2768; baseline -0.007 -15"><span class='ocrx_word' id='word_1_181' title='bbox 620 2699 751 2753; x_wconf 80' lang='lat' dir='ltr'>ostia</span> <span class='ocrx_word' id='word_1_182' title='bbox 785 2697 1063 2752; x_wconf 81' lang='lat' dir='ltr'>fluminum</span> <span class='ocrx_word' id='word_1_183' title='bbox 1106 2696 1174 2751; x_wconf 87' lang='lat' dir='ltr'>sit</span> <span class='ocrx_word' id='word_1_184' title='bbox 1213 2693 1453 2768; x_wconf 67' lang='lat' dir='ltr'>palustris</span> <span class='ocrx_word' id='word_1_185' title='bbox 1483 2702 1537 2747; x_wconf 88' lang='lat' dir='ltr'>et</span> <span class='ocrx_word' id='word_1_186' title='bbox 1559 2690 1875 2757; x_wconf 85' lang='lat' dir='ltr'>lutulentus,</span> <span class='ocrx_word' id='word_1_187' title='bbox 1912 2698 1976 2743; x_wconf 92' lang='lat' dir='ltr'>ut</span> <span class='ocrx_word' id='word_1_188' title='bbox 2006 2698 2162 2743; x_wconf 86' lang='lat' dir='ltr'>vento</span> 
     </span>
     <span class='ocr_line' id='line_1_26' title="bbox 615 2776 2161 2857; baseline -0.008 -15"><span class='ocrx_word' id='word_1_189' title='bbox 615 2787 835 2857; x_wconf 77' lang='lat' dir='ltr'>agitatus</span> <span class='ocrx_word' id='word_1_190' title='bbox 854 2784 1097 2840; x_wconf 86' lang='lat' dir='ltr'>turbidus</span> <span class='ocrx_word' id='word_1_191' title='bbox 1116 2784 1261 2849; x_wconf 84' lang='lat' dir='ltr'>fluat,</span> <span class='ocrx_word' id='word_1_192' title='bbox 1288 2778 1745 2853; x_wconf 78' lang='lat' dir='ltr'>fi-equentibusque</span> <span class='ocrx_word' id='word_1_193' title='bbox 1770 2776 1952 2832; x_wconf 89' lang='lat' dir='ltr'>insulis</span> <span class='ocrx_word' id='word_1_194' title='bbox 1979 2776 2046 2831; x_wconf 90' lang='lat' dir='ltr'>sit</span> <span class='ocrx_word' id='word_1_195' title='bbox 2070 2793 2161 2849; x_wconf 73' lang='lat' dir='ltr'>ag-</span> 
     </span>
     <span class='ocr_line' id='line_1_27' title="bbox 615 2863 2161 2946; baseline -0.008 -16"><span class='ocrx_word' id='word_1_196' title='bbox 615 2885 847 2946; x_wconf 70' lang='lat' dir='ltr'>get-atus,</span> <span class='ocrx_word' id='word_1_197' title='bbox 878 2890 1009 2945; x_wconf 73' lang='lat' dir='ltr'>quas</span> <span class='ocrx_word' id='word_1_198' title='bbox 1031 2870 1189 2926; x_wconf 86' lang='lat' dir='ltr'>habet</span> <span class='ocrx_word' id='word_1_199' title='bbox 1224 2868 1445 2942; x_wconf 87' lang='lat' dir='ltr'>amplius</span> <span class='ocrx_word' id='word_1_200' title='bbox 1485 2864 1827 2939; x_wconf 74' lang='lat' dir='ltr'>quadraginta</span> <span class='ocrx_word' id='word_1_201' title='bbox 1863 2863 2005 2920; x_wconf 86' lang='lat' dir='ltr'>silvis</span> <span class='ocrx_word' id='word_1_202' title='bbox 2037 2882 2161 2920; x_wconf 89' lang='lat' dir='ltr'>can·</span> 
     </span>
     <span class='ocr_line' id='line_1_28' title="bbox 612 2951 2163 3025; baseline -0.006 -9"><span class='ocrx_word' id='word_1_203' title='bbox 612 2978 801 3015; x_wconf 85' lang='lat' dir='ltr'>narum</span> <span class='ocrx_word' id='word_1_204' title='bbox 838 2968 1025 3024; x_wconf 84' lang='lat' dir='ltr'>tectas,</span> <span class='ocrx_word' id='word_1_205' title='bbox 1064 2956 1326 3023; x_wconf 79' lang='lat' dir='ltr'>infirmas,</span> <span class='ocrx_word' id='word_1_206' title='bbox 1364 2964 1425 3010; x_wconf 89' lang='lat' dir='ltr'>ut</span> <span class='ocrx_word' id='word_1_207' title='bbox 1458 2954 1553 3008; x_wconf 90' lang='lat' dir='ltr'>etsi</span> <span class='ocrx_word' id='word_1_208' title='bbox 1592 2954 1649 3007; x_wconf 86' lang='lat' dir='ltr'>in</span> <span class='ocrx_word' id='word_1_209' title='bbox 1684 2951 1975 3023; x_wconf 84' lang='lat' dir='ltr'>aliquarum</span> <span class='ocrx_word' id='word_1_210' title='bbox 2013 2962 2163 3025; x_wconf 90' lang='lat' dir='ltr'>parte</span> 
     </span>
     <span class='ocr_line' id='line_1_29' title="bbox 609 3037 2162 3118; baseline -0.006 -17"><span class='ocrx_word' id='word_1_211' title='bbox 609 3046 756 3101; x_wconf 89' lang='lat' dir='ltr'>siccis</span> <span class='ocrx_word' id='word_1_212' title='bbox 784 3042 1006 3118; x_wconf 86' lang='lat' dir='ltr'>pedibus</span> <span class='ocrx_word' id='word_1_213' title='bbox 1039 3044 1275 3097; x_wconf 75' lang='lat' dir='ltr'>insistere</span> <span class='ocrx_word' id='word_1_214' title='bbox 1301 3058 1484 3114; x_wconf 83' lang='lat' dir='ltr'>queas,</span> <span class='ocrx_word' id='word_1_215' title='bbox 1517 3050 1693 3094; x_wconf 83' lang='lat' dir='ltr'>tamen</span> <span class='ocrx_word' id='word_1_216' title='bbox 1718 3037 1774 3092; x_wconf 91' lang='lat' dir='ltr'>in</span> <span class='ocrx_word' id='word_1_217' title='bbox 1813 3037 1914 3092; x_wconf 82' lang='lat' dir='ltr'>alia</span> <span class='ocrx_word' id='word_1_218' title='bbox 1951 3056 2162 3093; x_wconf 86' lang='lat' dir='ltr'>coenosa</span> 
     </span>
     <span class='ocr_line' id='line_1_30' title="bbox 608 3120 2162 3203; baseline -0.008 -17"><span class='ocrx_word' id='word_1_219' title='bbox 608 3148 853 3203; x_wconf 86' lang='lat' dir='ltr'>nequeas.</span> <span class='ocrx_word' id='word_1_220' title='bbox 894 3128 1071 3184; x_wconf 85' lang='lat' dir='ltr'>Prima</span> <span class='ocrx_word' id='word_1_221' title='bbox 1108 3124 1331 3181; x_wconf 84' lang='lat' dir='ltr'>insulula</span> <span class='ocrx_word' id='word_1_222' title='bbox 1366 3125 1617 3197; x_wconf 86' lang='lat' dir='ltr'>incipiens</span> <span class='ocrx_word' id='word_1_223' title='bbox 1656 3140 1689 3177; x_wconf 87' lang='lat' dir='ltr'>a</span> <span class='ocrx_word' id='word_1_224' title='bbox 1715 3120 1980 3177; x_wconf 74' lang='lat' dir='ltr'>radicibus</span> <span class='ocrx_word' id='word_1_225' title='bbox 2016 3122 2162 3176; x_wconf 84' lang='lat' dir='ltr'>collis</span> 
     </span>
     <span class='ocr_line' id='line_1_31' title="bbox 610 3205 2163 3279; baseline -0.007 -8"><span class='ocrx_word' id='word_1_226' title='bbox 610 3218 697 3271; x_wconf 88' lang='lat' dir='ltr'>siti</span> <span class='ocrx_word' id='word_1_227' title='bbox 723 3216 862 3271; x_wconf 81' lang='lat' dir='ltr'>inter</span> <span class='ocrx_word' id='word_1_228' title='bbox 888 3213 1136 3279; x_wconf 85' lang='lat' dir='ltr'>flumina,</span> <span class='ocrx_word' id='word_1_229' title='bbox 1162 3210 1401 3267; x_wconf 87' lang='lat' dir='ltr'>dividens</span> <span class='ocrx_word' id='word_1_230' title='bbox 1426 3226 1611 3264; x_wconf 87' lang='lat' dir='ltr'>eorum</span> <span class='ocrx_word' id='word_1_231' title='bbox 1645 3207 1806 3273; x_wconf 84' lang='lat' dir='ltr'>ostia,</span> <span class='ocrx_word' id='word_1_232' title='bbox 1848 3205 2163 3279; x_wconf 83' lang='lat' dir='ltr'>producitur</span> 
     </span>
     <span class='ocr_line' id='line_1_32' title="bbox 608 3293 2165 3375; baseline -0.008 -17"><span class='ocrx_word' id='word_1_233' title='bbox 608 3306 664 3358; x_wconf 89' lang='lat' dir='ltr'>in</span> <span class='ocrx_word' id='word_1_234' title='bbox 704 3319 955 3375; x_wconf 87' lang='lat' dir='ltr'>passuum</span> <span class='ocrx_word' id='word_1_235' title='bbox 991 3297 1369 3371; x_wconf 73' lang='lat' dir='ltr'>longitudinem</span> <span class='ocrx_word' id='word_1_236' title='bbox 1400 3297 1605 3351; x_wconf 82' lang='lat' dir='ltr'>circiter</span> <span class='ocrx_word' id='word_1_237' title='bbox 1632 3303 2021 3360; x_wconf 84' lang='lat' dir='ltr'>sexcentorum,</span> <span class='ocrx_word' id='word_1_238' title='bbox 2044 3293 2165 3347; x_wconf 77' lang='lat' dir='ltr'>neli-</span> 
     </span>
     <span class='ocr_line' id='line_1_33' title="bbox 612 3378 2159 3461; baseline -0.007 -17"><span class='ocrx_word' id='word_1_239' title='bbox 612 3406 731 3461; x_wconf 75' lang='lat' dir='ltr'>quae</span> <span class='ocrx_word' id='word_1_240' title='bbox 768 3388 948 3443; x_wconf 63' lang='lat' dir='ltr'>divisa</span> <span class='ocrx_word' id='word_1_241' title='bbox 980 3386 1181 3457; x_wconf 72' lang='lat' dir='ltr'>exiguis</span> <span class='ocrx_word' id='word_1_242' title='bbox 1218 3384 1415 3457; x_wconf 86' lang='lat' dir='ltr'>euripis</span> <span class='ocrx_word' id='word_1_243' title='bbox 1452 3398 1638 3455; x_wconf 83' lang='lat' dir='ltr'>parum</span> <span class='ocrx_word' id='word_1_244' title='bbox 1663 3378 1781 3435; x_wconf 85' lang='lat' dir='ltr'>altis</span> <span class='ocrx_word' id='word_1_245' title='bbox 1816 3389 1871 3434; x_wconf 89' lang='lat' dir='ltr'>et</span> <span class='ocrx_word' id='word_1_246' title='bbox 1912 3380 2159 3445; x_wconf 84' lang='lat' dir='ltr'>coenosis,</span> 
     </span>
     <span class='ocr_line' id='line_1_34' title="bbox 612 3464 2164 3547; baseline -0.006 -18"><span class='ocrx_word' id='word_1_247' title='bbox 612 3474 705 3547; x_wconf 87' lang='lat' dir='ltr'>qui</span> <span class='ocrx_word' id='word_1_248' title='bbox 726 3472 932 3529; x_wconf 88' lang='lat' dir='ltr'>dudum</span> <span class='ocrx_word' id='word_1_249' title='bbox 948 3471 1125 3527; x_wconf 87' lang='lat' dir='ltr'>obruti</span> <span class='ocrx_word' id='word_1_250' title='bbox 1152 3479 1322 3525; x_wconf 84' lang='lat' dir='ltr'>essent</span> <span class='ocrx_word' id='word_1_251' title='bbox 1351 3486 1501 3523; x_wconf 83' lang='lat' dir='ltr'>coeno</span> <span class='ocrx_word' id='word_1_252' title='bbox 1526 3464 1797 3523; x_wconf 82' lang='lat' dir='ltr'>delabente</span> <span class='ocrx_word' id='word_1_253' title='bbox 1816 3481 1880 3519; x_wconf 79' lang='lat' dir='ltr'>ex</span> <span class='ocrx_word' id='word_1_254' title='bbox 1907 3466 2164 3537; x_wconf 83' lang='lat' dir='ltr'>proximis</span> 
     </span>
     <span class='ocr_line' id='line_1_35' title="bbox 613 3549 2163 3624; baseline -0.006 -8"><span class='ocrx_word' id='word_1_255' title='bbox 613 3561 760 3616; x_wconf 86' lang='lat' dir='ltr'>ostiis</span> <span class='ocrx_word' id='word_1_256' title='bbox 784 3559 1081 3624; x_wconf 81' lang='lat' dir='ltr'>fluminum,</span> <span class='ocrx_word' id='word_1_257' title='bbox 1100 3557 1201 3612; x_wconf 86' lang='lat' dir='ltr'>nisi</span> <span class='ocrx_word' id='word_1_258' title='bbox 1221 3564 1567 3611; x_wconf 71' lang='lat' dir='ltr'>exmescemes</span> <span class='ocrx_word' id='word_1_259' title='bbox 1593 3550 1786 3606; x_wconf 75' lang='lat' dir='ltr'>insulas</span> <span class='ocrx_word' id='word_1_260' title='bbox 1804 3550 1873 3607; x_wconf 87' lang='lat' dir='ltr'>ad</span> <span class='ocrx_word' id='word_1_261' title='bbox 1890 3549 2163 3623; x_wconf 70' lang='lat' dir='ltr'>tingendos</span> 
     </span>
     <span class='ocr_line' id='line_1_36' title="bbox 612 3638 2162 3715; baseline -0.006 -10"><span class='ocrx_word' id='word_1_262' title='bbox 612 3648 799 3705; x_wconf 71' lang='lat' dir='ltr'>lateres</span> <span class='ocrx_word' id='word_1_263' title='bbox 836 3644 1191 3703; x_wconf 73' lang='lat' dir='ltr'>rescinderent</span> <span class='ocrx_word' id='word_1_264' title='bbox 1232 3644 1451 3699; x_wconf 86' lang='lat' dir='ltr'>laterum</span> <span class='ocrx_word' id='word_1_265' title='bbox 1488 3640 1651 3715; x_wconf 68' lang='lat' dir='ltr'>figuti.</span> <span class='ocrx_word' id='word_1_266' title='bbox 1680 3640 1749 3696; x_wconf 83' lang='lat' dir='ltr'>Hi</span> <span class='ocrx_word' id='word_1_267' title='bbox 1780 3639 1875 3696; x_wconf 89' lang='lat' dir='ltr'>ubi</span> <span class='ocrx_word' id='word_1_268' title='bbox 1900 3638 2071 3714; x_wconf 82' lang='lat' dir='ltr'>palam</span> <span class='ocrx_word' id='word_1_269' title='bbox 2105 3642 2162 3696; x_wconf 85' lang='lat' dir='ltr'>in</span> 
     </span>
    </p>
   </div>
   <div class='ocr_carea' id='block_1_5' title="bbox 612 3725 2225 3808">
    <p class='ocr_par' dir='ltr' id='par_1_6' title="bbox 612 3725 2225 3808">
     <span class='ocr_line' id='line_1_37' title="bbox 612 3725 2225 3808; baseline -0.007 -15"><span class='ocrx_word' id='word_1_270' title='bbox 612 3747 807 3793; x_wconf 82' lang='lat' dir='ltr'>terram</span> <span class='ocrx_word' id='word_1_271' title='bbox 830 3735 1109 3808; x_wconf 82' lang='lat' dir='ltr'>palustrem</span> <span class='ocrx_word' id='word_1_272' title='bbox 1143 3730 1460 3797; x_wconf 77' lang='lat' dir='ltr'>defixerunt,</span> <span class='ocrx_word' id='word_1_273' title='bbox 1500 3746 1612 3784; x_wconf 83' lang='lat' dir='ltr'>sese</span> <span class='ocrx_word' id='word_1_274' title='bbox 1650 3738 1789 3783; x_wconf 85' lang='lat' dir='ltr'>totos</span> <span class='ocrx_word' id='word_1_275' title='bbox 1818 3725 2158 3800; x_wconf 69' lang='lat' dir='ltr'>demergunt,</span> <span class='ocrx_word' id='word_1_276' title='bbox 2216 3738 2225 3745; x_wconf 88' lang='lat'>·</span> 
     </span>
    </p>
   </div>
   <div class='ocr_carea' id='block_1_6' title="bbox 610 3814 2162 4768">
    <p class='ocr_par' dir='ltr' id='par_1_7' title="bbox 610 3814 2162 4768">
     <span class='ocr_line' id='line_1_38' title="bbox 612 3814 2161 3897; baseline -0.007 -17"><span class='ocrx_word' id='word_1_277' title='bbox 612 3844 681 3880; x_wconf 87' lang='lat' dir='ltr'>ne</span> <span class='ocrx_word' id='word_1_278' title='bbox 700 3822 955 3897; x_wconf 75' lang='lat' dir='ltr'>capitibus</span> <span class='ocrx_word' id='word_1_279' title='bbox 970 3819 1183 3897; x_wconf 87' lang='lat' dir='ltr'>quidem</span> <span class='ocrx_word' id='word_1_280' title='bbox 1208 3837 1363 3892; x_wconf 87' lang='lat' dir='ltr'>supra</span> <span class='ocrx_word' id='word_1_281' title='bbox 1383 3836 1573 3891; x_wconf 86' lang='lat' dir='ltr'>aquam</span> <span class='ocrx_word' id='word_1_282' title='bbox 1591 3825 1850 3872; x_wconf 80' lang='lat' dir='ltr'>exstantes</span> <span class='ocrx_word' id='word_1_283' title='bbox 1866 3855 1882 3882; x_wconf 88' lang='lat'>,</span> <span class='ocrx_word' id='word_1_284' title='bbox 1906 3826 1969 3871; x_wconf 79' lang='lat' dir='ltr'>ut</span> <span class='ocrx_word' id='word_1_285' title='bbox 1992 3814 2161 3889; x_wconf 83' lang='lat' dir='ltr'>palam</span> 
     </span>
     <span class='ocr_line' id='line_1_39' title="bbox 613 3903 2162 3975; baseline -0.008 -8"><span class='ocrx_word' id='word_1_286' title='bbox 613 3910 781 3966; x_wconf 59' lang='lat' dir='ltr'>husto</span> <span class='ocrx_word' id='word_1_287' title='bbox 806 3920 956 3965; x_wconf 67' lang='lat' dir='ltr'>terre</span> <span class='ocrx_word' id='word_1_288' title='bbox 992 3907 1165 3963; x_wconf 81' lang='lat' dir='ltr'>exciso</span> <span class='ocrx_word' id='word_1_289' title='bbox 1186 3915 1423 3961; x_wconf 87' lang='lat' dir='ltr'>onustam</span> <span class='ocrx_word' id='word_1_290' title='bbox 1452 3903 1724 3959; x_wconf 66' lang='lat' dir='ltr'>extrahere</span> <span class='ocrx_word' id='word_1_291' title='bbox 1758 3912 1972 3975; x_wconf 87' lang='lat' dir='ltr'>queant.</span> <span class='ocrx_word' id='word_1_292' title='bbox 2009 3904 2162 3956; x_wconf 85' lang='lat' dir='ltr'>Insu-</span> 
     </span>
     <span class='ocr_line' id='line_1_40' title="bbox 612 3986 2157 4067; baseline -0.008 -14"><span class='ocrx_word' id='word_1_293' title='bbox 612 3997 781 4053; x_wconf 80' lang='lat' dir='ltr'>lamm</span> <span class='ocrx_word' id='word_1_294' title='bbox 803 3994 973 4067; x_wconf 88' lang='lat' dir='ltr'>euripi</span> <span class='ocrx_word' id='word_1_295' title='bbox 996 3991 1183 4067; x_wconf 83' lang='lat' dir='ltr'>piscosi</span> <span class='ocrx_word' id='word_1_296' title='bbox 1200 4000 1341 4057; x_wconf 87' lang='lat' dir='ltr'>sunt,</span> <span class='ocrx_word' id='word_1_297' title='bbox 1363 3988 1575 4046; x_wconf 85' lang='lat' dir='ltr'>latibula</span> <span class='ocrx_word' id='word_1_298' title='bbox 1598 3987 1830 4062; x_wconf 87' lang='lat' dir='ltr'>piscibus</span> <span class='ocrx_word' id='word_1_299' title='bbox 1849 3986 2157 4060; x_wconf 67' lang='lat' dir='ltr'>prebentes,</span> 
     </span>
     <span class='ocr_line' id='line_1_41' title="bbox 612 4075 2160 4157; baseline -0.006 -18"><span class='ocrx_word' id='word_1_300' title='bbox 612 4086 707 4157; x_wconf 87' lang='lat' dir='ltr'>qui</span> <span class='ocrx_word' id='word_1_301' title='bbox 736 4101 857 4139; x_wconf 89' lang='lat' dir='ltr'>cum</span> <span class='ocrx_word' id='word_1_302' title='bbox 884 4082 1056 4136; x_wconf 85' lang='lat' dir='ltr'>hieme</span> <span class='ocrx_word' id='word_1_303' title='bbox 1091 4078 1177 4135; x_wconf 85' lang='lat' dir='ltr'>alii</span> <span class='ocrx_word' id='word_1_304' title='bbox 1214 4079 1509 4152; x_wconf 84' lang='lat' dir='ltr'>capiuntur,</span> <span class='ocrx_word' id='word_1_305' title='bbox 1541 4087 1657 4133; x_wconf 85' lang='lat' dir='ltr'>tum</span> <span class='ocrx_word' id='word_1_306' title='bbox 1697 4086 1871 4131; x_wconf 65' lang='lat' dir='ltr'>astate</span> <span class='ocrx_word' id='word_1_307' title='bbox 1908 4075 2160 4147; x_wconf 71' lang='lat' dir='ltr'>mugilum</span> 
     </span>
     <span class='ocr_line' id='line_1_42' title="bbox 610 4162 2162 4245; baseline -0.005 -19"><span class='ocrx_word' id='word_1_308' title='bbox 610 4172 761 4245; x_wconf 87' lang='lat' dir='ltr'>copia</span> <span class='ocrx_word' id='word_1_309' title='bbox 782 4188 941 4243; x_wconf 85' lang='lat' dir='ltr'>supra</span> <span class='ocrx_word' id='word_1_310' title='bbox 972 4178 1167 4223; x_wconf 86' lang='lat' dir='ltr'>storeas</span> <span class='ocrx_word' id='word_1_311' title='bbox 1200 4166 1519 4221; x_wconf 83' lang='lat' dir='ltr'>exilientium</span> <span class='ocrx_word' id='word_1_312' title='bbox 1556 4162 1627 4220; x_wconf 84' lang='lat' dir='ltr'>ad</span> <span class='ocrx_word' id='word_1_313' title='bbox 1650 4162 1705 4219; x_wconf 87' lang='lat' dir='ltr'>id</span> <span class='ocrx_word' id='word_1_314' title='bbox 1727 4172 2039 4238; x_wconf 63' lang='lat' dir='ltr'>prquam</span> <span class='ocrx_word' id='word_1_315' title='bbox 2054 4202 2070 4229; x_wconf 92' lang='lat'>,</span> <span class='ocrx_word' id='word_1_316' title='bbox 2100 4173 2162 4218; x_wconf 87' lang='lat' dir='ltr'>ut</span> 
     </span>
     <span class='ocr_line' id='line_1_43' title="bbox 610 4248 2161 4326; baseline -0.003 -17"><span class='ocrx_word' id='word_1_317' title='bbox 610 4255 845 4312; x_wconf 78' lang='lat' dir='ltr'>venetiis</span> <span class='ocrx_word' id='word_1_318' title='bbox 884 4254 1054 4309; x_wconf 84' lang='lat' dir='ltr'>solent</span> <span class='ocrx_word' id='word_1_319' title='bbox 1090 4271 1246 4326; x_wconf 87' lang='lat' dir='ltr'>supra</span> <span class='ocrx_word' id='word_1_320' title='bbox 1286 4262 1423 4307; x_wconf 82' lang='lat' dir='ltr'>rates</span> <span class='ocrx_word' id='word_1_321' title='bbox 1456 4248 1523 4305; x_wconf 87' lang='lat' dir='ltr'>ad</span> <span class='ocrx_word' id='word_1_322' title='bbox 1557 4249 1749 4304; x_wconf 87' lang='lat' dir='ltr'>borum</span> <span class='ocrx_word' id='word_1_323' title='bbox 1784 4250 2043 4322; x_wconf 83' lang='lat' dir='ltr'>piscatum</span> <span class='ocrx_word' id='word_1_324' title='bbox 2078 4268 2161 4304; x_wconf 80' lang='lat' dir='ltr'>ac·</span> 
     </span>
     <span class='ocr_line' id='line_1_44' title="bbox 611 4338 2159 4403; baseline -0.007 -2"><span class='ocrx_word' id='word_1_325' title='bbox 611 4342 985 4401; x_wconf 85' lang='lat' dir='ltr'>commodatas.</span> <span class='ocrx_word' id='word_1_326' title='bbox 1008 4343 1165 4398; x_wconf 83' lang='lat' dir='ltr'>Nunc</span> <span class='ocrx_word' id='word_1_327' title='bbox 1194 4343 1249 4395; x_wconf 88' lang='lat' dir='ltr'>in</span> <span class='ocrx_word' id='word_1_328' title='bbox 1277 4340 1361 4395; x_wconf 74' lang='lat' dir='ltr'>his</span> <span class='ocrx_word' id='word_1_329' title='bbox 1386 4338 1569 4393; x_wconf 86' lang='lat' dir='ltr'>insulis</span> <span class='ocrx_word' id='word_1_330' title='bbox 1603 4338 1743 4392; x_wconf 85' lang='lat' dir='ltr'>cervi</span> <span class='ocrx_word' id='word_1_331' title='bbox 1771 4354 1881 4392; x_wconf 86' lang='lat' dir='ltr'>non</span> <span class='ocrx_word' id='word_1_332' title='bbox 1913 4346 2069 4403; x_wconf 89' lang='lat' dir='ltr'>sunt,</span> <span class='ocrx_word' id='word_1_333' title='bbox 2098 4347 2159 4391; x_wconf 89' lang='lat' dir='ltr'>ut</span> 
     </span>
     <span class='ocr_line' id='line_1_45' title="bbox 610 4424 2159 4506; baseline -0.008 -16"><span class='ocrx_word' id='word_1_334' title='bbox 610 4432 738 4490; x_wconf 86' lang='lat' dir='ltr'>olim</span> <span class='ocrx_word' id='word_1_335' title='bbox 762 4442 927 4498; x_wconf 84' lang='lat' dir='ltr'>erant,</span> <span class='ocrx_word' id='word_1_336' title='bbox 956 4441 1173 4506; x_wconf 86' lang='lat' dir='ltr'>propter</span> <span class='ocrx_word' id='word_1_337' title='bbox 1192 4430 1481 4504; x_wconf 82' lang='lat' dir='ltr'>proximam</span> <span class='ocrx_word' id='word_1_338' title='bbox 1506 4426 1823 4481; x_wconf 70' lang='lat' dir='ltr'>viduitatem</span> <span class='ocrx_word' id='word_1_339' title='bbox 1842 4424 2009 4491; x_wconf 89' lang='lat' dir='ltr'>urbis,</span> <span class='ocrx_word' id='word_1_340' title='bbox 2037 4440 2159 4497; x_wconf 85' lang='lat' dir='ltr'>pro-</span> 
     </span>
     <span class='ocr_line' id='line_1_46' title="bbox 613 4512 2156 4595; baseline -0.008 -17"><span class='ocrx_word' id='word_1_341' title='bbox 613 4532 830 4595; x_wconf 82' lang='lat' dir='ltr'>pterque</span> <span class='ocrx_word' id='word_1_342' title='bbox 852 4519 1176 4593; x_wconf 85' lang='lat' dir='ltr'>propinquos</span> <span class='ocrx_word' id='word_1_343' title='bbox 1204 4517 1449 4588; x_wconf 84' lang='lat' dir='ltr'>utrinqne</span> <span class='ocrx_word' id='word_1_344' title='bbox 1474 4514 1627 4569; x_wconf 77' lang='lat' dir='ltr'>colles</span> <span class='ocrx_word' id='word_1_345' title='bbox 1666 4512 1897 4587; x_wconf 77' lang='lat' dir='ltr'>antiquis</span> <span class='ocrx_word' id='word_1_346' title='bbox 1925 4512 2156 4568; x_wconf 85' lang='lat' dir='ltr'>nemori·</span> 
     </span>
     <span class='ocr_line' id='line_1_47' title="bbox 612 4598 2158 4679; baseline -0.007 -15"><span class='ocrx_word' id='word_1_347' title='bbox 612 4608 713 4664; x_wconf 90' lang='lat' dir='ltr'>bus</span> <span class='ocrx_word' id='word_1_348' title='bbox 737 4606 1000 4679; x_wconf 83' lang='lat' dir='ltr'>spoliatos,</span> <span class='ocrx_word' id='word_1_349' title='bbox 1028 4603 1219 4677; x_wconf 87' lang='lat' dir='ltr'>quibus</span> <span class='ocrx_word' id='word_1_350' title='bbox 1236 4601 1359 4658; x_wconf 88' lang='lat' dir='ltr'>olim</span> <span class='ocrx_word' id='word_1_351' title='bbox 1383 4601 1592 4656; x_wconf 87' lang='lat' dir='ltr'>vestitos</span> <span class='ocrx_word' id='word_1_352' title='bbox 1618 4600 1775 4655; x_wconf 78' lang='lat' dir='ltr'>fuisse</span> <span class='ocrx_word' id='word_1_353' title='bbox 1800 4598 2071 4655; x_wconf 86' lang='lat' dir='ltr'>ostendam</span> <span class='ocrx_word' id='word_1_354' title='bbox 2092 4617 2158 4654; x_wconf 87' lang='lat' dir='ltr'>ex</span> 
     </span>
     <span class='ocr_line' id='line_1_48' title="bbox 612 4686 2159 4768; baseline -0.006 -17"><span class='ocrx_word' id='word_1_355' title='bbox 612 4693 869 4768; x_wconf 87' lang='lat' dir='ltr'>Dionysio</span> <span class='ocrx_word' id='word_1_356' title='bbox 888 4691 1153 4765; x_wconf 81' lang='lat' dir='ltr'>Byzantio.</span> <span class='ocrx_word' id='word_1_357' title='bbox 1166 4690 1321 4745; x_wconf 82' lang='lat' dir='ltr'>Nunc</span> <span class='ocrx_word' id='word_1_358' title='bbox 1340 4706 1496 4761; x_wconf 87' lang='lat' dir='ltr'>quam</span> <span class='ocrx_word' id='word_1_359' title='bbox 1512 4688 1728 4762; x_wconf 82' lang='lat' dir='ltr'>pulchre</span> <span class='ocrx_word' id='word_1_360' title='bbox 1744 4686 2005 4742; x_wconf 81' lang='lat' dir='ltr'>describat</span> <span class='ocrx_word' id='word_1_361' title='bbox 2022 4687 2159 4742; x_wconf 76' lang='lat' dir='ltr'>hanc</span> 
     </span>
    </p>
   </div>
   <div class='ocr_carea' id='block_1_7' title="bbox 612 4773 1750 4854">
    <p class='ocr_par' dir='ltr' id='par_1_8' title="bbox 612 4773 1750 4854">
     <span class='ocr_line' id='line_1_49' title="bbox 612 4773 1750 4854; baseline -0.007 -17"><span class='ocrx_word' id='word_1_362' title='bbox 612 4781 833 4854; x_wconf 86' lang='lat' dir='ltr'>Bospori</span> <span class='ocrx_word' id='word_1_363' title='bbox 858 4789 1061 4853; x_wconf 81' lang='lat' dir='ltr'>partem</span> <span class='ocrx_word' id='word_1_364' title='bbox 1084 4777 1363 4850; x_wconf 73' lang='lat' dir='ltr'>palum-em</span> <span class='ocrx_word' id='word_1_365' title='bbox 1376 4814 1393 4843; x_wconf 89' lang='lat'><em>‚</em></span> <span class='ocrx_word' id='word_1_366' title='bbox 1421 4773 1750 4847; x_wconf 66' lang='lat' dir='ltr'>subjungam.</span> 
     </span>
    </p>
   </div>
   <div class='ocr_carea' id='block_1_8' title="bbox 2901 693 3142 757">
    <p class='ocr_par' dir='ltr' id='par_1_9' title="bbox 2901 693 3142 757">
     <span class='ocr_line' id='line_1_50' title="bbox 2901 693 3142 757; baseline -0.008 -2"><span class='ocrx_word' id='word_1_367' title='bbox 2901 693 2998 755; x_wconf 78' lang='lat' dir='ltr'>Fr.</span> <span class='ocrx_word' id='word_1_368' title='bbox 3048 702 3142 757; x_wconf 74' lang='lat'>16.</span> 
     </span>
    </p>
   </div>
   <div class='ocr_carea' id='block_1_9' title="bbox 2248 868 3850 3726">
    <p class='ocr_par' dir='ltr' id='par_1_10' title="bbox 2248 868 3804 2156">
     <span class='ocr_line' id='line_1_51' title="bbox 2320 868 3797 941; baseline 0.001 -20"><span class='ocrx_word' id='word_1_369' title='bbox 2320 870 2533 932; x_wconf 78' lang='lat' dir='ltr'>Locum,</span> <span class='ocrx_word' id='word_1_370' title='bbox 2601 868 2800 939; x_wconf 84' lang='lat' dir='ltr'>inquit,</span> <span class='ocrx_word' id='word_1_371' title='bbox 2864 877 3218 941; x_wconf 66' lang='lat' dir='ltr'>muncupatmn</span> <span class='ocrx_word' id='word_1_372' title='bbox 3279 870 3550 921; x_wconf 67' lang='lat' dir='ltr'>&amp;tenuram</span> <span class='ocrx_word' id='word_1_373' title='bbox 3603 869 3797 941; x_wconf 85' lang='lat' dir='ltr'>(quem</span> 
     </span>
     <span class='ocr_line' id='line_1_52' title="bbox 2248 951 3800 1029; baseline -0.002 -19"><span class='ocrx_word' id='word_1_374' title='bbox 2248 966 2370 1010; x_wconf 80' lang='lat' dir='ltr'>ante</span> <span class='ocrx_word' id='word_1_375' title='bbox 2411 955 2521 1011; x_wconf 81' lang='lat' dir='ltr'>dixi</span> <span class='ocrx_word' id='word_1_376' title='bbox 2547 954 2704 1010; x_wconf 80' lang='lat' dir='ltr'>fuisse</span> <span class='ocrx_word' id='word_1_377' title='bbox 2742 953 2810 1009; x_wconf 86' lang='lat' dir='ltr'>ad</span> <span class='ocrx_word' id='word_1_378' title='bbox 2848 954 3048 1010; x_wconf 85' lang='lat' dir='ltr'>radices</span> <span class='ocrx_word' id='word_1_379' title='bbox 3072 956 3204 1010; x_wconf 87' lang='lat' dir='ltr'>sexti</span> <span class='ocrx_word' id='word_1_380' title='bbox 3229 954 3414 1026; x_wconf 88' lang='lat' dir='ltr'>collis)</span> <span class='ocrx_word' id='word_1_381' title='bbox 3456 956 3657 1029; x_wconf 74' lang='lat' dir='ltr'>excipit</span> <span class='ocrx_word' id='word_1_382' title='bbox 3690 951 3800 1009; x_wconf 77' lang='grc' dir='ltr'>Σα-</span> 
     </span>
     <span class='ocr_line' id='line_1_53' title="bbox 2249 1034 3797 1115; baseline 0.003 -22"><span class='ocrx_word' id='word_1_383' title='bbox 2249 1034 2358 1115; x_wconf 66' lang='lat' dir='ltr'>up&amp;</span> <span class='ocrx_word' id='word_1_384' title='bbox 2383 1034 2646 1107; x_wconf 78' lang='grc' dir='ltr'><strong>θάλασσα,</strong></span> <span class='ocrx_word' id='word_1_385' title='bbox 2681 1041 2742 1097; x_wconf 85' lang='lat' dir='ltr'>id</span> <span class='ocrx_word' id='word_1_386' title='bbox 2756 1052 2851 1107; x_wconf 86' lang='lat' dir='ltr'>est,</span> <span class='ocrx_word' id='word_1_387' title='bbox 2887 1040 3185 1096; x_wconf 73' lang='lat' dir='ltr'>Mat-eidam</span> <span class='ocrx_word' id='word_1_388' title='bbox 3208 1059 3365 1106; x_wconf 77' lang='lat' dir='ltr'>mot-e,</span> <span class='ocrx_word' id='word_1_389' title='bbox 3368 1042 3504 1113; x_wconf 85' lang='lat' dir='ltr'>finis</span> <span class='ocrx_word' id='word_1_390' title='bbox 3531 1042 3696 1097; x_wconf 78' lang='lat' dir='ltr'>totins</span> <span class='ocrx_word' id='word_1_391' title='bbox 3721 1042 3797 1098; x_wconf 87' lang='lat' dir='ltr'>si·</span> 
     </span>
     <span class='ocr_line' id='line_1_54' title="bbox 2249 1125 3794 1202; baseline 0.001 -19"><span class='ocrx_word' id='word_1_392' title='bbox 2249 1147 2367 1185; x_wconf 81' lang='lat' dir='ltr'>nus.</span> <span class='ocrx_word' id='word_1_393' title='bbox 2414 1132 2560 1184; x_wconf 78' lang='lat' dir='ltr'>Iacet</span> <span class='ocrx_word' id='word_1_394' title='bbox 2596 1126 2730 1183; x_wconf 88' lang='lat' dir='ltr'>enim</span> <span class='ocrx_word' id='word_1_395' title='bbox 2779 1127 2834 1182; x_wconf 90' lang='lat' dir='ltr'>in</span> <span class='ocrx_word' id='word_1_396' title='bbox 2869 1125 3044 1201; x_wconf 81' lang='lat' dir='ltr'>fundo</span> <span class='ocrx_word' id='word_1_397' title='bbox 3091 1125 3240 1183; x_wconf 81' lang='lat' dir='ltr'>sinus</span> <span class='ocrx_word' id='word_1_398' title='bbox 3283 1129 3576 1202; x_wconf 81' lang='lat' dir='ltr'>nuncupati</span> <span class='ocrx_word' id='word_1_399' title='bbox 3613 1132 3794 1185; x_wconf 76' lang='lat' dir='ltr'>Cornu.</span> 
     </span>
     <span class='ocr_line' id='line_1_55' title="bbox 2251 1214 3802 1286; baseline 0.001 -14"><span class='ocrx_word' id='word_1_400' title='bbox 2251 1216 2460 1272; x_wconf 71' lang='lat' dir='ltr'>Invenit</span> <span class='ocrx_word' id='word_1_401' title='bbox 2501 1216 2594 1273; x_wconf 73' lang='lat' dir='ltr'>hoc</span> <span class='ocrx_word' id='word_1_402' title='bbox 2633 1234 2812 1271; x_wconf 84' lang='lat' dir='ltr'>nomen</span> <span class='ocrx_word' id='word_1_403' title='bbox 2851 1234 2960 1270; x_wconf 70' lang='lat' dir='ltr'>ste-e</span> <span class='ocrx_word' id='word_1_404' title='bbox 2993 1234 3030 1269; x_wconf 82' lang='lat' dir='ltr'><strong><em>a</em></strong></span> <span class='ocrx_word' id='word_1_405' title='bbox 3068 1214 3265 1271; x_wconf 84' lang='lat' dir='ltr'>vicinis</span> <span class='ocrx_word' id='word_1_406' title='bbox 3289 1216 3608 1286; x_wconf 79' lang='lat' dir='ltr'>fluminibus</span> <span class='ocrx_word' id='word_1_407' title='bbox 3649 1218 3704 1273; x_wconf 88' lang='lat' dir='ltr'>in</span> <span class='ocrx_word' id='word_1_408' title='bbox 3745 1237 3802 1273; x_wconf 82' lang='lat' dir='ltr'>se</span> 
     </span>
     <span class='ocr_line' id='line_1_56' title="bbox 2252 1301 3800 1375; baseline 0.001 -18"><span class='ocrx_word' id='word_1_409' title='bbox 2252 1301 2556 1358; x_wconf 74' lang='lat' dir='ltr'>exeuntibus</span> <span class='ocrx_word' id='word_1_410' title='bbox 2577 1302 2791 1357; x_wconf 79' lang='lat' dir='ltr'>nativas</span> <span class='ocrx_word' id='word_1_411' title='bbox 2813 1320 2977 1375; x_wconf 80' lang='lat' dir='ltr'>aquas</span> <span class='ocrx_word' id='word_1_412' title='bbox 2999 1301 3161 1356; x_wconf 67' lang='lat' dir='ltr'>»naris</span> <span class='ocrx_word' id='word_1_413' title='bbox 3186 1302 3631 1375; x_wconf 76' lang='lat' dir='ltr'>corrumpentibus</span> <span class='ocrx_word' id='word_1_414' title='bbox 3645 1345 3661 1368; x_wconf 90' lang='lat'>,</span> <span class='ocrx_word' id='word_1_415' title='bbox 3687 1304 3800 1359; x_wconf 76' lang='lat' dir='ltr'>sive</span> 
     </span>
     <span class='ocr_line' id='line_1_57' title="bbox 2252 1388 3799 1464; baseline -0.001 -18"><span class='ocrx_word' id='word_1_416' title='bbox 2252 1409 2321 1446; x_wconf 72' lang='lat' dir='ltr'>ex</span> <span class='ocrx_word' id='word_1_417' title='bbox 2343 1409 2402 1445; x_wconf 88' lang='lat' dir='ltr'>eo</span> <span class='ocrx_word' id='word_1_418' title='bbox 2425 1407 2602 1445; x_wconf 82' lang='lat' dir='ltr'>nomen</span> <span class='ocrx_word' id='word_1_419' title='bbox 2623 1388 2830 1464; x_wconf 76' lang='lat' dir='ltr'>reperit,</span> <span class='ocrx_word' id='word_1_420' title='bbox 2855 1389 2984 1463; x_wconf 79' lang='lat' dir='ltr'>quia</span> <span class='ocrx_word' id='word_1_421' title='bbox 3012 1388 3268 1445; x_wconf 72' lang='lat' dir='ltr'>itnntobile</span> <span class='ocrx_word' id='word_1_422' title='bbox 3287 1388 3459 1445; x_wconf 81' lang='lat' dir='ltr'>ventis</span> <span class='ocrx_word' id='word_1_423' title='bbox 3480 1389 3682 1458; x_wconf 66' lang='lat' dir='ltr'>agitari</span> <span class='ocrx_word' id='word_1_424' title='bbox 3699 1410 3799 1446; x_wconf 83' lang='lat' dir='ltr'>non</span> 
     </span>
     <span class='ocr_line' id='line_1_58' title="bbox 2248 1472 3801 1551; baseline 0 -20"><span class='ocrx_word' id='word_1_425' title='bbox 2248 1488 2422 1551; x_wconf 82' lang='lat' dir='ltr'>potest</span> <span class='ocrx_word' id='word_1_426' title='bbox 2442 1476 2506 1531; x_wconf 75' lang='lat' dir='ltr'>ob</span> <span class='ocrx_word' id='word_1_427' title='bbox 2526 1474 2778 1533; x_wconf 77' lang='lat' dir='ltr'>vadorum</span> <span class='ocrx_word' id='word_1_428' title='bbox 2797 1475 3191 1545; x_wconf 63' lang='lat' dir='ltr'>aggerationem,</span> <span class='ocrx_word' id='word_1_429' title='bbox 3220 1493 3376 1548; x_wconf 77' lang='lat' dir='ltr'>quam</span> <span class='ocrx_word' id='word_1_430' title='bbox 3403 1472 3643 1545; x_wconf 71' lang='lat' dir='ltr'>desi-runt</span> <span class='ocrx_word' id='word_1_431' title='bbox 3661 1477 3801 1531; x_wconf 76' lang='lat' dir='ltr'>ostia</span> 
     </span>
     <span class='ocr_line' id='line_1_59' title="bbox 2250 1559 3800 1635; baseline -0.001 -18"><span class='ocrx_word' id='word_1_432' title='bbox 2250 1562 2522 1628; x_wconf 63' lang='lat' dir='ltr'>munimem</span> <span class='ocrx_word' id='word_1_433' title='bbox 2557 1560 2854 1617; x_wconf 79' lang='lat' dir='ltr'>continuam</span> <span class='ocrx_word' id='word_1_434' title='bbox 2889 1572 2941 1615; x_wconf 85' lang='lat' dir='ltr'>et</span> <span class='ocrx_word' id='word_1_435' title='bbox 2977 1559 3206 1624; x_wconf 77' lang='lat' dir='ltr'>mollem,</span> <span class='ocrx_word' id='word_1_436' title='bbox 3223 1560 3464 1635; x_wconf 75' lang='lat' dir='ltr'>palustre</span> <span class='ocrx_word' id='word_1_437' title='bbox 3501 1560 3800 1632; x_wconf 78' lang='lat' dir='ltr'>efficientem</span> 
     </span>
     <span class='ocr_line' id='line_1_60' title="bbox 2254 1645 3804 1723; baseline 0 -18"><span class='ocrx_word' id='word_1_438' title='bbox 2254 1668 2411 1715; x_wconf 72' lang='lat' dir='ltr'>mat-e,</span> <span class='ocrx_word' id='word_1_439' title='bbox 2439 1650 2493 1704; x_wconf 92' lang='lat' dir='ltr'>in</span> <span class='ocrx_word' id='word_1_440' title='bbox 2515 1668 2614 1723; x_wconf 82' lang='lat' dir='ltr'>quo</span> <span class='ocrx_word' id='word_1_441' title='bbox 2639 1649 2796 1704; x_wconf 80' lang='lat' dir='ltr'>etiam</span> <span class='ocrx_word' id='word_1_442' title='bbox 2809 1648 2985 1723; x_wconf 84' lang='lat' dir='ltr'>pisces</span> <span class='ocrx_word' id='word_1_443' title='bbox 3016 1645 3318 1722; x_wconf 77' lang='lat' dir='ltr'>capiuntur.</span> <span class='ocrx_word' id='word_1_444' title='bbox 3347 1647 3564 1703; x_wconf 71' lang='lat' dir='ltr'>Primus</span> <span class='ocrx_word' id='word_1_445' title='bbox 3591 1649 3804 1721; x_wconf 74' lang='lat' dir='ltr'>hujusce</span> 
     </span>
     <span class='ocr_line' id='line_1_61' title="bbox 2254 1735 3804 1811; baseline 0 -18"><span class='ocrx_word' id='word_1_446' title='bbox 2254 1737 2417 1792; x_wconf 80' lang='lat' dir='ltr'>maris</span> <span class='ocrx_word' id='word_1_447' title='bbox 2455 1736 2676 1793; x_wconf 77' lang='lat' dir='ltr'>marcidi</span> <span class='ocrx_word' id='word_1_448' title='bbox 2715 1736 2855 1791; x_wconf 80' lang='lat' dir='ltr'>Iocus</span> <span class='ocrx_word' id='word_1_449' title='bbox 2895 1735 3194 1811; x_wconf 77' lang='lat' dir='ltr'>appellatur</span> <span class='ocrx_word' id='word_1_450' title='bbox 3229 1735 3581 1808; x_wconf 76' lang='lat' dir='ltr'>Polyrrhetius</span> <span class='ocrx_word' id='word_1_451' title='bbox 3601 1755 3640 1791; x_wconf 81' lang='lat' dir='ltr'><strong><em>a</em></strong></span> <span class='ocrx_word' id='word_1_452' title='bbox 3685 1738 3804 1793; x_wconf 72' lang='lat' dir='ltr'>viro</span> 
     </span>
     <span class='ocr_line' id='line_1_62' title="bbox 2256 1818 3800 1897; baseline -0.001 -18"><span class='ocrx_word' id='word_1_453' title='bbox 2256 1825 2568 1897; x_wconf 71' lang='lat' dir='ltr'>Polyrrheto.</span> <span class='ocrx_word' id='word_1_454' title='bbox 2618 1829 2746 1881; x_wconf 85' lang='lat' dir='ltr'>Post</span> <span class='ocrx_word' id='word_1_455' title='bbox 2789 1825 2921 1879; x_wconf 73' lang='lat' dir='ltr'>hunc</span> <span class='ocrx_word' id='word_1_456' title='bbox 2961 1825 3100 1879; x_wconf 82' lang='lat' dir='ltr'>Iocus</span> <span class='ocrx_word' id='word_1_457' title='bbox 3143 1835 3222 1878; x_wconf 86' lang='lat' dir='ltr'>est</span> <span class='ocrx_word' id='word_1_458' title='bbox 3262 1822 3561 1879; x_wconf 79' lang='lat' dir='ltr'>nominatus</span> <span class='ocrx_word' id='word_1_459' title='bbox 3603 1818 3800 1877; x_wconf 72' lang='grc' dir='ltr'>Βαθεῖα</span> 
     </span>
     <span class='ocr_line' id='line_1_63' title="bbox 2255 1904 3802 1985; baseline -0.001 -20"><span class='ocrx_word' id='word_1_460' title='bbox 2255 1904 2446 1966; x_wconf 61' lang='lat' dir='ltr'>exsard</span> <span class='ocrx_word' id='word_1_461' title='bbox 2461 1950 2480 1983; x_wconf 90' lang='lat'>,</span> <span class='ocrx_word' id='word_1_462' title='bbox 2507 1912 2600 1968; x_wconf 72' lang='lat' dir='ltr'>hoc</span> <span class='ocrx_word' id='word_1_463' title='bbox 2636 1924 2716 1967; x_wconf 88' lang='lat' dir='ltr'>est</span> <span class='ocrx_word' id='word_1_464' title='bbox 2740 1910 3010 1983; x_wconf 74' lang='lat' dir='ltr'>Profunda</span> <span class='ocrx_word' id='word_1_465' title='bbox 3036 1911 3263 1985; x_wconf 81' lang='lat' dir='ltr'>specula,</span> <span class='ocrx_word' id='word_1_466' title='bbox 3296 1910 3366 1965; x_wconf 78' lang='lat' dir='ltr'>ab</span> <span class='ocrx_word' id='word_1_467' title='bbox 3386 1910 3672 1965; x_wconf 76' lang='lat' dir='ltr'>altitudine</span> <span class='ocrx_word' id='word_1_468' title='bbox 3689 1930 3802 1964; x_wconf 82' lang='lat' dir='ltr'>ma-</span> 
     </span>
     <span class='ocr_line' id='line_1_64' title="bbox 2252 1995 3804 2070; baseline -0.001 -16"><span class='ocrx_word' id='word_1_469' title='bbox 2252 1999 2350 2056; x_wconf 78' lang='lat' dir='ltr'>ris.</span> <span class='ocrx_word' id='word_1_470' title='bbox 2425 1998 2629 2055; x_wconf 76' lang='lat' dir='ltr'>Tertius</span> <span class='ocrx_word' id='word_1_471' title='bbox 2667 2009 2888 2053; x_wconf 78' lang='lat' dir='ltr'>vocatur</span> <span class='ocrx_word' id='word_1_472' title='bbox 2913 1998 3206 2053; x_wconf 79' lang='lat' dir='ltr'>Blachernoe</span> <span class='ocrx_word' id='word_1_473' title='bbox 3242 2017 3278 2051; x_wconf 86' lang='lat' dir='ltr'><strong><em>a</em></strong></span> <span class='ocrx_word' id='word_1_474' title='bbox 3319 1995 3543 2070; x_wconf 83' lang='lat' dir='ltr'>quodam</span> <span class='ocrx_word' id='word_1_475' title='bbox 3572 2016 3686 2066; x_wconf 76' lang='lat' dir='ltr'>tege</span> <span class='ocrx_word' id='word_1_476' title='bbox 3726 1996 3804 2052; x_wconf 83' lang='lat' dir='ltr'>ibi</span> 
     </span>
     <span class='ocr_line' id='line_1_65' title="bbox 2251 2097 2512 2156; baseline 0 -13"><span class='ocrx_word' id='word_1_477' title='bbox 2251 2097 2512 2156; x_wconf 72' lang='lat' dir='ltr'>regnante.</span> 
     </span>
    </p>

    <p class='ocr_par' dir='ltr' id='par_1_11' title="bbox 2248 2169 3850 3726">
     <span class='ocr_line' id='line_1_66' title="bbox 2321 2169 3806 2247; baseline -0.003 -17"><span class='ocrx_word' id='word_1_478' title='bbox 2321 2176 2448 2230; x_wconf 73' lang='lat' dir='ltr'>Haec</span> <span class='ocrx_word' id='word_1_479' title='bbox 2474 2172 2688 2247; x_wconf 79' lang='lat' dir='ltr'>quidem</span> <span class='ocrx_word' id='word_1_480' title='bbox 2712 2172 3013 2245; x_wconf 82' lang='lat' dir='ltr'>Dionysius.</span> <span class='ocrx_word' id='word_1_481' title='bbox 3051 2172 3134 2225; x_wconf 86' lang='lat' dir='ltr'>De</span> <span class='ocrx_word' id='word_1_482' title='bbox 3151 2170 3239 2225; x_wconf 82' lang='lat' dir='ltr'>bis</span> <span class='ocrx_word' id='word_1_483' title='bbox 3263 2170 3542 2242; x_wconf 85' lang='lat' dir='ltr'>paludibus</span> <span class='ocrx_word' id='word_1_484' title='bbox 3567 2169 3806 2241; x_wconf 76' lang='lat' dir='ltr'>intelligit</span> 
     </span>
     <span class='ocr_line' id='line_1_67' title="bbox 2251 2255 3808 2335; baseline -0.003 -18"><span class='ocrx_word' id='word_1_485' title='bbox 2251 2262 2575 2335; x_wconf 79' lang='lat' dir='ltr'>Nicephorus</span> <span class='ocrx_word' id='word_1_486' title='bbox 2599 2260 2895 2325; x_wconf 82' lang='lat' dir='ltr'>historicus,</span> <span class='ocrx_word' id='word_1_487' title='bbox 2923 2277 3046 2313; x_wconf 91' lang='lat' dir='ltr'>cum</span> <span class='ocrx_word' id='word_1_488' title='bbox 3062 2258 3136 2313; x_wconf 83' lang='lat' dir='ltr'>ait</span> <span class='ocrx_word' id='word_1_489' title='bbox 3151 2296 3168 2323; x_wconf 90' lang='lat'>,</span> <span class='ocrx_word' id='word_1_490' title='bbox 3195 2255 3506 2312; x_wconf 79' lang='lat' dir='ltr'>adventante</span> <span class='ocrx_word' id='word_1_491' title='bbox 3530 2257 3690 2311; x_wconf 84' lang='lat' dir='ltr'>classe</span> <span class='ocrx_word' id='word_1_492' title='bbox 3709 2260 3808 2313; x_wconf 82' lang='lat' dir='ltr'>Ln-</span> 
     </span>
     <span class='ocr_line' id='line_1_68' title="bbox 2252 2344 3806 2421; baseline -0.004 -15"><span class='ocrx_word' id='word_1_493' title='bbox 2252 2362 2485 2406; x_wconf 85' lang='lat' dir='ltr'>tmorum</span> <span class='ocrx_word' id='word_1_494' title='bbox 2502 2349 2637 2421; x_wconf 72' lang='lat' dir='ltr'>regis</span> <span class='ocrx_word' id='word_1_495' title='bbox 2649 2346 3226 2420; x_wconf 84' lang='lat' dir='ltr'>Constantinopolitani,</span> <span class='ocrx_word' id='word_1_496' title='bbox 3257 2344 3493 2399; x_wconf 79' lang='lat' dir='ltr'>triremes</span> <span class='ocrx_word' id='word_1_497' title='bbox 3519 2344 3806 2400; x_wconf 79' lang='lat' dir='ltr'>subductas</span> 
     </span>
     <span class='ocr_line' id='line_1_69' title="bbox 2252 2432 3807 2501; baseline -0.004 -8"><span class='ocrx_word' id='word_1_498' title='bbox 2252 2438 2412 2493; x_wconf 78' lang='lat' dir='ltr'>fuisse</span> <span class='ocrx_word' id='word_1_499' title='bbox 2429 2439 2628 2493; x_wconf 65' lang='lat' dir='ltr'>einaim</span> <span class='ocrx_word' id='word_1_500' title='bbox 2643 2436 2873 2491; x_wconf 79' lang='lat' dir='ltr'>fluminis</span> <span class='ocrx_word' id='word_1_501' title='bbox 2889 2434 3040 2501; x_wconf 81' lang='lat' dir='ltr'>ostia,</span> <span class='ocrx_word' id='word_1_502' title='bbox 3061 2433 3153 2488; x_wconf 86' lang='lat' dir='ltr'>ubi</span> <span class='ocrx_word' id='word_1_503' title='bbox 3179 2442 3232 2486; x_wconf 87' lang='lat' dir='ltr'>et</span> <span class='ocrx_word' id='word_1_504' title='bbox 3254 2449 3400 2485; x_wconf 85' lang='lat' dir='ltr'>smus</span> <span class='ocrx_word' id='word_1_505' title='bbox 3417 2432 3535 2486; x_wconf 82' lang='lat' dir='ltr'>finis</span> <span class='ocrx_word' id='word_1_506' title='bbox 3551 2443 3604 2486; x_wconf 89' lang='lat' dir='ltr'>et</span> <span class='ocrx_word' id='word_1_507' title='bbox 3629 2433 3807 2487; x_wconf 82' lang='lat' dir='ltr'>flumi-</span> 
     </span>
     <span class='ocr_line' id='line_1_70' title="bbox 2251 2518 3807 2593; baseline -0.004 -15"><span class='ocrx_word' id='word_1_508' title='bbox 2251 2524 2365 2591; x_wconf 85' lang='lat' dir='ltr'>nis,</span> <span class='ocrx_word' id='word_1_509' title='bbox 2393 2522 2484 2577; x_wconf 87' lang='lat' dir='ltr'>ubi</span> <span class='ocrx_word' id='word_1_510' title='bbox 2516 2530 2817 2593; x_wconf 73' lang='lat' dir='ltr'>exaggerata</span> <span class='ocrx_word' id='word_1_511' title='bbox 2849 2518 3010 2574; x_wconf 85' lang='lat' dir='ltr'>multa</span> <span class='ocrx_word' id='word_1_512' title='bbox 3042 2536 3202 2572; x_wconf 83' lang='lat' dir='ltr'>arena</span> <span class='ocrx_word' id='word_1_513' title='bbox 3241 2527 3295 2571; x_wconf 89' lang='lat' dir='ltr'>et</span> <span class='ocrx_word' id='word_1_514' title='bbox 3319 2518 3536 2573; x_wconf 72' lang='lat' dir='ltr'>materie</span> <span class='ocrx_word' id='word_1_515' title='bbox 3559 2518 3807 2590; x_wconf 81' lang='lat' dir='ltr'>utrinque</span> 
     </span>
     <span class='ocr_line' id='line_1_71' title="bbox 2249 2602 3806 2683; baseline -0.003 -17"><span class='ocrx_word' id='word_1_516' title='bbox 2249 2611 2506 2683; x_wconf 72' lang='lat' dir='ltr'>stringens</span> <span class='ocrx_word' id='word_1_517' title='bbox 2529 2628 2620 2677; x_wconf 85' lang='lat' dir='ltr'>os,</span> <span class='ocrx_word' id='word_1_518' title='bbox 2657 2619 2711 2664; x_wconf 87' lang='lat' dir='ltr'>et</span> <span class='ocrx_word' id='word_1_519' title='bbox 2735 2608 2824 2662; x_wconf 76' lang='lat' dir='ltr'>via</span> <span class='ocrx_word' id='word_1_520' title='bbox 2849 2624 3128 2679; x_wconf 71' lang='lat' dir='ltr'>angustum</span> <span class='ocrx_word' id='word_1_521' title='bbox 3149 2602 3412 2678; x_wconf 87' lang='lat' dir='ltr'>quendam</span> <span class='ocrx_word' id='word_1_522' title='bbox 3439 2604 3588 2659; x_wconf 80' lang='lat' dir='ltr'>aditu</span> <span class='ocrx_word' id='word_1_523' title='bbox 3613 2604 3806 2661; x_wconf 85' lang='lat' dir='ltr'>diffici-</span> 
     </span>
     <span class='ocr_line' id='line_1_72' title="bbox 2248 2692 3803 2765; baseline -0.005 -12"><span class='ocrx_word' id='word_1_524' title='bbox 2248 2698 2351 2753; x_wconf 88' lang='lat' dir='ltr'>lem</span> <span class='ocrx_word' id='word_1_525' title='bbox 2378 2707 2606 2753; x_wconf 85' lang='lat' dir='ltr'>meatum</span> <span class='ocrx_word' id='word_1_526' title='bbox 2631 2696 2998 2761; x_wconf 85' lang='lat' dir='ltr'>intermittens,</span> <span class='ocrx_word' id='word_1_527' title='bbox 3027 2711 3136 2749; x_wconf 90' lang='lat' dir='ltr'>non</span> <span class='ocrx_word' id='word_1_528' title='bbox 3163 2692 3324 2748; x_wconf 87' lang='lat' dir='ltr'>modo</span> <span class='ocrx_word' id='word_1_529' title='bbox 3341 2694 3546 2765; x_wconf 74' lang='lat' dir='ltr'>magnis</span> <span class='ocrx_word' id='word_1_530' title='bbox 3573 2694 3803 2747; x_wconf 87' lang='lat' dir='ltr'>triremi·</span> 
     </span>
     <span class='ocr_line' id='line_1_73' title="bbox 2248 2778 3806 2851; baseline -0.003 -12"><span class='ocrx_word' id='word_1_531' title='bbox 2248 2784 2348 2840; x_wconf 87' lang='lat' dir='ltr'>bus</span> <span class='ocrx_word' id='word_1_532' title='bbox 2364 2823 2381 2851; x_wconf 92' lang='lat'>,</span> <span class='ocrx_word' id='word_1_533' title='bbox 2407 2781 2500 2839; x_wconf 86' lang='lat' dir='ltr'>sed</span> <span class='ocrx_word' id='word_1_534' title='bbox 2527 2793 2582 2838; x_wconf 92' lang='lat' dir='ltr'>et</span> <span class='ocrx_word' id='word_1_535' title='bbox 2606 2782 2822 2837; x_wconf 60' lang='lat' dir='ltr'>dimotis</span> <span class='ocrx_word' id='word_1_536' title='bbox 2847 2793 2900 2837; x_wconf 88' lang='lat' dir='ltr'>et</span> <span class='ocrx_word' id='word_1_537' title='bbox 2922 2780 3097 2835; x_wconf 82' lang='lat' dir='ltr'>vacuis</span> <span class='ocrx_word' id='word_1_538' title='bbox 3132 2778 3428 2851; x_wconf 74' lang='lat' dir='ltr'>navigiolis,</span> <span class='ocrx_word' id='word_1_539' title='bbox 3460 2778 3534 2833; x_wconf 91' lang='lat' dir='ltr'>ob</span> <span class='ocrx_word' id='word_1_540' title='bbox 3553 2778 3730 2834; x_wconf 87' lang='lat' dir='ltr'>brevia</span> <span class='ocrx_word' id='word_1_541' title='bbox 3752 2790 3806 2835; x_wconf 93' lang='lat' dir='ltr'>et</span> 
     </span>
     <span class='ocr_line' id='line_1_74' title="bbox 2249 2867 3806 2943; baseline -0.004 -16"><span class='ocrx_word' id='word_1_542' title='bbox 2249 2870 2401 2927; x_wconf 73' lang='lat' dir='ltr'>vada.</span> <span class='ocrx_word' id='word_1_543' title='bbox 2445 2874 2527 2927; x_wconf 81' lang='lat' dir='ltr'>Ex</span> <span class='ocrx_word' id='word_1_544' title='bbox 2553 2870 2792 2943; x_wconf 74' lang='lat' dir='ltr'>Dionysii</span> <span class='ocrx_word' id='word_1_545' title='bbox 2825 2869 2996 2925; x_wconf 86' lang='lat' dir='ltr'>verbis</span> <span class='ocrx_word' id='word_1_546' title='bbox 3036 2869 3312 2942; x_wconf 84' lang='lat' dir='ltr'>postremis</span> <span class='ocrx_word' id='word_1_547' title='bbox 3346 2867 3657 2940; x_wconf 85' lang='lat' dir='ltr'>percipitur,</span> <span class='ocrx_word' id='word_1_548' title='bbox 3686 2884 3806 2940; x_wconf 68' lang='lat' dir='ltr'>quae</span> 
     </span>
     <span class='ocr_line' id='line_1_75' title="bbox 2249 2953 3805 3028; baseline -0.004 -13"><span class='ocrx_word' id='word_1_549' title='bbox 2249 2958 2380 3015; x_wconf 76' lang='lat' dir='ltr'>fides</span> <span class='ocrx_word' id='word_1_550' title='bbox 2404 2956 2700 3014; x_wconf 78' lang='lat' dir='ltr'>adhibenda</span> <span class='ocrx_word' id='word_1_551' title='bbox 2723 2957 2790 3011; x_wconf 87' lang='lat' dir='ltr'>sit</span> <span class='ocrx_word' id='word_1_552' title='bbox 2814 2956 3107 3011; x_wconf 84' lang='lat' dir='ltr'>recentibus</span> <span class='ocrx_word' id='word_1_553' title='bbox 3129 2954 3469 3028; x_wconf 87' lang='lat' dir='ltr'>scriptoribus</span> <span class='ocrx_word' id='word_1_554' title='bbox 3497 2953 3805 3009; x_wconf 85' lang='lat' dir='ltr'>Blachernas</span> 
     </span>
     <span class='ocr_line' id='line_1_76' title="bbox 2251 3040 3806 3119; baseline -0.003 -17"><span class='ocrx_word' id='word_1_555' title='bbox 2251 3045 2574 3102; x_wconf 78' lang='lat' dir='ltr'>tradentibus</span> <span class='ocrx_word' id='word_1_556' title='bbox 2597 3064 2664 3102; x_wconf 84' lang='lat' dir='ltr'>ex</span> <span class='ocrx_word' id='word_1_557' title='bbox 2685 3064 2752 3101; x_wconf 89' lang='lat' dir='ltr'>eo</span> <span class='ocrx_word' id='word_1_558' title='bbox 2771 3044 3046 3119; x_wconf 84' lang='lat' dir='ltr'>appellatas</span> <span class='ocrx_word' id='word_1_559' title='bbox 3071 3042 3248 3108; x_wconf 79' lang='lat' dir='ltr'>fuisse,</span> <span class='ocrx_word' id='word_1_560' title='bbox 3273 3040 3419 3115; x_wconf 88' lang='lat' dir='ltr'>quod</span> <span class='ocrx_word' id='word_1_561' title='bbox 3448 3042 3520 3096; x_wconf 88' lang='lat' dir='ltr'>ibi</span> <span class='ocrx_word' id='word_1_562' title='bbox 3544 3042 3689 3097; x_wconf 86' lang='lat' dir='ltr'>sinus</span> <span class='ocrx_word' id='word_1_563' title='bbox 3715 3060 3806 3115; x_wconf 82' lang='lat' dir='ltr'>pa·</span> 
     </span>
     <span class='ocr_line' id='line_1_77' title="bbox 2252 3126 3806 3205; baseline -0.003 -18"><span class='ocrx_word' id='word_1_564' title='bbox 2252 3133 2429 3188; x_wconf 87' lang='lat' dir='ltr'>lustris</span> <span class='ocrx_word' id='word_1_565' title='bbox 2470 3134 2536 3188; x_wconf 87' lang='lat' dir='ltr'>sit</span> <span class='ocrx_word' id='word_1_566' title='bbox 2553 3172 2568 3199; x_wconf 91' lang='lat'>,</span> <span class='ocrx_word' id='word_1_567' title='bbox 2609 3141 2984 3205; x_wconf 82' lang='lat' dir='ltr'>proptereaque</span> <span class='ocrx_word' id='word_1_568' title='bbox 3023 3129 3274 3184; x_wconf 89' lang='lat' dir='ltr'>obrutum</span> <span class='ocrx_word' id='word_1_569' title='bbox 3309 3127 3465 3182; x_wconf 80' lang='lat' dir='ltr'>fuisse</span> <span class='ocrx_word' id='word_1_570' title='bbox 3489 3126 3674 3183; x_wconf 87' lang='lat' dir='ltr'>dicunt</span> <span class='ocrx_word' id='word_1_571' title='bbox 3707 3128 3806 3183; x_wconf 87' lang='lat' dir='ltr'>illis</span> 
     </span>
     <span class='ocr_line' id='line_1_78' title="bbox 2249 3214 3804 3292; baseline -0.004 -18"><span class='ocrx_word' id='word_1_572' title='bbox 2249 3218 2600 3292; x_wconf 83' lang='lat' dir='ltr'>temporibus,</span> <span class='ocrx_word' id='word_1_573' title='bbox 2639 3235 2764 3272; x_wconf 86' lang='lat' dir='ltr'>cum</span> <span class='ocrx_word' id='word_1_574' title='bbox 2803 3217 3098 3271; x_wconf 73' lang='lat' dir='ltr'>Marcianus</span> <span class='ocrx_word' id='word_1_575' title='bbox 3149 3225 3202 3269; x_wconf 86' lang='lat' dir='ltr'>et</span> <span class='ocrx_word' id='word_1_576' title='bbox 3238 3214 3512 3270; x_wconf 81' lang='lat' dir='ltr'>Pulcheria</span> <span class='ocrx_word' id='word_1_577' title='bbox 3555 3232 3804 3286; x_wconf 77' lang='lat' dir='ltr'>magnum</span> 
     </span>
     <span class='ocr_line' id='line_1_79' title="bbox 2250 3299 3807 3377; baseline -0.004 -17"><span class='ocrx_word' id='word_1_578' title='bbox 2250 3303 2503 3377; x_wconf 85' lang='lat' dir='ltr'>templum</span> <span class='ocrx_word' id='word_1_579' title='bbox 2519 3302 2922 3358; x_wconf 78' lang='lat' dir='ltr'>Blachernarum</span> <span class='ocrx_word' id='word_1_580' title='bbox 2939 3299 3279 3355; x_wconf 65' lang='lat' dir='ltr'>edificarunt.</span> <span class='ocrx_word' id='word_1_581' title='bbox 3306 3301 3510 3354; x_wconf 85' lang='lat' dir='ltr'>Verum</span> <span class='ocrx_word' id='word_1_582' title='bbox 3531 3300 3628 3354; x_wconf 87' lang='lat' dir='ltr'>etsi</span> <span class='ocrx_word' id='word_1_583' title='bbox 3651 3300 3807 3354; x_wconf 87' lang='lat' dir='ltr'>obru-</span> 
     </span>
     <span class='ocr_line' id='line_1_80' title="bbox 2250 3380 3850 3459; baseline -0.005 -13"><span class='ocrx_word' id='word_1_584' title='bbox 2250 3401 2338 3446; x_wconf 89' lang='lat' dir='ltr'>tus</span> <span class='ocrx_word' id='word_1_585' title='bbox 2373 3390 2498 3457; x_wconf 83' lang='lat' dir='ltr'>suit,</span> <span class='ocrx_word' id='word_1_586' title='bbox 2525 3400 2580 3445; x_wconf 89' lang='lat' dir='ltr'>et</span> <span class='ocrx_word' id='word_1_587' title='bbox 2604 3389 2776 3446; x_wconf 64' lang='lat' dir='ltr'>Greci</span> <span class='ocrx_word' id='word_1_588' title='bbox 2803 3388 2957 3459; x_wconf 72' lang='lat' dir='ltr'>vulgo</span> <span class='ocrx_word' id='word_1_589' title='bbox 2996 3388 3052 3440; x_wconf 91' lang='lat' dir='ltr'>in</span> <span class='ocrx_word' id='word_1_590' title='bbox 3097 3386 3242 3441; x_wconf 87' lang='lat' dir='ltr'>hunc</span> <span class='ocrx_word' id='word_1_591' title='bbox 3266 3384 3406 3439; x_wconf 72' lang='lat' dir='ltr'>die-</span> <span class='ocrx_word' id='word_1_592' title='bbox 3438 3385 3616 3439; x_wconf 86' lang='lat' dir='ltr'>locum</span> <span class='ocrx_word' id='word_1_593' title='bbox 3655 3386 3804 3457; x_wconf 76' lang='lat' dir='ltr'>palu·</span> <span class='ocrx_word' id='word_1_594' title='bbox 3844 3380 3850 3385; x_wconf 67' lang='grc'>’</span> 
     </span>
     <span class='ocr_line' id='line_1_81' title="bbox 2248 3464 3806 3550; baseline -0.004 -18"><span class='ocrx_word' id='word_1_595' title='bbox 2248 3486 2410 3533; x_wconf 83' lang='lat' dir='ltr'>strem</span> <span class='ocrx_word' id='word_1_596' title='bbox 2431 3476 2688 3550; x_wconf 85' lang='lat' dir='ltr'>appellare</span> <span class='ocrx_word' id='word_1_597' title='bbox 2712 3474 2912 3531; x_wconf 81' lang='lat' dir='ltr'>soleant</span> <span class='ocrx_word' id='word_1_598' title='bbox 2943 3464 3154 3546; x_wconf 72' lang='grc' dir='ltr'><strong>βλακόν,</strong></span> <span class='ocrx_word' id='word_1_599' title='bbox 3191 3470 3333 3527; x_wconf 87' lang='lat' dir='ltr'>unde</span> <span class='ocrx_word' id='word_1_600' title='bbox 3357 3472 3430 3526; x_wconf 86' lang='lat' dir='ltr'>illi</span> <span class='ocrx_word' id='word_1_601' title='bbox 3461 3482 3652 3545; x_wconf 84' lang='lat' dir='ltr'>putant</span> <span class='ocrx_word' id='word_1_602' title='bbox 3685 3471 3806 3526; x_wconf 82' lang='lat' dir='ltr'>Bla-</span> 
     </span>
     <span class='ocr_line' id='line_1_82' title="bbox 2250 3560 3804 3634; baseline -0.004 -13"><span class='ocrx_word' id='word_1_603' title='bbox 2250 3566 2471 3621; x_wconf 77' lang='lat' dir='ltr'>cher-nas</span> <span class='ocrx_word' id='word_1_604' title='bbox 2493 3574 2698 3619; x_wconf 76' lang='lat' dir='ltr'>voeetss</span> <span class='ocrx_word' id='word_1_605' title='bbox 2723 3562 2884 3619; x_wconf 76' lang='lat' dir='ltr'>fuisse</span> <span class='ocrx_word' id='word_1_606' title='bbox 2916 3578 2930 3617; x_wconf 90' lang='lat'><strong>:</strong></span> <span class='ocrx_word' id='word_1_607' title='bbox 2965 3571 3140 3617; x_wconf 84' lang='lat' dir='ltr'>tamen</span> <span class='ocrx_word' id='word_1_608' title='bbox 3165 3560 3418 3634; x_wconf 82' lang='lat' dir='ltr'>Dionysio</span> <span class='ocrx_word' id='word_1_609' title='bbox 3442 3560 3804 3633; x_wconf 84' lang='lat' dir='ltr'>antiquissimo</span> 
     </span>
     <span class='ocr_line' id='line_1_83' title="bbox 2250 3647 3277 3726; baseline -0.008 -19"><span class='ocrx_word' id='word_1_610' title='bbox 2250 3650 2490 3726; x_wconf 85' lang='lat' dir='ltr'>scriptori</span> <span class='ocrx_word' id='word_1_611' title='bbox 2512 3650 2688 3725; x_wconf 86' lang='lat' dir='ltr'>potius</span> <span class='ocrx_word' id='word_1_612' title='bbox 2709 3647 3030 3705; x_wconf 76' lang='lat' dir='ltr'>credendum</span> <span class='ocrx_word' id='word_1_613' title='bbox 3059 3664 3247 3718; x_wconf 66' lang='lat' dir='ltr'>censeo</span> <span class='ocrx_word' id='word_1_614' title='bbox 3261 3681 3277 3698; x_wconf 89' lang='grc'><strong>.</strong></span> 
     </span>
    </p>
   </div>
   <div class='ocr_carea' id='block_1_10' title="bbox 2904 3825 3268 3887">
    <p class='ocr_par' dir='ltr' id='par_1_12' title="bbox 2904 3825 3268 3887">
     <span class='ocr_line' id='line_1_84' title="bbox 2904 3825 3268 3887; baseline 0.003 -1"><span class='ocrx_word' id='word_1_615' title='bbox 2904 3825 3002 3887; x_wconf 82' lang='lat' dir='ltr'>Fr.</span> <span class='ocrx_word' id='word_1_616' title='bbox 3053 3836 3146 3887; x_wconf 76' lang='grc'>17.</span> <span class='ocrx_word' id='word_1_617' title='bbox 3263 3860 3268 3864; x_wconf 85' lang='grc'><strong>-</strong></span> 
     </span>
    </p>
   </div>
   <div class='ocr_carea' id='block_1_11' title="bbox 2246 3996 3807 4501">
    <p class='ocr_par' dir='ltr' id='par_1_13' title="bbox 2246 3996 3807 4501">
     <span class='ocr_line' id='line_1_85' title="bbox 2321 3996 3805 4070; baseline -0.001 -17"><span class='ocrx_word' id='word_1_618' title='bbox 2321 4000 2375 4053; x_wconf 86' lang='lat' dir='ltr'>Is</span> <span class='ocrx_word' id='word_1_619' title='bbox 2399 3996 2591 4053; x_wconf 87' lang='lat' dir='ltr'>deinde</span> <span class='ocrx_word' id='word_1_620' title='bbox 2616 3997 2932 4070; x_wconf 74' lang='lat' dir='ltr'>subjungens</span> <span class='ocrx_word' id='word_1_621' title='bbox 2960 4015 2976 4053; x_wconf 71' lang='grc' dir='ltr'>ε</span> <span class='ocrx_word' id='word_1_622' title='bbox 3001 3996 3196 4064; x_wconf 74' lang='lat' dir='ltr'>Maris,</span> <span class='ocrx_word' id='word_1_623' title='bbox 3224 3996 3428 4069; x_wconf 89' lang='lat' dir='ltr'>inquit,</span> <span class='ocrx_word' id='word_1_624' title='bbox 3459 3996 3697 4052; x_wconf 73' lang='lat' dir='ltr'>Hae-cidi</span> <span class='ocrx_word' id='word_1_625' title='bbox 3723 3998 3805 4052; x_wconf 80' lang='lat' dir='ltr'>ul-</span> 
     </span>
     <span class='ocr_line' id='line_1_86' title="bbox 2250 4082 3806 4159; baseline 0.001 -20"><span class='ocrx_word' id='word_1_626' title='bbox 2250 4084 2413 4140; x_wconf 82' lang='lat' dir='ltr'>timus</span> <span class='ocrx_word' id='word_1_627' title='bbox 2435 4084 2577 4140; x_wconf 78' lang='lat' dir='ltr'>Iocus</span> <span class='ocrx_word' id='word_1_628' title='bbox 2612 4084 2912 4159; x_wconf 78' lang='lat' dir='ltr'>appellatur</span> <span class='ocrx_word' id='word_1_629' title='bbox 2945 4082 3172 4140; x_wconf 76' lang='lat' dir='ltr'>Paludes</span> <span class='ocrx_word' id='word_1_630' title='bbox 3185 4124 3204 4149; x_wconf 87' lang='lat'>,</span> <span class='ocrx_word' id='word_1_631' title='bbox 3245 4102 3313 4139; x_wconf 75' lang='lat' dir='ltr'>ex</span> <span class='ocrx_word' id='word_1_632' title='bbox 3347 4102 3405 4138; x_wconf 89' lang='lat' dir='ltr'>eo</span> <span class='ocrx_word' id='word_1_633' title='bbox 3436 4082 3582 4158; x_wconf 78' lang='lat' dir='ltr'>quod</span> <span class='ocrx_word' id='word_1_634' title='bbox 3616 4086 3671 4139; x_wconf 86' lang='lat' dir='ltr'>in</span> <span class='ocrx_word' id='word_1_635' title='bbox 3712 4085 3806 4140; x_wconf 83' lang='lat' dir='ltr'>illo</span> 
     </span>
     <span class='ocr_line' id='line_1_87' title="bbox 2246 4168 3806 4241; baseline 0.001 -18"><span class='ocrx_word' id='word_1_636' title='bbox 2246 4168 2517 4224; x_wconf 78' lang='lat' dir='ltr'>subsideat</span> <span class='ocrx_word' id='word_1_637' title='bbox 2546 4169 2802 4224; x_wconf 81' lang='lat' dir='ltr'>lutulenta</span> <span class='ocrx_word' id='word_1_638' title='bbox 2829 4168 3108 4241; x_wconf 72' lang='lat' dir='ltr'>fluminum</span> <span class='ocrx_word' id='word_1_639' title='bbox 3139 4168 3376 4226; x_wconf 74' lang='lat' dir='ltr'>secessio,</span> <span class='ocrx_word' id='word_1_640' title='bbox 3408 4172 3530 4225; x_wconf 78' lang='lat' dir='ltr'>Non</span> <span class='ocrx_word' id='word_1_641' title='bbox 3560 4170 3699 4225; x_wconf 80' lang='lat' dir='ltr'>enim</span> <span class='ocrx_word' id='word_1_642' title='bbox 3741 4171 3806 4225; x_wconf 85' lang='lat' dir='ltr'>i!-</span> 
     </span>
     <span class='ocr_line' id='line_1_88' title="bbox 2250 4252 3799 4328; baseline 0.001 -19"><span class='ocrx_word' id='word_1_643' title='bbox 2250 4255 2357 4309; x_wconf 78' lang='lat' dir='ltr'>Iius</span> <span class='ocrx_word' id='word_1_644' title='bbox 2381 4253 2576 4309; x_wconf 74' lang='lat' dir='ltr'>wdutn</span> <span class='ocrx_word' id='word_1_645' title='bbox 2591 4272 2767 4319; x_wconf 77' lang='lat' dir='ltr'>arena,</span> <span class='ocrx_word' id='word_1_646' title='bbox 2785 4252 2880 4309; x_wconf 85' lang='lat' dir='ltr'>sed</span> <span class='ocrx_word' id='word_1_647' title='bbox 2889 4272 3026 4309; x_wconf 74' lang='lat' dir='ltr'>coeno</span> <span class='ocrx_word' id='word_1_648' title='bbox 3045 4266 3234 4309; x_wconf 68' lang='lat' dir='ltr'>tectim·</span> <span class='ocrx_word' id='word_1_649' title='bbox 3252 4265 3348 4319; x_wconf 86' lang='lat' dir='ltr'>est,</span> <span class='ocrx_word' id='word_1_650' title='bbox 3370 4272 3528 4328; x_wconf 80' lang='lat' dir='ltr'>neque</span> <span class='ocrx_word' id='word_1_651' title='bbox 3543 4256 3799 4323; x_wconf 61' lang='lat' dir='ltr'>navigiis,</span> 
     </span>
     <span class='ocr_line' id='line_1_89' title="bbox 2246 4338 3807 4415; baseline 0.002 -21"><span class='ocrx_word' id='word_1_652' title='bbox 2246 4339 2360 4395; x_wconf 89' lang='lat' dir='ltr'>nisi</span> <span class='ocrx_word' id='word_1_653' title='bbox 2383 4339 2680 4415; x_wconf 75' lang='lat' dir='ltr'>perparvis,</span> <span class='ocrx_word' id='word_1_654' title='bbox 2705 4339 3026 4409; x_wconf 71' lang='lat' dir='ltr'>navigabilis</span> <span class='ocrx_word' id='word_1_655' title='bbox 3051 4351 3150 4398; x_wconf 88' lang='lat' dir='ltr'>est.</span> <span class='ocrx_word' id='word_1_656' title='bbox 3189 4338 3320 4395; x_wconf 85' lang='lat' dir='ltr'>Inde</span> <span class='ocrx_word' id='word_1_657' title='bbox 3355 4358 3552 4395; x_wconf 80' lang='lat' dir='ltr'>coenum</span> <span class='ocrx_word' id='word_1_658' title='bbox 3584 4342 3807 4397; x_wconf 76' lang='lat' dir='ltr'>sublime</span> 
     </span>
     <span class='ocr_line' id='line_1_90' title="bbox 2248 4424 3805 4501; baseline 0.001 -20"><span class='ocrx_word' id='word_1_659' title='bbox 2248 4444 2408 4500; x_wconf 78' lang='lat' dir='ltr'>usque</span> <span class='ocrx_word' id='word_1_660' title='bbox 2426 4426 2502 4481; x_wconf 81' lang='lat' dir='ltr'>ad</span> <span class='ocrx_word' id='word_1_661' title='bbox 2518 4426 2693 4482; x_wconf 72' lang='lat' dir='ltr'>exitus</span> <span class='ocrx_word' id='word_1_662' title='bbox 2709 4425 2994 4497; x_wconf 77' lang='lat' dir='ltr'>fluminum</span> <span class='ocrx_word' id='word_1_663' title='bbox 3007 4466 3025 4492; x_wconf 91' lang='lat'>,</span> <span class='ocrx_word' id='word_1_664' title='bbox 3057 4444 3276 4501; x_wconf 78' lang='lat' dir='ltr'>quorum</span> <span class='ocrx_word' id='word_1_665' title='bbox 3305 4436 3516 4500; x_wconf 77' lang='lat' dir='ltr'>uterque</span> <span class='ocrx_word' id='word_1_666' title='bbox 3526 4424 3711 4497; x_wconf 78' lang='lat' dir='ltr'>fertur</span> <span class='ocrx_word' id='word_1_667' title='bbox 3729 4448 3805 4483; x_wconf 84' lang='lat' dir='ltr'>se-</span> 
     </span>
    </p>
   </div>
   <div class='ocr_carea' id='block_1_12' title="bbox 2242 4510 3808 4587">
    <p class='ocr_par' dir='ltr' id='par_1_14' title="bbox 2242 4510 3808 4587">
     <span class='ocr_line' id='line_1_91' title="bbox 2242 4510 3808 4587; baseline 0.003 -21"><span class='ocrx_word' id='word_1_668' title='bbox 2242 4524 2472 4587; x_wconf 80' lang='lat' dir='ltr'>pamtns</span> <span class='ocrx_word' id='word_1_669' title='bbox 2504 4512 2574 4568; x_wconf 78' lang='lat' dir='ltr'>ab</span> <span class='ocrx_word' id='word_1_670' title='bbox 2608 4513 2774 4569; x_wconf 72' lang='lat' dir='ltr'>altero</span> <span class='ocrx_word' id='word_1_671' title='bbox 2793 4534 2816 4579; x_wconf 86' lang='lat'>,-</span> <span class='ocrx_word' id='word_1_672' title='bbox 2857 4510 2913 4567; x_wconf 84' lang='lat' dir='ltr'>in</span> <span class='ocrx_word' id='word_1_673' title='bbox 2942 4512 3092 4567; x_wconf 73' lang='lat' dir='ltr'>etita</span> <span class='ocrx_word' id='word_1_674' title='bbox 3127 4512 3279 4568; x_wconf 81' lang='lat' dir='ltr'>ambo</span> <span class='ocrx_word' id='word_1_675' title='bbox 3303 4514 3706 4584; x_wconf 72' lang='lat' dir='ltr'>conjunguntur,</span> <span class='ocrx_word' id='word_1_676' title='bbox 3755 4530 3808 4571; x_wconf 86' lang='lat' dir='ltr'>et</span> 
     </span>
    </p>
   </div>
   <div class='ocr_carea' id='block_1_13' title="bbox 2247 4599 3808 4762">
    <p class='ocr_par' dir='ltr' id='par_1_15' title="bbox 2247 4599 3808 4762">
     <span class='ocr_line' id='line_1_92' title="bbox 2249 4599 3806 4676; baseline 0.002 -21"><span class='ocrx_word' id='word_1_677' title='bbox 2249 4600 2394 4656; x_wconf 81' lang='lat' dir='ltr'>velut</span> <span class='ocrx_word' id='word_1_678' title='bbox 2426 4619 2527 4676; x_wconf 78' lang='lat' dir='ltr'>per</span> <span class='ocrx_word' id='word_1_679' title='bbox 2565 4618 2724 4656; x_wconf 78' lang='lat' dir='ltr'>unum</span> <span class='ocrx_word' id='word_1_680' title='bbox 2754 4599 2948 4656; x_wconf 77' lang='lat' dir='ltr'>ostium</span> <span class='ocrx_word' id='word_1_681' title='bbox 2972 4612 3160 4655; x_wconf 69' lang='lat' dir='ltr'>exeunt</span> <span class='ocrx_word' id='word_1_682' title='bbox 3201 4600 3258 4655; x_wconf 79' lang='lat' dir='ltr'>in</span> <span class='ocrx_word' id='word_1_683' title='bbox 3293 4600 3470 4655; x_wconf 78' lang='lat' dir='ltr'>sinum</span> <span class='ocrx_word' id='word_1_684' title='bbox 3511 4604 3696 4660; x_wconf 81' lang='lat' dir='ltr'>Cornu.</span> <span class='ocrx_word' id='word_1_685' title='bbox 3741 4608 3806 4658; x_wconf 83' lang='lat' dir='ltr'>In</span> 
     </span>
     <span class='ocr_line' id='line_1_93' title="bbox 2247 4687 3808 4762; baseline 0.001 -20"><span class='ocrx_word' id='word_1_686' title='bbox 2247 4688 2434 4743; x_wconf 82' lang='lat' dir='ltr'>mediis</span> <span class='ocrx_word' id='word_1_687' title='bbox 2456 4687 2748 4762; x_wconf 82' lang='lat' dir='ltr'>paludibus</span> <span class='ocrx_word' id='word_1_688' title='bbox 2782 4688 2934 4743; x_wconf 69' lang='lat' dir='ltr'>boam</span> <span class='ocrx_word' id='word_1_689' title='bbox 2971 4687 3265 4744; x_wconf 76' lang='lat' dir='ltr'>nutricibus</span> <span class='ocrx_word' id='word_1_690' title='bbox 3292 4699 3418 4742; x_wconf 80' lang='lat' dir='ltr'>sunt</span> <span class='ocrx_word' id='word_1_691' title='bbox 3446 4700 3612 4762; x_wconf 77' lang='lat' dir='ltr'>prata</span> <span class='ocrx_word' id='word_1_692' title='bbox 3633 4690 3808 4744; x_wconf 69' lang='lat' dir='ltr'>uhecvs</span> 
     </span>
    </p>
   </div>
   <div class='ocr_carea' id='block_1_14' title="bbox 2242 4772 3817 4847">
    <p class='ocr_par' dir='ltr' id='par_1_16' title="bbox 2242 4772 3817 4847">
     <span class='ocr_line' id='line_1_94' title="bbox 2242 4772 3817 4847; baseline 0.001 -20"><span class='ocrx_word' id='word_1_693' title='bbox 2242 4772 2512 4847; x_wconf 82' lang='lat' dir='ltr'>pastiones</span> <span class='ocrx_word' id='word_1_694' title='bbox 2537 4772 2818 4843; x_wconf 76' lang='lat' dir='ltr'>largientia</span> <span class='ocrx_word' id='word_1_695' title='bbox 2831 4814 2848 4839; x_wconf 87' lang='lat'>,</span> <span class='ocrx_word' id='word_1_696' title='bbox 2869 4772 3029 4829; x_wconf 80' lang='lat' dir='ltr'>etiam</span> <span class='ocrx_word' id='word_1_697' title='bbox 3061 4772 3252 4828; x_wconf 80' lang='lat' dir='ltr'>cervis.</span> <span class='ocrx_word' id='word_1_698' title='bbox 3290 4776 3404 4829; x_wconf 76' lang='lat' dir='ltr'>Hos</span> <span class='ocrx_word' id='word_1_699' title='bbox 3419 4773 3548 4828; x_wconf 84' lang='lat' dir='ltr'>deus</span> <span class='ocrx_word' id='word_1_700' title='bbox 3573 4772 3817 4844; x_wconf 71' lang='lat' dir='ltr'>designe-</span> 
     </span>
    </p>
   </div>
   <div class='ocr_carea' id='block_1_15' title="bbox 609 4970 3806 5212">
    <p class='ocr_par' dir='ltr' id='par_1_17' title="bbox 609 4970 3806 5212">
     <span class='ocr_line' id='line_1_95' title="bbox 680 4970 3806 5055; baseline -0.004 -14"><span class='ocrx_word' id='word_1_701' title='bbox 680 4989 775 5041; x_wconf 74' lang='lat' dir='ltr'>Fr.</span> <span class='ocrx_word' id='word_1_702' title='bbox 801 5001 885 5055; x_wconf 87' lang='lat'>¹7·</span> <span class='ocrx_word' id='word_1_703' title='bbox 898 4985 1013 5037; x_wconf 75' lang='lat' dir='ltr'>llos</span> <span class='ocrx_word' id='word_1_704' title='bbox 1027 4980 1153 5037; x_wconf 79' lang='lat' dir='ltr'>deus</span> <span class='ocrx_word' id='word_1_705' title='bbox 1165 4978 1493 5051; x_wconf 76' lang='lat' dir='ltr'>designavit]</span> <span class='ocrx_word' id='word_1_706' title='bbox 1510 4976 1852 5051; x_wconf 74' lang='lat' dir='ltr'>Exspectnbns</span> <span class='ocrx_word' id='word_1_707' title='bbox 1874 4970 2018 5031; x_wconf 80' lang='lat' dir='ltr'>:H‘os</span> <span class='ocrx_word' id='word_1_708' title='bbox 2034 4974 2162 5031; x_wconf 84' lang='lat' dir='ltr'>deus</span> <span class='ocrx_word' id='word_1_709' title='bbox 2254 4985 2540 5049; x_wconf 83' lang='lat' dir='ltr'>comparat.</span> <span class='ocrx_word' id='word_1_710' title='bbox 2570 4975 2849 5049; x_wconf 83' lang='lat' dir='ltr'>Dionysius</span> <span class='ocrx_word' id='word_1_711' title='bbox 2875 4975 3038 5030; x_wconf 84' lang='lat' dir='ltr'>varias</span> <span class='ocrx_word' id='word_1_712' title='bbox 3078 4972 3148 5029; x_wconf 87' lang='lat' dir='ltr'>de</span> <span class='ocrx_word' id='word_1_713' title='bbox 3171 4974 3402 5047; x_wconf 79' lang='lat' dir='ltr'>Byzantii</span> <span class='ocrx_word' id='word_1_714' title='bbox 3441 4972 3806 5028; x_wconf 87' lang='lat' dir='ltr'>conditoribus</span> 
     </span>
     <span class='ocr_line' id='line_1_96' title="bbox 609 5051 3806 5133; baseline -0.004 -14"><span class='ocrx_word' id='word_1_715' title='bbox 609 5064 909 5133; x_wconf 72' lang='lat' dir='ltr'>designasse</span> <span class='ocrx_word' id='word_1_716' title='bbox 946 5060 1243 5124; x_wconf 74' lang='lat' dir='ltr'>videbatur,</span> <span class='ocrx_word' id='word_1_717' title='bbox 1302 5076 1466 5130; x_wconf 88' lang='lat' dir='ltr'>quum</span> <span class='ocrx_word' id='word_1_718' title='bbox 1510 5058 1617 5130; x_wconf 84' lang='lat' dir='ltr'>ipse</span> <span class='ocrx_word' id='word_1_719' title='bbox 1665 5055 1946 5127; x_wconf 81' lang='lat' dir='ltr'>Dionysius</span> <span class='ocrx_word' id='word_1_720' title='bbox 1985 5062 2165 5127; x_wconf 82' lang='lat' dir='ltr'>postea</span> <span class='ocrx_word' id='word_1_721' title='bbox 2256 5054 2606 5121; x_wconf 80' lang='lat' dir='ltr'>nan-ationes,</span> <span class='ocrx_word' id='word_1_722' title='bbox 2635 5072 2767 5127; x_wconf 88' lang='lat' dir='ltr'>quas</span> <span class='ocrx_word' id='word_1_723' title='bbox 2799 5053 2933 5109; x_wconf 87' lang='lat' dir='ltr'>bene</span> <span class='ocrx_word' id='word_1_724' title='bbox 2973 5051 3214 5107; x_wconf 83' lang='lat' dir='ltr'>distinxit</span> <span class='ocrx_word' id='word_1_725' title='bbox 3249 5052 3539 5125; x_wconf 74' lang='lat' dir='ltr'>Hesychius</span> <span class='ocrx_word' id='word_1_726' title='bbox 3572 5052 3806 5106; x_wconf 80' lang='lat' dir='ltr'>Milesius</span> 
     </span>
     <span class='ocr_line' id='line_1_97' title="bbox 610 5128 3803 5212; baseline -0.004 -15"><span class='ocrx_word' id='word_1_727' title='bbox 610 5143 703 5211; x_wconf 83' lang='lat' dir='ltr'>(fr.</span> <span class='ocrx_word' id='word_1_728' title='bbox 734 5143 822 5212; x_wconf 83' lang='lat'>18)</span> <span class='ocrx_word' id='word_1_729' title='bbox 842 5151 1019 5195; x_wconf 85' lang='lat' dir='ltr'>narret</span> <span class='ocrx_word' id='word_1_730' title='bbox 1044 5141 1256 5195; x_wconf 80' lang='lat' dir='ltr'>Graecos</span> <span class='ocrx_word' id='word_1_731' title='bbox 1275 5136 1363 5191; x_wconf 88' lang='lat' dir='ltr'>dei</span> <span class='ocrx_word' id='word_1_732' title='bbox 1386 5146 1589 5192; x_wconf 89' lang='lat' dir='ltr'>ostento</span> <span class='ocrx_word' id='word_1_733' title='bbox 1609 5134 1833 5189; x_wconf 86' lang='lat' dir='ltr'>monitos</span> <span class='ocrx_word' id='word_1_734' title='bbox 1860 5134 2165 5206; x_wconf 76' lang='lat' dir='ltr'>Byzantium</span> <span class='ocrx_word' id='word_1_735' title='bbox 2256 5151 2312 5206; x_wconf 87' lang='lat' dir='ltr'>p.</span> <span class='ocrx_word' id='word_1_736' title='bbox 2345 5137 2465 5201; x_wconf 69' lang='lat'>147,</span> <span class='ocrx_word' id='word_1_737' title='bbox 2492 5134 2563 5188; x_wconf 88' lang='lat' dir='ltr'>ita</span> <span class='ocrx_word' id='word_1_738' title='bbox 2587 5132 2854 5188; x_wconf 86' lang='lat' dir='ltr'>miscuisse</span> <span class='ocrx_word' id='word_1_739' title='bbox 2878 5130 3086 5186; x_wconf 83' lang='lat' dir='ltr'>videtur</span> <span class='ocrx_word' id='word_1_740' title='bbox 3117 5141 3179 5185; x_wconf 91' lang='lat' dir='ltr'>ut</span> <span class='ocrx_word' id='word_1_741' title='bbox 3200 5131 3388 5185; x_wconf 86' lang='lat' dir='ltr'>urbem</span> <span class='ocrx_word' id='word_1_742' title='bbox 3427 5128 3694 5185; x_wconf 83' lang='lat' dir='ltr'>conditam</span> <span class='ocrx_word' id='word_1_743' title='bbox 3721 5130 3803 5184; x_wconf 84' lang='lat' dir='ltr'>di-</span> 
     </span>
    </p>
   </div>
   <div class='ocr_carea' id='block_1_16' title="bbox 606 5212 2166 5453">
    <p class='ocr_par' dir='ltr' id='par_1_18' title="bbox 606 5212 2166 5453">
     <span class='ocr_line' id='line_1_98' title="bbox 611 5212 2165 5293; baseline -0.006 -16"><span class='ocrx_word' id='word_1_744' title='bbox 611 5224 665 5277; x_wconf 88' lang='lat' dir='ltr'>in</span> <span class='ocrx_word' id='word_1_745' title='bbox 692 5221 951 5293; x_wconf 87' lang='lat' dir='ltr'>Bosporio</span> <span class='ocrx_word' id='word_1_746' title='bbox 977 5218 1341 5293; x_wconf 86' lang='lat' dir='ltr'>promontorio</span> <span class='ocrx_word' id='word_1_747' title='bbox 1376 5214 1694 5282; x_wconf 79' lang='lat' dir='ltr'>condidisse3</span> <span class='ocrx_word' id='word_1_748' title='bbox 1722 5212 1867 5287; x_wconf 86' lang='lat' dir='ltr'>quod</span> <span class='ocrx_word' id='word_1_749' title='bbox 1891 5231 1961 5268; x_wconf 87' lang='lat' dir='ltr'>ne</span> <span class='ocrx_word' id='word_1_750' title='bbox 1993 5213 2165 5267; x_wconf 83' lang='lat' dir='ltr'>verbis</span> 
     </span>
     <span class='ocr_line' id='line_1_99' title="bbox 606 5293 2163 5368; baseline -0.007 -11"><span class='ocrx_word' id='word_1_751' title='bbox 606 5300 809 5357; x_wconf 77' lang='lat' dir='ltr'>oraculi</span> <span class='ocrx_word' id='word_1_752' title='bbox 850 5300 1173 5355; x_wconf 87' lang='lat' dir='ltr'>contrarium</span> <span class='ocrx_word' id='word_1_753' title='bbox 1214 5307 1374 5364; x_wconf 84' lang='lat' dir='ltr'>esset,</span> <span class='ocrx_word' id='word_1_754' title='bbox 1404 5294 1584 5368; x_wconf 67' lang='grc' dir='ltr'>ἔλαφον</span> <span class='ocrx_word' id='word_1_755' title='bbox 1621 5312 1801 5348; x_wconf 86' lang='lat' dir='ltr'>vocem</span> <span class='ocrx_word' id='word_1_756' title='bbox 1842 5293 2163 5366; x_wconf 81' lang='lat' dir='ltr'>interpretati</span> 
     </span>
     <span class='ocr_line' id='line_1_100' title="bbox 609 5372 2166 5453; baseline -0.006 -18"><span class='ocrx_word' id='word_1_757' title='bbox 609 5380 807 5435; x_wconf 80' lang='lat' dir='ltr'>suerint</span> <span class='ocrx_word' id='word_1_758' title='bbox 826 5378 896 5434; x_wconf 87' lang='lat' dir='ltr'>de</span> <span class='ocrx_word' id='word_1_759' title='bbox 916 5379 1028 5453; x_wconf 89' lang='lat' dir='ltr'>ipse</span> <span class='ocrx_word' id='word_1_760' title='bbox 1048 5379 1198 5445; x_wconf 86' lang='lat' dir='ltr'>sinu,</span> <span class='ocrx_word' id='word_1_761' title='bbox 1226 5395 1385 5450; x_wconf 87' lang='lat' dir='ltr'>quem</span> <span class='ocrx_word' id='word_1_762' title='bbox 1408 5392 1529 5431; x_wconf 88' lang='lat' dir='ltr'>cum</span> <span class='ocrx_word' id='word_1_763' title='bbox 1556 5374 1769 5428; x_wconf 79' lang='lat' dir='ltr'>oervino</span> <span class='ocrx_word' id='word_1_764' title='bbox 1792 5390 1959 5427; x_wconf 81' lang='lat' dir='ltr'>cornu</span> <span class='ocrx_word' id='word_1_765' title='bbox 1978 5372 2166 5427; x_wconf 73' lang='lat' dir='ltr'>Strabo</span> 
     </span>
    </p>
   </div>
   <div class='ocr_carea' id='block_1_17' title="bbox 2254 5208 3803 5365">
    <p class='ocr_par' dir='ltr' id='par_1_19' title="bbox 2254 5208 3803 5365">
     <span class='ocr_line' id='line_1_101' title="bbox 2254 5208 3803 5284; baseline -0.003 -18"><span class='ocrx_word' id='word_1_766' title='bbox 2254 5222 2396 5266; x_wconf 77' lang='lat' dir='ltr'>cenet</span> <span class='ocrx_word' id='word_1_767' title='bbox 2420 5230 2452 5267; x_wconf 82' lang='lat' dir='ltr'>a</span> <span class='ocrx_word' id='word_1_768' title='bbox 2475 5213 2726 5284; x_wconf 85' lang='lat' dir='ltr'>Byzantc,</span> <span class='ocrx_word' id='word_1_769' title='bbox 2754 5212 3009 5267; x_wconf 74' lang='lat' dir='ltr'>Ccroessoe</span> <span class='ocrx_word' id='word_1_770' title='bbox 3034 5208 3174 5275; x_wconf 79' lang='lat' dir='ltr'>filio,</span> <span class='ocrx_word' id='word_1_771' title='bbox 3201 5210 3510 5264; x_wconf 71' lang='lat' dir='ltr'>Graecorum</span> <span class='ocrx_word' id='word_1_772' title='bbox 3537 5208 3673 5262; x_wconf 86' lang='lat' dir='ltr'>duce</span> <span class='ocrx_word' id='word_1_773' title='bbox 3715 5226 3803 5262; x_wconf 86' lang='lat' dir='ltr'>co·</span> 
     </span>
     <span class='ocr_line' id='line_1_102' title="bbox 2254 5286 3797 5365; baseline -0.003 -19"><span class='ocrx_word' id='word_1_774' title='bbox 2254 5291 2498 5347; x_wconf 86' lang='lat' dir='ltr'>lonorum</span> <span class='ocrx_word' id='word_1_775' title='bbox 2537 5291 2624 5365; x_wconf 88' lang='lat' dir='ltr'>(v.</span> <span class='ocrx_word' id='word_1_776' title='bbox 2655 5288 2721 5344; x_wconf 83' lang='lat' dir='ltr'>fr.</span> <span class='ocrx_word' id='word_1_777' title='bbox 2765 5288 2892 5364; x_wconf 83' lang='lat'>18).</span> <span class='ocrx_word' id='word_1_778' title='bbox 2914 5318 2988 5331; x_wconf 89' lang='lat'>—</span> <span class='ocrx_word' id='word_1_779' title='bbox 3021 5288 3308 5343; x_wconf 82' lang='lat' dir='ltr'>oraculum</span> <span class='ocrx_word' id='word_1_780' title='bbox 3333 5286 3495 5342; x_wconf 78' lang='lat' dir='ltr'>habes</span> <span class='ocrx_word' id='word_1_781' title='bbox 3513 5288 3671 5342; x_wconf 80' lang='lat' dir='ltr'>etiam</span> <span class='ocrx_word' id='word_1_782' title='bbox 3713 5306 3797 5361; x_wconf 78' lang='lat' dir='ltr'>sp.</span> 
     </span>
    </p>
   </div>
   <div class='ocr_carea' id='block_1_18' title="bbox 2254 5367 3798 5444">
    <p class='ocr_par' dir='ltr' id='par_1_20' title="bbox 2254 5367 3798 5444">
     <span class='ocr_line' id='line_1_103' title="bbox 2254 5367 3798 5444; baseline -0.003 -17"><span class='ocrx_word' id='word_1_783' title='bbox 2254 5371 2478 5444; x_wconf 80' lang='lat' dir='ltr'>Hesycb.</span> <span class='ocrx_word' id='word_1_784' title='bbox 2501 5368 2536 5428; x_wconf 90' lang='lat' dir='ltr'>l.</span> <span class='ocrx_word' id='word_1_785' title='bbox 2555 5370 2617 5438; x_wconf 83' lang='lat' dir='ltr'>l.;</span> <span class='ocrx_word' id='word_1_786' title='bbox 2632 5367 2912 5437; x_wconf 67' lang='lat' dir='ltr'>audinum</span> <span class='ocrx_word' id='word_1_787' title='bbox 2926 5368 3244 5443; x_wconf 84' lang='lat' dir='ltr'>Stephanum</span> <span class='ocrx_word' id='word_1_788' title='bbox 3262 5369 3406 5441; x_wconf 84' lang='lat' dir='ltr'>Byz.,</span> <span class='ocrx_word' id='word_1_789' title='bbox 3436 5386 3504 5422; x_wconf 83' lang='lat' dir='ltr'>ex</span> <span class='ocrx_word' id='word_1_790' title='bbox 3524 5388 3693 5441; x_wconf 87' lang='lat' dir='ltr'>eoque</span> <span class='ocrx_word' id='word_1_791' title='bbox 3713 5388 3798 5442; x_wconf 76' lang='lat' dir='ltr'>ap.</span> 
     </span>
    </p>
   </div>
  </div>
 </body>
</html>
