4584 6284
1841 533 1942 596 Ex
1982 532 2400 596 STRABole
2448 535 2597 596 LlB.
2658 535 2785 596 XV.

3788 551 3893 602 621

717 672 773 730 οὗ
807 673 1149 749 κατορθοῦσιν
1185 669 1447 746 ἀπιμελῶς
1484 665 1805 744 ἀπιστήμην,
1838 668 1908 734 ὧς
1947 664 2010 726 ἃν
2038 688 2258 745 κακουρ-
2354 674 2563 730 discunt
2586 687 2778 748 preter
2808 654 3117 732 medicinam
3137 716 3153 742 ,
3179 689 3426 752 tanquam
3456 695 3673 747 octeroe,
3694 683 3738 735 si
3766 682 3904 738 ultra

721 759 926 834 γουσῶν
952 761 1059 817 τῶν
1082 755 1256 816 ἄλλων
1274 801 1291 833 ,
1320 757 1368 816 εἰ
1386 751 1544 814 πλέον
1562 759 1654 816 vois*
1681 753 1895 835 μετρίου
1922 751 2260 816 διδάσκοιντο.

715 843 852 917 Δίκη
878 843 933 903 δὲ
959 843 1088 923 παρ’
1113 846 1285 909 αὐτοῖς
1312 846 1407 904 ούκ
1437 844 1548 902 ἔστι
1574 838 1713 915 πλὴν
1751 841 1908 922 φόνου
1932 842 2021 901 καὶ
2050 840 2262 922 ὗὸρεως·

714 937 882 990 ταῦτα
925 929 1027 1010 γὰρ
1057 930 1150 989 οὒκ
1185 930 1266 1009 ἐφ’
1305 929 1430 1006 ἡμῖν
1478 925 1593 988 ἔστι
1633 933 1847 1004 παθεῖν,
1893 926 1960 987 τὰ
2003 927 2049 986 δ’
2083 930 2136 987 ἐν
2161 928 2266 994 τοῖς

719 1019 1061 1098 συμόολαίοις
1102 1017 1182 1098 ἐφ’
1215 1018 1368 1095 ἡμῖν,
1398 1017 1488 1077 καὶ
1529 1019 1610 1078 δεῖ
1649 1018 2100 1098 πολυπραγμονεῖν
2135 1013 2263 1094 πρό·

715 1132 865 1189 τερον
885 1153 902 1183 ,
935 1105 1056 1187 πρὶν
1087 1104 1390 1188 ἐξαπατηθῇ
1429 1129 1540 1185 τις,
1581 1103 1668 1165 ἵνα
1710 1103 1786 1184 μὴ
1816 1105 1970 1164 δικῶν
1997 1095 2034 1184 ἥ
2059 1103 2263 1183 πλήρης

716 1203 751 1270 ἡ
777 1219 792 1234 ·
815 1195 860 1254 ὦ
893 1217 947 1254 α.

779 1218 892 1345 Am?
921 1280 1054 1346 Ὅτι
1082 1283 1136 1340 ἐν
1165 1280 1330 1360 Ἰνδία
1368 1279 1587 1362 τίγριδες
1621 1277 1849 1358 γίνονται
1884 1276 2146 1339 διπλάσιοι
2189 1280 2264 1356 τῷ

719 1370 928 1451 μεγέθει
948 1369 1193 1444 λεόντων,
1221 1368 1310 1428 καὶ
1341 1365 1673 1449 ἰσχυρότατοι
1711 1365 1764 1427 δὲ
1789 1370 1998 1426 πάντων
2028 1362 2260 1443 μάλιστα

718 1459 963 1520 λεόντων.

799 1567 873 1609 17.
910 1541 1042 1607 Ὅτι
1066 1545 1219 1628 φασὶν
1249 1545 1300 1604 ἀν
1329 1541 1490 1626 Ἰνδία
1525 1541 1692 1610 λίθους
1720 1540 2024 1622 ὀρύττεσθαι
2049 1537 2260 1599 λιὸανο·

717 1635 934 1718 χρόους,
960 1633 1296 1716 γλυκυτέρους
1317 1632 1508 1692 σύκων·
1536 1630 1626 1691 καὶ
1646 1631 1788 1713 ὄφεις
1817 1625 2267 1710 ὖμενοπτερωτοὶος

719 1723 811 1782 καὶ
838 1719 1135 1801 σκορπίους.

799 1829 869 1870 ts.
900 1808 1025 1872 Ὅτι
1051 1809 1106 1866 ἐν
1125 1806 1286 1890 Ἰνδία
1315 1803 1678 1882 ᾶλκιμώτατοί
1708 1805 1810 1864 εἰσι
1837 1801 2019 1874 κύνες,
2047 1803 2104 1862 οὗ
2129 1800 2264 1882 πρό-

715 1918 861 1976 τερον
906 1895 1168 1972 μεθιέντες
1213 1899 1306 1955 τοῦ
1351 1893 1618 1972 δήγματος
1635 1936 1653 1966 ,
1689 1891 1814 1971 πρὶν
1849 1889 1989 1969 ὕδωρ
2037 1891 2108 1956 εἰς
2151 1888 2267 1958 τοὺς

713 1982 956 2052 ὂῶθωνας
994 1985 1168 2044 αὐτῶν
1202 1985 1445 2064 χυθῆναι·
1479 1979 1628 2048 ἰνίοις
1667 1979 1722 2040 δὲ
1759 1978 1862 2038 ὑπὸ
1888 1975 2180 2058 προθυμίας
2212 1980 2264 2037 ἐν

713 2077 789 2155 τῷ
813 2073 1050 2152 δήγματι
1074 2072 1476 2153 διαστρέφεσθαι
1502 2067 1621 2137 τοὺς
1644 2065 1944 2149 ὀφθαλμούς
1983 2087 2139 2147 φασι,
2164 2069 2269 2133 τοῖς

717 2160 770 2220 δὲ
799 2161 891 2220 καὶ
911 2156 1204 2219 ἐκπίπτειν·
1233 2157 1550 2240 κατέχεσθαι
1585 2155 1640 2214 δὲ
1662 2153 1755 2216 καὶ
1781 2154 1968 2214 λίοντα
1998 2152 2099 2213 ὖπδ
2117 2153 2268 2222 κυνὸς

718 2248 810 2308 καὶ
827 2252 1044 2326 ταῦρον,
1074 2246 1164 2307 τὶν
1193 2246 1250 2305 δὲ
1271 2251 1460 2326 ταῦρον
1486 2243 1578 2305 καὶ
1600 2243 1898 2322 ἀποθανεῖν,
1922 2238 2270 2322 κρατούμενον

723 2336 830 2395 ἀπὸ
856 2341 952 2395 τοῦ
984 2334 1227 2416 ῥύγχους.

799 2442 871 2482 ιν.
935 2422 1062 2483 Ὅτι
1097 2424 1153 2482 ἰν
1178 2426 1246 2502 τῇ
1269 2424 1440 2503 ὀρεινῇ
1467 2425 1562 2492 τῆς
1591 2420 1816 2491 Ἰνδικῆς
1842 2415 2008 2486 Σίλας
2033 2415 2146 2476 ἐστὶ
2176 2438 2270 2476 πο-

722 2509 908 2588 ταμός,
937 2500 982 2590 ᾧ
1013 2509 1159 2568 οὐδὲν
1187 2510 1417 2571 ἕπεπλεῖ.

801 2619 878 2658 20.
918 2600 1050 2658 Ὅτι
1090 2596 1220 2658 εἰσὶν
1255 2596 1404 2678 ἀέρες
1445 2594 1656 2666 λεπτοὶ,
1693 2584 1766 2658 οἷς
1811 2589 1954 2651 οὐδὲν
2006 2591 2273 2672 ἐποχεῖται

719 2682 942 2756 πτηνόν.
1024 2684 1182 2748 Ἴσως
1210 2682 1266 2741 δὲ
1307 2682 1399 2741 καὶ
1439 2683 1486 2741 οἳ
1533 2679 1908 2762 ἀναφερόμενοι
1952 2679 2108 2756 ἀτμοὶ
2150 2680 2272 2738 ἐπι·-

723 2773 962 2831 σπῶνται
992 2775 1186 2852 φυσικῇ
1219 2771 1351 2850 ὁλκῇ
1377 2769 1465 2828 καὶ
1495 2758 1601 2828 οἷον
1633 2771 1848 2848 ῥοφοῧσι
1874 2763 1940 2824 τὰ
1967 2768 2234 2845 ὑπερπετῆ
2250 2811 2269 2844 ‚

720 2856 850 2937 (καὶ)
876 2861 947 2923 ὧς
975 2858 1036 2918 τὸ
1065 2856 1316 2936 ἤλεκτρον
1342 2859 1435 2916 τοῦ
1479 2852 1675 2937 ἀχύρου
1699 2852 1790 2912 καὶ
1828 2857 1863 2925 ἡ
1894 2854 2150 2930 μαγνῆτις
2175 2860 2268 2914 τοῦ

717 2941 932 3025 σιδήρου
959 2942 1178 3004 ἑλκτικά
1202 2946 1332 3003 ἔστι·
1367 2941 1511 3025 τάχα
1529 2940 1585 3002 δὲ
1614 2940 1707 3000 καὶ
1735 2942 1854 3000 καθ’
1886 2937 2069 3007 ὕδατος
2094 2945 2268 2999 τοιαῦ·

713 3031 806 3092 ταί
827 3054 961 3100 τινες
977 3020 1082 3091 εἶεν
1111 3028 1176 3090 ἂν
1206 3028 1472 3107 δυνάμεις.
1821 3061 1834 3072 ·
2158 3041 2170 3051 “

795 3140 873 3180 21.
900 3113 1036 3181 ‘Ort
1063 3117 1125 3179 τὸ
1151 3121 1257 3178 τῶν
1290 3116 1469 3178 Ἰνδῶν
1496 3118 1694 3186 πλῆθος
1735 3117 1811 3182 εἰς
1853 3111 1898 3184 ζ’
1927 3113 2062 3193 μέρη
2088 3112 2272 3193 διῄρη-

712 3232 820 3270 ται·
857 3199 932 3268 ὧν
981 3209 1182 3288 πρῶτοι
1221 3205 1326 3283 μὲν.
1369 3207 1418 3264 οἱ
1462 3202 1734 3283 φιλόσοφοι
1752 3245 1770 3279 ,
1806 3199 2132 3279 ἐντιμότατοι
2180 3203 2270 3261 καὶ

714 3294 989 3376 ὀλίγιστοι.
1089 3295 1342 3373 Χρῶνται
1370 3291 1414 3351 δ’
1443 3292 1618 3356 αὐτοῖς
1652 3288 1884 3373 δημοσία
1911 3311 1972 3348 τε
2010 3289 2102 3348 καὶ
2128 3287 2235 3368 ἰδία
2253 3331 2270 3360 ,

718 3379 917 3450 θύοντές
941 3403 998 3440 τε
1021 3379 1113 3440 καὶ
1141 3379 1460 3459 ἐναγίζοντες
1497 3375 1591 3436 καὶ
1621 3375 2016 3454 μαντευόμενοι·
2043 3375 2098 3443 ὃς
2133 3376 2180 3434 δ’
2207 3375 2270 3434 ἂν

719 3468 827 3550 τρὶς
855 3465 1279 3546 μαντευσάμενος
1305 3464 1582 3546 ἀστοχήση
1598 3508 1616 3537 ,
1661 3462 2014 3543 ἀναγκάζεται
2039 3463 2128 3524 διὰ
2156 3461 2272 3544 βίου

722 3567 896 3637 σιγᾶν,
925 3559 955 3616 δ
987 3555 1042 3616 δὲ
1082 3553 1417 3636 κατορθώσας
1448 3551 1638 3626 ἀτελὴς
1681 3550 1773 3612 καὶ
1811 3551 2003 3635 ἄφορος
2045 3549 2267 3634 γίνεται.

724 3644 972 3725 Δεύτεροι
997 3646 1044 3704 δ’
1082 3647 1128 3705 οἱ
1167 3642 1418 3724 γεωργοὶ,
1446 3641 1682 3703 πλεῖστοί
1717 3663 1778 3700 τε
1805 3639 1946 3710 ὀντες
1978 3636 2068 3699 καὶ
2101 3639 2274 3699 ἀπιει-

727 3742 834 3802 κεῖς
852 3733 939 3793 διὰ
975 3733 1030 3792 τὸ
1067 3731 1140 3812 μὴ
1165 3729 1552 3812 στρατεύεσθαι·
1579 3728 1692 3790 ἔστι
1716 3730 1762 3789 δ’
1785 3734 1821 3804 ἡ
1852 3735 1920 3809 γῆ
1947 3737 2098 3790 πᾶσα
2123 3732 2274 3808 βασι-

725 3822 852 3895 λικὴ
871 3868 888 3896 ,
934 3826 1119 3900 μισθοῦ
1145 3819 1190 3879 δ’
1219 3822 1377 3891 αὗτὴν
1405 3818 1493 3877 ἐπὶ
1530 3817 1801 3897 τετάρταις
1839 3815 2142 3899 ἐργάζονται
2169 3821 2272 3878 τῶν

727 3913 966 3990 καρπῶν.
1052 3907 1236 3988 Τρίτοι
1260 3907 1304 3965 δ’
1333 3908 1381 3965 οἱ
1406 3904 1645 3981 ποιμίνες
1668 3905 1758 3964 καὶ
1780 3904 2062 3985 θηρευταὶ,
2083 3896 2160 3973 οἷς
2178 3905 2274 3982 μό-

725 4021 830 4063 νοις
872 3996 1038 4066 ἔξεστι
1086 3994 1320 4077 θηρεύειν
1352 3993 1443 4053 καὶ
1481 3998 1953 4076 θρεμματοτροφεῖν
1969 4037 1986 4067 ,
2033 3997 2276 4066 σκηνῖται

725 4083 867 4151 ὄντες
894 4085 988 4146 καὶ
1014 4081 1363 4162 μετανάσται.
1405 4083 1476 4142 Ol
1507 4081 1556 4141 δ’
1579 4081 1849 4163 ἐλέφαντες
1871 4081 1932 4150 ιζ’
1955 4083 2123 4158 μῆνας
2138 4081 2276 4142 κατὰ

724 4169 952 4250 γαστρὸς
974 4170 1248 4253 φέρονται,
1269 4167 1419 4250 παρὰ
1436 4167 1491 4228 δὲ
1511 4173 1578 4249 τῇ
1604 4167 1769 4246 μητρὶ
1789 4166 1842 4236 ς’
1862 4169 1954 4240 ἔτη
1980 4166 2273 4250 τρέφονται,

726 4259 857 4328 ζῶσι
881 4256 929 4317 δ’
957 4256 1050 4330 ἔτη
1073 4253 1239 4317 πλείω
1260 4259 1365 4316 τῶν
1387 4255 1461 4317 α’.
1491 4259 1615 4322 Τῶν
1637 4256 1690 4315 δὲ
1709 4256 1954 4316 Λιὸυκῶν
1978 4259 2027 4316 οἱ
2058 4256 2276 4318 Ἰνδικοὶ

731 4348 938 4423 μείζους
964 4341 1026 4404 τό
1063 4346 1166 4404 εἶσι
1201 4343 1293 4404 καὶ
1327 4342 1743 4426 ῥωμαλεώτεροι·
1770 4346 1886 4412 ταῖς
1928 4346 2051 4421 γοῦν
2084 4343 2280 4425 προθο-

725 4433 899 4494 σκίσιν
954 4431 1194 4502 ἀπάλξεις
1257 4436 1562 4515 καθαιροῦσι
1633 4431 1725 4493 καὶ
1769 4432 1956 4515 δένδρα
2009 4433 2279 4493 ἀνασπῶσι

721 4521 1010 4600 πρόρριζα,
1068 4519 1460 4599 διανιστάμενοι
1507 4523 1580 4590 εἰς
1631 4517 1752 4590 τοὺς
1798 4518 2056 4587 ὀπισθίους
2099 4519 2276 4587 πόδας.

725 4612 986 4670 Τοσοῦτον
1016 4610 1060 4667 δ’
1099 4608 1228 4669 εἰσὶν
1255 4607 1638 4671 εὖτιθάσσευτοι
1673 4606 1767 4668 καὶ
1807 4607 2110 4690 θυμόσοφοι,
2141 4605 2276 4668 ὥστε

729 4695 812 4756 καὶ
865 4695 1094 4766 λιθάζειν
1146 4693 1462 4774 μανθάνωσι
1511 4693 1606 4756 καὶ
1666 4693 1846 4763 ὅπλοις
1890 4699 2121 4776 χρῆσθαι
2191 4695 2280 4754 καὶ

737 4791 848 4843 νεῖν.
870 4785 942 4845 Οἱ
970 4783 1026 4842 δὲ
1051 4783 1368 4864 χρυσοφόροι
1387 4783 1690 4864 μύρμηκες,
1725 4781 1904 4863 ὥσπερ
1937 4785 1992 4843 οἳ·
2024 4783 2278 4843 ἀσπάλα-

729 4894 813 4938 κες
829 4918 844 4946 ,
870 4872 1142 4953 ὀρύττουσι
1165 4872 1260 4944 τὴν
1285 4879 1383 4952 γῆν
1401 4916 1418 4946 ,
1458 4875 1695 4954 χρυσῖτιν
1737 4863 1898 4933 οὖσαν
1916 4916 1935 4947 ,
1955 4871 2020 4945 ἡν
2049 4875 2096 4933 οἶ
2119 4871 2276 4933 Ἰνδοὶ

729 4959 1020 5044 σοφίσμασί
1065 4983 1198 5020 τισιν
1247 4962 1650 5022 ὖποκλίπτουσι·
1687 4959 1974 5044 φοὸοῦνται
2020 4959 2145 5041 γὰρ,
2200 4960 2275 5038 μὴ

743 5041 1012 5128 ληφθέντες
1060 5047 1163 5108 ὑπὸ
1205 5051 1309 5109 τῶν
1343 5049 1629 5129 μυρμήκων
1667 5049 1993 5110 ἀπόλωνται·
2035 5048 2125 5109 καὶ
2171 5047 2274 5127 γᾶρ

732 5134 948 5215 μέγεθος
989 5135 1086 5215 μὲν
1122 5133 1331 5218 ἔχουσιν
1356 5136 1490 5219 ὑπὲρ
1539 5134 1788 5198 ἀλώπεκα
1806 5180 1823 5211 ,
1863 5135 2023 5218 τάχος
2072 5137 2118 5196 δ’
2149 5138 2279 5216 ὑπὲρ

2352 762 2767 818 mediocritatem
2786 764 3073 832 discantur,
3094 767 3350 822 maleficos
3368 765 3615 823 efficiant.
3640 768 3906 825 Iudicium

2351 853 2416 905 iis
2442 868 2552 906 uon
2575 861 2655 906 est
2692 853 2796 906 nisi
2846 852 3005 908 cedis
3039 863 3093 908 et
3136 852 3482 920 contumeliae,
3534 872 3701 926 quum
3744 856 3908 910 homo

2352 949 2597 1010 prostare
2639 956 2750 994 non
2780 942 2946 1012 possit
2960 979 2976 1006 ,
3004 958 3071 994 ne
3098 941 3161 994 iis
3196 939 3498 1008 adficiatur3
3544 959 3664 1013 quae
3700 961 3823 996 vero
3850 944 3907 996 iu

2352 1025 2706 1080 contractibus
2732 1026 2868 1081 fiunt
2884 1067 2901 1095 ,
2928 1045 2989 1080 ea
3016 1045 3173 1099 penes
3212 1046 3310 1082 nos
3344 1039 3493 1096 sunt3
3518 1030 3697 1103 itaque
3720 1049 3908 1085 caven·

2352 1109 2481 1166 dum
2503 1122 2606 1178 est,
2633 1129 2701 1166 ne
2727 1111 2845 1183 quis
2866 1111 3175 1183 decipiatur,
3206 1132 3303 1168 nec
3328 1113 3605 1188 impleatur
3632 1115 3757 1170 urbs
3781 1135 3911 1171 cou-

2354 1199 2636 1254 troversiis.

2429 1290 2513 1339 16.
2552 1289 2613 1340 In
2640 1285 2794 1341 India
2828 1286 3042 1357 tigrides
3068 1289 3372 1359 gignuntur,
3408 1291 3767 1364 magnitudine
3805 1292 3913 1347 leo-

2354 1370 2513 1425 nibus
2559 1371 2721 1445 duplo
2762 1371 2984 1444 majores
3002 1413 3018 1439 ,
3065 1383 3117 1427 ct
3158 1373 3353 1428 robore
3404 1375 3557 1448 longe
3594 1379 3913 1450 praestantis-

2352 1474 2517 1615 ωἲιγ..
2546 1547 2609 1598 Iu
2644 1544 2799 1600 India
2842 1544 3039 1617 lapides
3060 1544 3220 1600 effodi
3245 1546 3433 1602 dicunt
3466 1547 3659 1604 thureo
3700 1551 3873 1606 colore
3891 1592 3907 1617 ,

2354 1630 2457 1686 ficu
2482 1629 2776 1697 dulciores3
2820 1632 2941 1686 item
2980 1642 3243 1704 serpentes
3286 1633 3699 1690 membranaceis
3736 1636 3827 1692 alis
3860 1649 3915 1693 et

2354 1735 2619 1860 ωῗξῖιοέίι
2646 1801 2803 1860 India
2828 1821 2982 1859 canes
3005 1814 3130 1858 sunt
3144 1803 3512 1871 robustissimi,
3537 1807 3630 1880 qui
3654 1824 3763 1862 non
3790 1819 3912 1864 ante

2358 1926 2590 1963 morsum
2630 1905 2908 1964 dimittunt
2948 1925 3110 1981 quam
3149 1924 3284 1981 aqua
3322 1907 3539 1963 naribus
3576 1909 3887 1966 infundatur
3894 1932 3913 1980 3

2357 2011 2622 2070 nonnullis
2646 2029 2755 2086 prae
2772 2011 3097 2068 vehementia
3119 2012 3173 2070 in
3196 2029 3377 2068 morsu
3399 2011 3579 2067 oculos
3599 2011 3917 2088 distorqueri

2355 2112 2507 2187 ajunt
2522 2155 2538 2182 ,
2568 2111 2883 2188 quibusdam
2911 2112 3068 2169 etiam
3095 2113 3337 2170 excidere
3348 2135 3365 2183 ς
3394 2114 3474 2168 vel
3496 2113 3703 2169 leonem
3726 2128 3780 2172 et
3797 2128 3914 2172 tau-

2357 2237 2477 2274 rum
2499 2237 2531 2274 a
2556 2237 2694 2274 cane
2717 2217 2975 2287 detineri;
3002 2230 3214 2276 taurum
3236 2219 3394 2275 etiam
3434 2220 3571 2275 mori
3609 2221 3747 2276 rictu
3771 2239 3916 2278 com·

2358 2321 2693 2396 prehensum.

2438 2441 2522 2494 19.
2568 2425 2633 2478 In
2654 2423 2869 2495 regione
2890 2433 3139 2478 montana
3168 2423 3335 2478 Indiae
3359 2425 3487 2481 Silas
3519 2426 3713 2480 fluvius
3736 2436 3834 2492 est,
3860 2427 3915 2481 iu

2361 2527 2469 2582 quo
2495 2509 2627 2564 nihil
2652 2510 2872 2566 innatat.

2433 2615 2525 2654 τεο.
2554 2601 2717 2652 Aet-es
2738 2595 2953 2669 quidam
2980 2606 3106 2651 sunt
3122 2594 3253 2652 adeo
3280 2607 3480 2663 tenues,
3517 2609 3577 2652 ut
3600 2599 3741 2654 nulla
3766 2602 3821 2656 in
3842 2603 3915 2656 eis

2362 2707 2587 2763 volatilia
2602 2707 2936 2764 invehantur.
3010 2708 3249 2763 Fortasse
3266 2718 3437 2763 autem
3458 2708 3681 2764 exhalati
3702 2728 3917 2783 vapores

2360 2813 2429 2869 ad
2446 2832 2501 2868 se
2522 2813 2757 2881 trahunt,
2778 2824 2833 2869 et
2853 2813 3244 2887 quodammodo
3263 2814 3545 2870 absorbent
3568 2817 3914 2898 subvolantia,

2360 2920 2497 2974 sicut
2520 2918 2771 2974 electrum
2792 2917 2993 2992 paleam
3020 2929 3073 2974 et
3101 2917 3327 2974 sideritis
3354 2917 3552 2974 ferrum
3571 2919 3639 2976 ad
3666 2938 3722 2976 se
3746 2923 3917 2996 rupit3

2361 3029 2591 3084 fortassis
2612 3028 2798 3100 aliquae
2830 3025 3087 3100 ejusmodi
3121 3028 3255 3082 vires
3278 3029 3435 3083 etiam
3457 3027 3514 3082 iu
3541 3047 3677 3101 aqua
3702 3041 3845 3089 sunt.

2432 3157 2522 3196 αι.
2559 3139 2818 3195 Indorum
2838 3138 3121 3194 multitudo
3142 3139 3197 3194 in
3216 3149 3413 3212 septem
3427 3137 3612 3194 classes
3630 3138 3797 3196 divisa
3810 3152 3915 3209 est;

2362 3228 2419 3281 iu
2437 3226 2629 3299 quibus
2655 3225 2815 3299 primi
2858 3234 2983 3280 sunt
3001 3223 3331 3297 philosophi,
3360 3224 3753 3281 honoratissimi
3780 3245 3913 3300 pau-

2361 3313 2681 3383 cissimique.
2716 3312 2957 3365 Utuntur
3003 3309 3085 3364 his
3130 3309 3335 3382 publice
3374 3321 3430 3365 et
3453 3311 3701 3383 privatim
3745 3313 3783 3366 ii
3824 3315 3916 3385 qui

2361 3398 2612 3454 sacrificia
2636 3396 2716 3453 vel
2737 3395 2948 3452 inferias
2979 3406 3141 3468 agunt
3160 3406 3212 3451 et
3240 3397 3483 3452 vaticinia
3500 3407 3824 3454 scrutantur.
3864 3399 3921 3454 Si

2362 3489 2481 3558 quis
2507 3496 2585 3541 ter
2612 3482 2837 3538 mendax
2879 3481 3233 3554 deprehensus
3256 3480 3432 3548 fuerit,
3456 3483 3505 3536 ei
3530 3499 3629 3554 per
3652 3493 3815 3539 totam
3849 3485 3925 3538 vi..

2332 3585 2470 3632 um
2512 3591 2579 3629 ex
2624 3569 2735 3643 lege
2774 3569 3039 3624 silentium
3078 3567 3362 3636 indicitur3
3412 3570 3504 3642 qui
3538 3587 3663 3624 vera
3707 3570 3921 3640 dixerit,

2362 3663 2612 3719 immunis
2638 3671 2692 3719 et
2707 3659 2855 3715 omni
2872 3657 3073 3714 tributo
3095 3668 3332 3713 exemtus
3348 3657 3592 3715 habetur.
3616 3658 3921 3715 Secundum

2362 3769 2527 3822 genus
2552 3759 2631 3804 est
2654 3746 2998 3821 agricolarum
3014 3787 3031 3814 ,
3056 3748 3149 3821 qui
3176 3746 3389 3819 plurimi
3412 3757 3537 3802 sunt
3570 3757 3625 3801 et
3662 3748 3921 3803 mansueti

2363 3837 2435 3893 ob
2462 3836 2845 3892 immunitatem
2872 3833 3089 3888 militiae.
3161 3835 3345 3902 Quum
3371 3834 3517 3904 regio
3542 3843 3655 3889 tota
3680 3833 3749 3888 sit
3764 3834 3921 3905 regis,

2364 3926 2464 3998 ipsi
2506 3942 2625 3979 eam
2661 3921 2978 3978 conductam
3014 3919 3259 3977 excolunt
3274 3961 3291 3989 ,
3334 3920 3471 3992 pacti
3510 3919 3767 3975 meroedis
3805 3920 3925 3976 loco

2365 4024 2608 4087 quartam
2633 4012 2903 4067 fructuum
2928 4020 3151 4083 purtem.
3190 4009 3431 4063 Tertium
3450 4025 3615 4079 genus
3640 4019 3721 4062 est
3748 4019 3925 4082 pasto·

2366 4118 2489 4154 rum
2515 4117 2579 4154 ac
2594 4109 2903 4153 venatorum
2917 4137 2933 4161 ,
2958 4095 3151 4168 quibus
3179 4093 3302 4149 solis
3339 4095 3516 4149 venari
3538 4105 3593 4148 et
3612 4111 3807 4167 peoora
3830 4113 3924 4168 pa-

2366 4203 2510 4240 scere
2547 4185 2703 4251 licet3
2744 4183 2803 4238 hi
2840 4183 2953 4252 vagi
2977 4179 3367 4252 errabundique
3414 4181 3471 4234 in
3497 4180 3723 4252 tuguriis
3764 4181 3923 4234 vitam

2366 4271 2589 4344 degunt.
2648 4269 2962 4342 Elephantoe
2982 4284 3184 4322 meuses
3204 4265 3387 4321 decem
3408 4277 3463 4321 et
3487 4275 3687 4339 septem
3712 4275 3925 4320 uterum

2368 4365 2600 4428 gestant3
2646 4353 2790 4428 apud
2840 4363 3059 4408 matrem
3111 4367 3277 4407 annos
3318 4369 3409 4405 sex
3449 4350 3695 4417 alunturg
3734 4350 3922 4404 vivunt

2367 4443 2520 4498 anuis
2562 4441 2837 4515 plusquam
2886 4438 3144 4494 ducentis.
3241 4436 3451 4510 Lybicis
3487 4434 3662 4491 Indici
3698 4433 3924 4508 majores

2368 4539 2494 4584 sunt
2518 4539 2570 4584 et
2610 4526 2959 4591 robustiores3
2996 4522 3310 4598 proboscide
3352 4520 3747 4596 propugnacula
3794 4520 3925 4594 deji-

2368 4617 2537 4680 ciunt,
2584 4624 2638 4670 et
2680 4612 2893 4669 arbores
2932 4609 3180 4666 radicitus
3220 4608 3445 4664 evellunt
3491 4610 3548 4662 iu
3605 4609 3927 4681 posteriores

2368 4701 2529 4774 pedes
2552 4699 2730 4754 erecti.
2798 4699 3167 4752 Mansuescuut
3192 4706 3247 4750 et
3276 4693 3410 4749 adeo
3436 4692 3650 4749 solertes
3684 4703 3829 4757 sunt,
3857 4704 3917 4748 ut

2368 4784 2597 4858 lapidem
2618 4783 2793 4857 jacere
2816 4793 2873 4838 et
2894 4783 3055 4837 armis
3080 4782 3159 4836 uti
3188 4791 3243 4836 et
3266 4789 3445 4835 natare
3475 4777 3700 4834 discant.
3787 4779 3921 4833 For-

2338 4871 2519 4926 ‘mioe
2559 4869 2825 4936 auriserae,
2871 4866 3027 4922 veluti
3058 4866 3235 4940 talpa,
3282 4875 3477 4920 terram
3518 4862 3783 4919 effodiunt
3807 4865 3923 4918 auri

2368 4955 2549 5012 frustis
2571 4955 2814 5030 plenam,
2857 4971 3015 5027 quam
3051 4951 3175 5007 Indi
3205 4949 3332 5006 dolo
3366 4953 3447 5006 usi
3492 4949 3626 5005 clam
3670 4951 3920 5022 rapiunt,

2368 5063 2493 5100 nam
2516 5045 2705 5099 timent
2738 5061 2808 5098 ne
2831 5061 2863 5098 a
2890 5041 3119 5097 formicis
3148 5040 3459 5114 deprehensi
3496 5039 3869 5094 interimantur
3898 5055 3913 5096 ε

2367 5133 2729 5206 magnitudine
2767 5133 2907 5188 enim
2932 5141 3058 5186 sunt
3074 5129 3319 5203 vulpibus
3354 5125 3553 5200 majore
3576 5137 3629 5182 et
3655 5125 3917 5198 celeritate

729 5381 916 5455 Σίλας]
942 5381 1114 5445 Σιλίας
1139 5381 1260 5439 cod.
1293 5384 1316 5455 ΙΙ
1339 5413 1411 5425 -
1429 5398 1516 5438 ao.
1546 5381 1732 5451 πτηνόν
1757 5379 1876 5436 cod‘.
1912 5381 2098 5449 Paris„
2127 5398 2323 5449 πτηνων
2353 5378 2487 5452 (sine
2512 5377 2645 5451 acc.)
2668 5375 2789 5433 cod.
2807 5374 2965 5431 Palat.
2994 5376 3017 5447 ΙΙ
3035 5405 3107 5417 -
3126 5391 3214 5429 21.
3240 5391 3297 5446 p.
3322 5376 3577 5444 704707.
3598 5367 3727 5438 πλὴν
3749 5367 3792 5424 εἰ
3809 5367 3926 5442 (W
