4584 6284
651 473 882 553 xxxviij

807 603 1136 686 Dionysius
1165 605 1262 685 (v.
1300 603 1518 684 1-765)
1550 621 1698 666 cum
1719 601 1993 667 scholiis,
2025 604 2217 666 Joan·

804 691 903 755 nis
936 691 1312 757 Antiocheni
1351 691 1699 772 ἆρχαιολογῖα
1726 689 1922 772 ἔχουσα
1954 690 2212 771 διασᾶφη-

801 805 883 843 σιν
931 783 1036 841 τῶν
1076 780 1468 861 μυθευομένων.
1523 778 1836 843 Theodori
1884 777 2210 844 Prodromi

804 869 1084 933 carmina
1154 868 1450 934 iambica.
1544 867 1844 932 Prosodia
1930 867 2206 948 Dionysii

801 957 1236 1022 Alexandrini.
1259 959 1333 1021 V.
1357 957 1716 1020 Bachmann
1743 954 1981 1040 praefat.
2003 954 2068 1018 in
2095 959 2206 1037 Ly-

803 1047 1026 1130 cophr.
1061 1047 1236 1111 Alex.
1271 1066 1337 1128 p.
1366 1047 1493 1110 XX.

642 1140 743 1203 83.
789 1137 1227 1218 Neapolitanus
1253 1138 1396 1214 202,
1426 1133 1621 1198 chart.
1651 1134 1836 1211 in·8⁰,
1859 1133 2006 1197 anni
2026 1137 2204 1207 1521,

807 1225 874 1288 in
904 1243 1031 1308 quo
1062 1223 1394 1306 Dionysius
1415 1229 1478 1286 et
1500 1223 1873 1286 EustathiuS.
1897 1223 1969 1286 V.
1997 1220 2204 1302 Cyrill.

644 1408 747 1471 84.
795 1404 1232 1483 Neapolitanus
1273 1406 1409 1480 166,
1459 1400 1832 1480 membran„
1881 1417 2026 1463 saec.
2073 1401 2204 1476 XV,

810 1489 958 1553 inde
985 1508 1020 1552 a
1043 1506 1183 1571 pag.
1207 1492 1288 1553 60
1313 1487 1500 1552 habet
1516 1486 1877 1569 Dionysium
1904 1505 2102 1569 usque
2127 1486 2204 1549 ad

807 1597 897 1642 νε.
925 1582 1063 1643 847.

645 1673 746 1734 85.
795 1671 1233 1748 Neapolitanus
1281 1670 1395 1746 92,
1454 1666 1649 1729 chart.
1712 1663 1857 1728 anni
1898 1668 2088 1740 14953
2140 1665 2203 1728 in

809 1776 950 1840 pag.
984 1760 1023 1821 8
1049 1756 1302 1820 exhibet
1325 1773 1537 1818 versus
1565 1753 1845 1834 Dionysii
1894 1751 1974 1816 de
2006 1753 2204 1817 Thule

807 1847 1007 1910 insula
1026 1863 1171 1909 cum
1199 1843 1475 1909 scholiis
1509 1845 1582 1906 V.
1609 1841 1816 1924 cyrill.
1845 1861 1908 1921 p.
1941 1844 1999 1905 8.

643 1941 743 2002 86.
795 1939 1132 1999 Florentini
1173 1935 1398 1996 codices
1442 1931 1800 2015 complures
1841 1929 2200 2010 Dionysium

804 2025 1128 2102 exhibent,
1171 2041 1330 2109 quos
1359 2039 1554 2104 quum
1583 2018 1849 2084 Bandini
1890 2018 2205 2098 catalogus

805 2114 885 2179 ad
906 2131 1124 2177 manus
1145 2130 1271 2176 non
1299 2111 1415 2189 sit,
1447 2127 1774 2174 recensere
1799 2107 2198 2191 supersedeO.

801 2207 1089 2268 Ceterum
1118 2203 1206 2265 ita
1231 2200 1424 2265 habet
1452 2198 1884 2281 Bernhardyus
1916 2218 1932 2262 ε
1977 2221 2006 2257 ιι
2033 2200 2200 2264 Non-

801 2291 994 2356 nullis
1015 2289 1293 2373 Dionysii
1317 2287 1474 2353 locis
1493 2294 1558 2353 et
1581 2286 1889 2370 scriptura
1910 2286 2201 2352 codicum

800 2379 1303 2444 Florentinorum
1323 2383 1418 2441 est
1443 2376 1726 2460 apposita
1746 2395 1932 2459 quam
1960 2377 2201 2442 Koesius

799 2486 946 2534 cum
975 2466 1280 2531 Bredovio
1309 2465 1913 2541 communicaverat,
1947 2471 2011 2527 et
2033 2463 2201 2527 varia

800 2557 985 2622 lectio
1015 2553 1468 2637 Langermanni
1500 2559 1563 2618 et
1589 2553 1891 2630 Bekkeri;
1929 2570 2198 2636 quorum

796 2641 1269 2727 Langermanni‚
1286 2661 1474 2725 quem
1496 2645 1571 2706 N.
1589 2641 1879 2706 Heinsius
1899 2639 2197 2706 comitem

797 2732 1038 2797 itineris
1095 2731 1329 2812 Italici,
1403 2731 1749 2814 praesertim
1819 2732 2195 2797 Florentinae

792 2819 1312 2902 peregrinationis
1333 2864 1351 2898 ,
1387 2818 1710 2894 assumsit,
1763 2817 2054 2900 quaedam
2085 2818 2200 2882 ob-

794 2908 1172 2973 servationes
1199 2907 1496 2990 leguntur
1519 2909 1654 2987 eius
1683 2907 1991 2989 exempli,
2024 2915 2194 2990 quod

791 2996 873 3060 ad
897 2996 1287 3061 Schaeierum
1317 2995 1635 3076 pervenit,
1665 3012 1700 3057 a
1732 3013 1857 3076 quo
1882 2995 2200 3082 Spohnius

789 3083 1094 3148 utendum
1126 3090 1487 3164 acceperat3
1526 3083 1724 3146 altera
1750 3101 1897 3146 vero
1929 3083 2191 3160 notatiO,

793 3192 982 3256 quam
1012 3173 1186 3235 idem
1215 3169 1534 3252 Spohnius
1561 3168 1984 3249 consignavit,
2019 3171 2198 3250 cujus

793 3261 984 3324 fuerit
1048 3268 1159 3322 aut
1210 3278 1248 3322 a
1316 3258 1694 3338 quibusnam
1746 3255 1926 3318 libris
1980 3256 2228 3336 ducta,-

796 3366 1054 3430 prorsus
1097 3346 1272 3410 latet.
1312 3346 1480 3408 Nihil
1511 3353 1722 3408 tamen
1751 3345 1982 3408 certius
2009 3364 2197 3427 quam

793 3442 1082 3500 neutram
1109 3434 1471 3498 varietatem
1500 3434 1869 3517 qu‘usquam
1899 3451 2034 3496 esse
2065 3451 2204 3496 mo-

792 3525 1008 3590 menti.
1037 3545 1070 3585 a

633 3622 734 3685 87.
780 3617 1174 3682 Scorialensis
1202 3615 1396 3678 codex
1421 3615 1513 3690 Ψ,
1537 3615 1599 3688 4,
1634 3615 1664 3676 1
1688 3611 1795 3675 fol.
1827 3615 2032 3678 66-80.
2059 3612 2202 3677 Dio-

797 3703 1041 3786 nysium
1067 3702 1367 3768 continet.

631 3799 732 3860 88.
778 3793 1175 3858 Scor-intensis
1219 3793 1412 3854 codex
1443 3792 1513 3866 Σ,
1561 3792 1624 3869 2,
1657 3792 1717 3865 7,
1759 3788 1865 3851 sol.
1905 3791 2193 3853 256-284.

793 3879 1157 3963 Dionysium
1201 3888 1266 3945 et
1309 3877 1717 3962 paraphrasin
1755 3876 2019 3960 praebet.
2060 3877 2197 3941 Fini

794 3969 1220 4050 subscriptum
1270 3968 1494 4048 legitur
1545 3966 1721 4047 στίχοι
1765 3967 1868 4049 ,ια’
1908 3966 2067 4028 ἑπτά.
2102 3969 2191 4031 cf.

791 4076 979 4139 supra
1002 4060 1075 4120 N.
1109 4060 1209 4121 35.

631 4149 730 4210 89.
775 4146 1170 4208 Seorialemis
1203 4144 1395 4206 codex
1420 4145 1493 4218 R,
1541 4147 1599 4218 1,
1633 4145 1672 4205 6
1705 4141 1850 4220 (sol.
1885 4140 2189 4220 112-204).

786 4231 1062 4294 Διονυσίου
1103 4229 1476 4312 Ἀλεξανδρέως
1516 4235 1609 4289 τοῦ
1637 4235 1958 4310 περιηγητοῦ
1987 4229 2194 4308 βιὸλίον

785 4318 1155 4403 pipo-{papiae
1205 4317 1342 4396 μετὰ
1385 4317 1680 4397 ἐξηγήσεως
1731 4315 2045 4379 Εὗσταθίου.
2093 4317 2192 4381 Ad

788 4409 1024 4474 calcem
1058 4410 1200 4474 haeo
1243 4428 1259 4473 ἕ
1304 4406 1579 4472 Διονυσίου
1607 4405 1980 4484 Ἀλιξανδρέως
2022 4408 2192 4467 οἰκου-

792 4499 954 4576 μένης
979 4497 1295 4580 περιήγησιν
1332 4497 1616 4578 Μιχαῆλος
1648 4493 1968 4567 ’Amatam
1992 4495 2190 4566 Βυζάν-

785 4610 894 4655 τιος
919 4586 1239 4666 δορυιίλωτος
1257 4584 1486 4666 ἔγραψα.

626 4680 727 4742 90.
777 4679 1145 4739 Matritensis
1164 4677 1354 4737 codex
1376 4677 1454 4738 89
1473 4671 1865 4736 Eustathium
1891 4669 2190 4734 exhibens

789 4762 1164 4828 describitur
1201 4762 1282 4826 ab
1321 4761 1530 4824 Iriarte
1571 4761 1720 4826 cod.
1757 4762 1934 4840 Matr.
1971 4781 2036 4843 p.
2070 4765 2190 4828 358

789 4873 883 4936 sq.

621 4947 721 5007 91.
771 4945 1136 5006 Molinicmus
1161 4941 1382 5016 codex,
1427 4939 1816 5005 Eustathium
1859 4938 2188 5004 continens

787 5038 850 5094 et
893 5048 929 5092 a
969 5028 1172 5094 Polito
1205 5028 1268 5092 in
1311 5031 1480 5092 Eust.
1525 5027 1807 5093 versione
1846 5028 2184 5092 adhibitus.

781 5121 872 5180 De
907 5137 983 5181 eo
1007 5119 1248 5182 Politus
1276 5138 1336 5201 p.
1368 5122 1481 5180 117
1517 5138 1532 5180 :
1577 5140 1606 5176 α
1631 5116 1838 5180 Codex
1871 5117 2191 5180 membra-

1954 470 2534 534 PROLEGOMENA

2464 621 2633 678 mm,
2665 621 2702 667 e
2735 622 2874 668 mea
2914 603 3067 668 olim
3112 604 3477 690 disciplina,
3520 628 3709 692 quem
3740 630 3855 692 ego

2462 691 2757 774 deinceps
2784 692 3069 757 codicem
3090 741 3106 770 ,
3138 697 3298 776 grati
3322 697 3514 760 animi
3534 707 3599 764 et
3620 718 3857 765 memo-

2462 780 2570 844 riae
2618 799 2832 860 causa,
2881 781 3287 847 Molinianum
3326 787 3585 850 vocabo.
3611 811 3640 848 a
3688 791 3859 854 Prae-

2460 873 2625 933 terea
2654 869 2845 934 alium
2872 871 3159 936 codicem
3186 872 3423 938 Politus
3452 874 3691 940 habuit.

2381 955 2559 1021 Adde
2582 957 2753 1040 quod
2770 959 3127 1023 Holstenius
3148 959 3213 1023 in
3228 962 3342 1041 Ep.
3370 959 3452 1024 ad
3474 962 3855 1028 Peirescium

2235 1117 2240 1123 ¹
2300 1063 2361 1126 p.
2399 1049 2477 1108 77
2500 1045 2599 1110 ed.
2622 1047 2904 1112 Boisson.
2930 1046 3081 1112 dicit
3108 1067 3124 1111 ε
3162 1047 3509 1112 «Eustathii
3530 1051 3856 1116 Commen-

2297 1135 2525 1198 tarium
2552 1155 2628 1200 ex
2654 1139 2726 1200 R.
2761 1142 2836 1203 P.
2880 1139 3195 1202 Sir-mvndi
3220 1157 3334 1201 ms.
3382 1144 3441 1200 et
3472 1140 3597 1201 alio
3622 1142 3851 1204 illustr.

2296 1231 2353 1286 et
2378 1243 2501 1287 rev.
2533 1225 2967 1307 archiepiscopi
2996 1228 3279 1288 Tolosam·
3299 1225 3544 1305 [Caroli
3574 1227 3653 1290 de
3678 1229 3858 1292 Mon-

2296 1311 2474 1394 chal]
2505 1313 2742 1398 aliquot
2760 1314 3019 1396 pagellis
3051 1314 3353 1396 supplevi.
3375 1338 3405 1374 n

2373 1400 2707 1468 Codicihus
2738 1403 2927 1466 modo
2956 1403 3280 1466 recensitis
3316 1402 3423 1466 alii
3462 1404 3635 1467 haud
3671 1408 3855 1487 pauci

2292 1487 2440 1552 addi
2471 1497 2801 1572 poterunt,
2849 1490 2901 1555 si
2943 1491 3085 1574 quis
3117 1490 3480 1574 diligentius
3511 1494 3857 1576 anquisive-

2292 1578 2406 1658 rit,
2437 1599 2632 1662 quum
2658 1580 2758 1643 vix
2783 1580 2915 1644 ulla
2938 1581 3019 1644 sit
3038 1580 3249 1663 paullo
3260 1580 3531 1663 amplior
3548 1581 3855 1648 librorum

2294 1686 2443 1730 mss.
2475 1668 2796 1749 collectio,
2826 1685 2968 1750 quae
3016 1687 3142 1733 non
3179 1669 3573 1751 periegeseos
3600 1670 3857 1755 aliquod

2291 1755 2612 1837 exemplar
2632 1755 2696 1819 in
2712 1755 3019 1820 thesauris
3038 1756 3167 1820 suis
3184 1756 3580 1820 reconditum
3604 1757 3850 1825 habeat.

2289 1843 2551 1907 Codices
2578 1843 2889 1907 Parisinos
2931 1845 3238 1908 Eamus
3278 1846 3587 1925 Bmana,
3620 1845 3715 1910 vir
3746 1848 3857 1912 do-

2289 1930 2633 2009 ctissimus,
2658 1931 2753 1996 vel
2775 1931 2981 1996 denuo
3000 1932 3096 1994 vel
3118 1950 3286 1996 nunc
3313 1931 3589 2013 primurn
3611 1932 3675 1996 in
3704 1953 3854 1998 usus

2291 2037 2471 2084 meos
2518 2021 2811 2097 contulit,
2866 2019 3142 2102 exceptis
3202 2027 3415 2085 tamen
3476 2023 3852 2100 RSTUVW,

2290 2127 2451 2192 quos
2468 2108 2751 2173 conferre
2769 2127 2980 2192 operae
2995 2109 3265 2192 pretium
3294 2127 3420 2172 non
3446 2128 3583 2173 esse
3605 2111 3857 2176 videba-

2289 2203 2411 2260 tur.
2452 2199 2501 2259 Ε
2539 2198 2765 2262 ceteris
2792 2197 3118 2263 codicibus
3154 2197 3313 2261 nihil
3341 2197 3537 2261 habui
3562 2198 3855 2265 variantis

2290 2286 2573 2351 lectionis
2591 2294 2819 2370 praeter
2844 2288 2906 2351 id
2938 2287 3108 2370 quod
3136 2287 3380 2370 priores
3412 2286 3687 2353 editores
3707 2309 3857 2372 sup-

2289 2373 2665 2458 peditarunt.
2700 2378 2987 2442 Ceterum
3030 2375 3367 2459 periegesis
3411 2377 3609 2442 multo
3648 2378 3857 2443 minus

2287 2471 2584 2546 corrupta
2607 2465 2688 2528 ad
2718 2483 2831 2529 nos
2859 2464 3139 2547 pervenit
3159 2483 3351 2547 quam
3391 2465 3458 2527 in
3488 2465 3649 2530 libro
3672 2467 3855 2532 toties

2287 2550 2606 2634 descripto
2624 2552 3097 2635 exspectaveris.
3122 2554 3200 2616 Et
3220 2553 3503 2636 quamvis
3519 2555 3617 2617 vel
3639 2556 3853 2619 Avieni

2286 2645 2352 2703 et
2377 2639 2680 2704 Prisciani
2704 2647 2886 2705 astate
2910 2659 3163 2705 carmen
3194 2641 3411 2705 multis
3444 2640 3508 2704 in
3538 2641 3693 2706 locis
3720 2664 3757 2707 a
3785 2645 3858 2706 li-

2285 2727 2512 2792 brariis
2548 2729 2949 2812 depravatum
2988 2729 3085 2793 vel
3127 2729 3207 2793 de
3236 2729 3543 2792 industria
3573 2749 3610 2794 a
3646 2732 3855 2796 sciolis

2288 2823 2600 2880 mutatum
2640 2836 2779 2882 esse
2806 2817 3078 2901 liqueat,
3113 2835 3255 2880 raro
3282 2822 3493 2880 tamen
3527 2818 3760 2882 accidit
3783 2829 3857 2885 ut

2288 2904 2501 2986 prisca
2523 2904 2663 2970 haec
2688 2905 2833 2968 vitia
2863 2912 3222 2969 nostrorum
3251 2903 3542 2969 codicum
3576 2925 3697 2988 ope
3724 2927 3854 2972 non

2287 2992 2477 3056 liceat
2512 2993 2887 3074 abstergere.
2938 2991 3221 3072 Origines
3260 3011 3407 3057 vero
3438 2998 3502 3057 et
3541 2996 3855 3076 cognatio-

2294 3097 2407 3143 nes
2453 3081 2843 3160 singulorum
2870 3077 3161 3144 codicum
3204 3079 3498 3161 indagare
3525 3089 3589 3144 et
3628 3085 3856 3147 consti-

2289 3174 2468 3232 tuere
2496 3187 2704 3251 neque
2738 3167 3176 3250 Bernhardyus
3204 3167 3461 3232 tentavit
3485 3189 3691 3253 neque
3736 3190 3853 3253 ego

2290 3255 2589 3339 suscipio,
2615 3275 2808 3340 quum
2824 3256 2906 3320 ad
2925 3257 3047 3320 tale
3070 3257 3391 3336 negotium
3412 3256 3529 3321 rite
3554 3277 3853 3341 peragen-

2294 3345 2450 3408 dum
2483 3364 2604 3410 non
2629 3345 2777 3409 satis
2800 3345 3027 3426 amplis
3049 3344 3295 3409 auxiliis
3324 3344 3608 3410 instructi
3630 3347 3848 3411 simus.

2292 3433 2781 3517 Antiquissimus
2825 3433 3024 3498 codex
3070 3437 3117 3496 A
3137 3475 3163 3510 ,.
3195 3433 3411 3498 saeculi
3448 3435 3534 3508 X,
3580 3436 3850 3500 multum

2290 3521 2469 3584 abest
2491 3531 2561 3587 ut
2589 3521 2937 3603 integritate
2976 3526 3255 3603 praestet3
3290 3540 3493 3607 neque
3522 3521 3587 3585 id
3618 3523 3850 3600 mirum

2291 3611 2357 3674 in
2385 3629 2603 3694 opere,
2636 3613 2817 3694 cuius
2845 3611 2994 3676 libri
3022 3611 3432 3696 manuscripti
3473 3612 3695 3696 quinto
3715 3615 3849 3696 jam

2289 3703 2503 3767 seculo
2533 3703 2802 3766 multum
2833 3702 3304 3786 discrepabant3
3334 3701 3505 3767 unde
3538 3703 3721 3768 facile
3750 3704 3851 3767 in-

2288 3791 2590 3873 telligitur
2633 3792 2699 3854 in
2744 3791 3040 3874 Dionysio
3070 3791 3277 3855 minus
3323 3790 3514 3855 etiam
3556 3811 3745 3873 quam
3782 3793 3846 3855 in

2287 3880 2413 3945 alio
2440 3879 2657 3963 quovis
2684 3887 2937 3944 auctore
2964 3879 3236 3962 pretium
3264 3877 3559 3943 codicum
3584 3899 3662 3943 ex
3689 3880 3852 3944 anti-

2286 3968 2525 4052 quitate
2558 3986 2777 4032 eorum
2808 3967 3103 4032 aestimari
3130 3985 3338 4048 posse.
3371 3971 3462 4031 Ac
3499 3986 3647 4032 sane
3689 3971 3852 4034 acci-

2285 4057 2378 4121 dit
2400 4063 2471 4122 ut
2494 4076 2655 4120 unus
2674 4077 2709 4121 e
2734 4055 3177 4122 recentissimis
3198 4074 3343 4120 saec.
3368 4058 3504 4120 XVI
3520 4057 3847 4123 codicibus

2283 4146 2389 4228 (Υ)
2438 4149 2503 4208 et
2528 4145 2890 4226 Dionysium
2924 4163 2961 4208 a
2987 4143 3400 4207 crassioribus
3434 4145 3681 4207 mendis
3714 4147 3844 4208 fere

2281 4232 2553 4296 liberum
2593 4230 2905 4314 simulque
2964 4229 3362 4294 Eustathium
3413 4248 3600 4312 quam
3652 4232 3845 4294 ceteri

2282 4339 2503 4386 omnes
2522 4318 2921 4401 integriorem
2933 4317 3229 4403 praeheat.
3244 4319 3556 4382 Praeterea
3566 4319 3846 4384 melioris

2280 4409 2603 4475 notaelibri
2614 4416 2760 4473 sunt
2773 4410 3065 4486 CEKGd,
3081 4408 3435 4491 equibusK
3446 4407 3844 4472 librariorum

2279 4499 2447 4564 vitiis
2470 4517 2649 4582 paene
2677 4516 2909 4562 vacuus
2934 4506 3049 4561 est.
3088 4499 3158 4560 In
3195 4496 3518 4561 Eustathio
3557 4498 3757 4562 codex
3793 4501 3851 4563 Y

2285 4587 2534 4652 nonnisi
2573 4586 2845 4649 minutas
2887 4585 3172 4662 lacunaS,
3208 4603 3317 4648 sex
3352 4590 3668 4666 septemve
3732 4605 3849 4649 nu-

2287 4695 2487 4752 mero,
2520 4674 2739 4750 habet,
2776 4691 2853 4737 ex
2877 4691 2954 4736 eo
2974 4679 3215 4736 tantum
3238 4691 3367 4735 non
3394 4691 3616 4737 omnes
3634 4682 3802 4737 ortas
3819 4719 3836 4754 z

2288 4763 2462 4846 quod
2482 4761 2687 4827 scriba
2711 4761 2777 4824 in
2800 4761 2955 4824 locis
2970 4807 2988 4836 ,
3016 4759 3127 4824 ubi
3157 4759 3326 4823 idem
3346 4760 3605 4824 verbum
3628 4763 3845 4843 paucis

2288 4849 2633 4932 interjectis
2654 4849 2881 4913 iterum
2908 4854 3289 4926 recurreret,
3313 4846 3400 4911 ab
3430 4848 3625 4912 altero
3652 4849 3732 4912 ad
3760 4851 3847 4913 al-

2285 4949 2489 5004 terum
2530 4937 2859 5002 transiluit.
2878 4937 2976 5000 Ad
3005 4936 3351 5018 Yproxime
3382 4935 3629 5000 accedit
3648 4939 3721 5016 C,
3736 4938 3842 5020 qui

2284 5027 2421 5109 ipse
2446 5044 2694 5109 quoque
2714 5025 2963 5090 nonnisi
2985 5025 3257 5088 minores
3286 5024 3589 5108 quasdam
3620 5043 3847 5107 pauca-

2283 5133 2423 5178 rum
2444 5115 2748 5178 linearum
2766 5114 3018 5177 lacunas
3036 5110 3246 5176 habet.
3274 5115 3365 5175 Ex
3384 5111 3605 5176 eadem
3619 5159 3636 5189 ,
3663 5113 3842 5193 cujus

779 5226 1042 5284 naceus‚
1073 5225 1264 5290 quem
1291 5205 1458 5271 dono
1479 5205 1635 5269 mihi
1665 5205 1837 5269 dedit
1860 5205 2188 5287 Cajetanus
2279 5210 2378 5268 est
2401 5207 2471 5278 C,
2494 5202 2730 5267 familia
2755 5201 3105 5267 deducendi
3131 5207 3274 5265 sunt
3299 5201 3551 5266 codices
3581 5204 3713 5281 οἱ,
3733 5200 3842 5285 qui

778 5296 1067 5373 Monilia,
1104 5296 1198 5359 vir
1241 5294 1624 5358 clarissimus
1670 5301 1858 5377 atque
1899 5293 2188 5358 doctissi-
2264 5295 2343 5356 'in
2376 5291 2613 5357 lacunis
2641 5291 2929 5375 plurimis
2966 5311 3109 5356 cum
3152 5295 3203 5356 C
3242 5293 3605 5375 conspirant
3634 5293 3729 5374 (v.
3778 5309 3838 5355 c.
