4584 6284
1753 396 2112 460 ANAPLUS
2154 394 2492 457 BosPonl
2533 391 2884 454 TllRACll.

3853 395 3930 449 43

722 538 931 603 sedens,
957 536 1026 591 de
1048 553 1158 609 quo
1174 534 1447 606 AEschylus
1468 532 1523 586 in
1554 528 1808 602 tragoedia
1830 538 2133 601 nuncupata
2158 529 2279 582 Per·
2369 550 2540 589 serem
2585 532 2642 585 in
2703 528 2922 603 Polybio
2967 526 3242 599 legendum
3285 518 3356 581 Ἦ
3367 530 3509 599 ραῖον
3557 526 3735 599 potius
3774 544 3938 599 quam

720 628 791 683 sis
812 625 965 700 (456)
986 626 1063 679 sic
1084 624 1159 678 ait
1186 664 1200 678 .

841 750 1015 816 Ξέρξης
1040 747 1085 799 δ’
1112 746 1337 811 ἆνῲμωξι
1368 750 1527 795 κακῶν
1555 745 1674 807 ὀρῶν
1694 742 1854 807 βάθος·

842 822 979 885 ἕδραν
1001 820 1091 883 γὰρ
1116 818 1217 881 εἶχε
1237 816 1409 873 παντὸς
1434 815 1577 877 εὐαγῆ
1592 817 1789 877 στρατοῦ
1802 850 1817 875 ,

842 893 1023 955 ὑψηλὸν
1048 890 1191 955 ὄχθον
1214 888 1328 952 dat
1352 886 1574 947 πελαγίας
1598 886 1723 943 ἁλός.

718 1010 963 1078 Itemque
984 1004 1088 1058 hac
1114 1002 1173 1056 in
1187 1018 1247 1056 re
1274 998 1549 1055 verisimile
1570 1008 1649 1053 est
1675 997 1937 1051 imitatum
1962 994 2123 1049 fuisse
2144 994 2281 1047 Xer·

722 1111 846 1150 xem
868 1092 1035 1166 patris
1082 1090 1232 1145 Darii
1274 1089 1526 1143 rationem
1542 1126 1560 1154 ,
1603 1086 1894 1159 prasertim
1930 1100 2055 1139 cum
2087 1082 2281 1137 Darius

721 1178 1087 1238 Mandroclem
1104 1176 1319 1233 haberet
1334 1178 1569 1232 Darianae
1590 1174 1765 1247 gloriae
1784 1171 2102 1237 studiosum,
2122 1186 2282 1242 quem

722 1283 805 1327 est
835 1288 960 1325 vero
997 1268 1299 1341 proximum
1338 1268 1395 1321 in
1420 1264 1553 1319 clivo
1578 1264 1841 1318 eminente
1874 1277 2033 1335 supra
2064 1268 2283 1333 pontem

724 1356 979 1415 excidisse
1017 1356 1207 1411 solium
1223 1394 1241 1421 ,
1292 1372 1413 1408 cum
1458 1354 1502 1407 is
1550 1362 1711 1425 ponte
1755 1348 1999 1405 consecto
2032 1366 2065 1403 a
2118 1348 2283 1402 Dario

726 1444 927 1517 magnis
944 1442 1170 1516 praemiis
1198 1438 1415 1495 affectus
1430 1478 1447 1505 ,
1475 1438 1543 1493 ad
1581 1439 1759 1491 vivum
1783 1435 2087 1510 depinxerit
2108 1444 2283 1489 totum

722 1544 938 1607 pontem
962 1530 1180 1603 Bospori
1195 1540 1248 1584 et
1272 1546 1447 1600 regem
1464 1528 1687 1581 Darium
1704 1528 1759 1580 in
1774 1524 1921 1596 regio
1942 1523 2075 1579 solio
2097 1520 2284 1577 seden-

724 1631 832 1675 tem
856 1616 1071 1691 ejusque
1090 1617 1377 1671 exercitum
1399 1624 1753 1669 transeuntem
1768 1654 1785 1682 ,
1805 1628 1973 1683 eaque
1995 1609 2203 1685 depicta
2228 1610 2283 1663 in

720 1708 908 1761 Heraeo
922 1744 939 1771 ,
962 1704 1063 1759 hoc
1083 1714 1163 1759 est
1179 1700 1376 1775 templo
1388 1702 1614 1757 ,Iunonis
1628 1740 1644 1766 ,
1665 1716 1789 1754 eum
1810 1699 1913 1753 hac
1938 1697 2284 1771 inscriptione

719 1790 1047 1867 suspenderit
1067 1801 1121 1847 et
1146 1790 1399 1846 dicaverit
1418 1787 1697 1863 (Herodot.
1730 1790 1785 1853 4,
1816 1784 1915 1861 88)
1942 1804 1957 1843 :

840 1914 1083 1979 Βόσπορον
1111 1913 1359 1979 ἰχθυόεντα
1382 1912 1654 1978 γεφυρώσας
1675 1912 1871 1969 ἀνέθηκε

842 1986 1171 2051 Μανδροκλέης
1198 1986 1325 2049 Ἥρῃ
1346 1982 1642 2048 μνημόσυνον
1668 1982 1861 2045 σχεδίης
1876 1992 1891 2006 ·

843 2057 975 2119 αὑτῷ
998 2054 1082 2119 μὶν
1110 2054 1337 2118 στέφανον
1361 2054 1556 2120 περιθεὶς
1569 2088 1584 2115 ,
1604 2053 1823 2116 Σαμίοισι
1850 2050 1901 2101 ὄλ
1933 2052 2108 2110 κῦδος,

842 2126 1043 2191 Δαρείου
1072 2127 1291 2191 βασιλέος
1314 2124 1555 2183 tunica<
1580 2126 1707 2175 aar&
1724 2128 1852 2173 νοῦν.

722 2252 785 2305 In
831 2248 979 2303 edito
1026 2248 1285 2305 Herodoti
1321 2246 1501 2303 codice
1537 2237 1910 2319 Μανδροκλέης
1958 2246 2181 2320 legitur;
2229 2246 2285 2300 in

728 2336 963 2412 quodam
982 2338 1339 2409 manuscripto
1353 2326 1687 2407 Ἀνδροκλίης
1701 2337 1743 2399 ¹,
1765 2334 1913 2407 quod
1932 2354 2127 2391 nomen
2145 2335 2289 2389 Grae-

725 2426 800 2481 cis
834 2425 1089 2479 usitatum
1128 2432 1210 2476 est
1233 2432 1289 2475 et
1314 2420 1491 2476 nobile
1506 2462 1521 2485 ,
1564 2419 1697 2475 illud
1736 2421 1967 2491 ignobile
1991 2432 2046 2476 et
2070 2437 2287 2495 prorsus

724 2510 1079 2585 pastoritium.
1156 2510 1281 2579 Quo
1310 2507 1429 2563 loco
1456 2506 1614 2563 suerit
1646 2499 1905 2581 Ἡραῖον,
1929 2510 1987 2565 in
2030 2526 2140 2581 quo
2177 2506 2290 2563 haec

722 2598 912 2655 dicerit
932 2596 1254 2665 Androcles,
1277 2614 1385 2651 non
1402 2596 1626 2669 explieat
1644 2596 1968 2664 Herodotus,
1988 2614 2056 2652 an
2078 2595 2136 2650 id
2156 2606 2290 2651 esset

715 2686 869 2760 juxta
883 2688 1185 2759 Bosporum
1201 2726 1219 2751 ,
1243 2704 1311 2739 an
1334 2684 1463 2739 illud
1490 2684 1639 2757 quod
1660 2687 1800 2739 inter
1820 2684 2211 2740 Chalcedonem
2236 2693 2289 2739 et

718 2774 1147 2849 promontorium
1180 2782 1539 2845 nuncupatum
1561 2774 1767 2827 Acritas
1788 2773 1942 2845 ponit
1970 2774 2287 2847 Menippus²

719 2867 776 2919 in
812 2862 1017 2937 periplo
1050 2862 1308 2935 Bithynia
1343 2864 1473 2934 (ap.
1520 2864 1599 2919 St.
1641 2864 1767 2935 Byz.
1811 2881 1862 2919 ν.
1917 2852 2239 2932 Χαλκηδών)
2266 2874 2285 2933 3

718 2952 819 3019 bn,
862 2970 986 3006 cum
1032 2949 1242 3004 Samius
1278 2959 1412 3003 essct
1451 2948 1776 3012 Androcles,
1818 2951 1875 3003 in
1902 2947 2023 3003 loeo
2046 2946 2287 3002 Thraciae

720 3037 979 3112 sppellato
1009 3026 1223 3109 Ἡραίῳ
1266 3052 1299 3089 a
1338 3036 1525 3090 Samiis
1565 3034 1801 3090 habitato
1818 3074 1835 3101 ,
1879 3053 1947 3089 an
1992 3036 2051 3088 in
2087 3034 2285 3105 templo

718 3126 945 3179 Junonis
963 3123 1177 3189 Samiae,
1208 3119 1354 3193 quod
1382 3121 1581 3175 illustre
1602 3122 1785 3175 Samos
1812 3120 1987 3175 insula
2021 3119 2280 3187 habebat,

722 3229 839 3266 eam
864 3213 1126 3284 picturam
1158 3208 1503 3281 suspenderit.
1580 3208 1742 3278 Quod
1770 3210 1813 3263 si
1843 3198 2063 3281 Ἡραῖον
2090 3207 2193 3263 fuit
2227 3209 2282 3261 iu

724 3298 841 3355 loco
861 3338 877 3362 ,
897 3298 993 3354 ubi
1008 3298 1201 3353 Darius
1212 3306 1427 3371 pontem
1438 3294 1620 3368 junxit
1631 3336 1648 3362 ,
1668 3307 1731 3351 ut
1752 3296 2033 3351 verisimile
2050 3295 2281 3362 videtur,

726 3387 895 3441 miror
918 3384 1283 3451 Herodotum,
1312 3401 1433 3439 cum
1460 3384 1535 3438 ait
1562 3386 1651 3452 (4,
1678 3384 1779 3455 87)
1828 3400 1905 3437 :-
1949 3384 2125 3437 Locus
2153 3383 2286 3436 Bos-

724 3475 873 3547 pori,
900 3491 1062 3547 quem
1080 3483 1243 3546 ponte
1270 3470 1449 3544 junxit
1484 3488 1583 3525 rex
1620 3470 1815 3525 Darius
1832 3509 1849 3537 ,
1875 3470 2032 3537 mihi,
2072 3470 2281 3542 inquit,

724 3558 1040 3633 conjectanti
1062 3558 1270 3613 videtur
1290 3557 1493 3613 medius
1517 3558 1656 3612 inter
1678 3557 1991 3630 Byzantium
2022 3567 2075 3611 et
2100 3555 2285 3611 sanum

726 3649 785 3703 in
807 3664 901 3701 ore
936 3648 1096 3702 Ponti
1137 3646 1297 3699 situm
1338 3669 1361 3693 ι
1381 3685 1398 3713 ,
1439 3661 1537 3698 cur
1570 3661 1680 3698 non
1720 3642 1895 3698 locum
1934 3643 2287 3698 nominaverit

726 3725 971 3807 Ἡραῖον.
1050 3735 1234 3805 Neque
1267 3732 1549 3805 Dionysius
1569 3733 1849 3804 Byzantius
1870 3732 2139 3799 meminit,
2159 3748 2283 3786 cum

728 3834 1027 3879 ceter-orum
1066 3821 1383 3893 templorum
1401 3818 1555 3892 juxta
1580 3822 1875 3893 Bosporum
1912 3823 2137 3875 sitorum
2178 3839 2286 3875 me-

726 3912 970 3979 mina-in
1000 3920 1055 3965 at
1074 3927 1244 3981 neque
1265 3908 1493 3963 Hermaei
1517 3910 1787 3974 meminit,
1812 3926 1935 3963 cum
1961 3928 2029 3965 ex
2063 3908 2283 3981 Polybio

724 3998 1031 4053 Hermaeum
1053 3996 1179 4051 alibi
1216 4012 1471 4051 essenon
1494 3994 1658 4067 possit
1674 4034 1691 4061 ,
1718 4011 1877 4066 quam
1922 3994 2015 4049 ubi
2050 4006 2130 4050 est
2154 3998 2285 4067 Pyr·

722 4083 865 4138 rhins
890 4084 1062 4156 Cyon.
1113 4107 1138 4129 ι
1185 4084 1487 4137 Her-tnaeum
1529 4082 1755 4154 Europa
1773 4121 1789 4150 ‚
1826 4081 2001 4152 inquit
2038 4081 2286 4153 Polybius

723 4172 801 4241 (4,
826 4171 919 4239 43,
950 4173 1023 4241 2)
1036 4212 1057 4241 ‚
1084 4172 1143 4223 in
1161 4170 1513 4243 promontorii
1539 4170 1825 4223 eminentia
1848 4167 2079 4242 quadem
2096 4208 2113 4235 ,
2135 4168 2286 4241 juxta

720 4278 781 4316 os
804 4261 992 4328 Ponti,
1014 4260 1156 4314 inter
1180 4259 1491 4331 Byzantium
1526 4267 1579 4313 et
1604 4258 1809 4311 Fanum
1834 4256 2023 4323 situm,
2044 4256 2203 4312 distat
2222 4258 2289 4313 ab

720 4348 846 4403 Asia
872 4348 1109 4420 quinque
1128 4345 1297 4400 stadia
1313 4383 1330 4411 ,
1366 4342 1659 4399 secundum
1688 4343 1867 4399 locum
1898 4344 2287 4399 strictissimum

722 4436 883 4491 totius
916 4435 1025 4489 oris
1042 4433 1276 4499 Pontici,
1299 4449 1405 4504 qua
1422 4432 1574 4487 aiunt
1596 4432 1819 4487 Darium
1841 4443 2006 4505 ponte
2016 4432 2287 4505 Europam

719 4520 955 4593 junxisse
974 4522 1109 4576 Asiae
1125 4560 1142 4585 ,
1168 4537 1293 4573 cum
1326 4519 1570 4574 tramiret
1594 4530 1778 4573 contra
1813 4520 2057 4591 Scythas.
2090 4546 2115 4569 ι
2148 4521 2285 4575 Cen·

800 4712 851 4748 1.
885 4692 1219 4765 Ἄνδροκλέης]
1247 4696 1311 4747 In
1347 4693 1535 4747 nostris
1560 4691 1819 4747 Herodoti
1855 4691 2131 4747 codicibus
2165 4712 2282 4747 om·

726 4773 885 4827 nibus
908 4771 1252 4846 Μανδροκλέης
1266 4772 1365 4843 legi
1384 4770 1607 4837 videtur,
1636 4773 1773 4826 sicut
1794 4770 1939 4844 apud
1961 4774 2204 4827 Tzetzem
2226 4774 2281 4826 in

727 4854 865 4909 Chil.
904 4870 953 4917 1,
984 4870 1033 4907 ν.
1074 4855 1197 4907 826.
1224 4853 1290 4905 In
1326 4851 1538 4907 Authol.
1568 4850 1676 4906 Pal.
1704 4855 1768 4917 6,
1787 4855 1887 4915 341
1910 4850 2098 4922 legitur
2138 4851 2281 4906 Μαν-

724 4935 995 5007 δρόκρεων.
1020 4936 1353 5007 Epigramma
1374 4944 1537 4989 exstat
1561 4934 1717 4988 etiam
1758 4935 1813 4987 in
1842 4933 2045 4989 Chron.
2076 4936 2277 4989 Simeo-

723 5016 807 5068 nis
844 5014 1153 5085 Logotbetae
1186 5015 1210 5085 (
1229 5011 1348 5068 cod.
1385 5015 1547 5071 Puris.
1584 5030 1737 5083 1702,
1766 5012 1859 5069 fol.
1892 5014 2025 5087 73),
2060 5014 2157 5067 ubi
2182 5031 2283 5085 pro

724 5092 1073 5165 Μανδροκλέης
1106 5092 1267 5148 habes
1292 5092 1627 5165 Σμαρδοκλέης
1643 5134 1657 5159 ,
1691 5104 1743 5147 et
1782 5093 1839 5147 in
1876 5093 2065 5148 ultimo
2094 5110 2276 5147 versu:

723 5174 911 5247 Δαρείῳ
948 5173 1167 5245 βασιλεῖ.
1194 5175 1437 5229 Ceterum
1470 5175 1725 5245 picturam
1766 5175 1919 5227 istam
1966 5173 2047 5226 vir
2071 5173 2279 5227 Samius

724 5252 991 5308 dedicasse
1017 5252 1314 5308 censendus
1340 5263 1420 5308 est
1448 5254 1503 5308 in
1524 5251 1859 5326 pinacotheca
1890 5252 2064 5307 Heraei
2086 5252 2271 5307 Samii.

2372 614 2631 693 Ἑρμαῖον
2645 658 2660 685 ,
2682 617 2784 672 nisi
2811 634 2998 672 omues
3022 614 3232 670 codices
3257 611 3462 685 Polybii
3475 651 3492 680 ,
3531 630 3666 685 quos
3697 612 3828 667 mihi
3861 612 3939 669 vi·

2371 708 2498 763 dere
2538 707 2760 778 contigit
2775 744 2792 772 ,
2817 704 3072 760 haherent
3093 692 3368 775 Ἑρμαῖον.
3453 701 3564 755 Cur
3593 718 3720 754 vero
3741 701 3816 755 its
3849 718 3938 773 ap-

2369 794 2620 868 pellatum
2649 795 2748 858 sit,
2771 808 2930 847 nemo
2957 788 3170 855 scribit,
3199 807 3266 845 an
3290 807 3323 844 a
3349 786 3547 860 templo
3571 787 3848 851 Mercurii,
3867 806 3938 841 an

2370 902 2402 937 a
2438 880 2677 954 lapidum
2725 894 2914 934 acervo
2951 878 3009 933 in
3053 876 3151 931 viis
3199 874 3374 930 dubiis
3423 883 3760 941 conseo-ato,
3803 891 3872 928 sn
3904 892 3937 929 a

2368 968 2633 1041 lapidibus
2667 963 3040 1039 quadrangulis
3083 962 3334 1017 Hermaeis
3371 960 3690 1034 nuncupatis
3713 1000 3728 1023 ,
3759 960 3938 1032 quales

2368 1074 2482 1111 esse
2518 1062 2815 1128 potuerunt
2849 1050 3022 1118 stelae,
3063 1068 3194 1122 quas
3219 1048 3496 1103 marmoris
3531 1046 3636 1101 albi
3663 1048 3858 1101 Darius
3880 1048 3938 1101 in

2373 1144 2474 1199 hoc
2497 1142 2618 1199 loco
2641 1142 2842 1215 posuit,
2871 1141 2928 1193 in
2967 1156 3074 1193 una
3099 1135 3334 1193 incidens
3373 1136 3547 1191 literas
3572 1136 3842 1207 Assyrias,
3878 1135 3938 1188 in

2370 1230 2532 1286 altera
2557 1232 2788 1286 Graecas.
2861 1230 3046 1299 Itaque
3062 1235 3200 1280 reete
3226 1224 3478 1297 potuisset
3504 1220 3808 1276 Herodotus
3829 1223 3939 1276 Da-

2371 1318 2438 1371 rii
2479 1316 2634 1372 stelas
2681 1313 2940 1389 appellare
2973 1314 3192 1368 Hermas
3207 1350 3225 1377 ,
3275 1320 3338 1365 ut
3381 1308 3654 1365 AEschines
3699 1309 3940 1363 nominat

2371 1404 2596 1457 Hermas
2629 1400 2851 1455 honoris
2878 1416 3034 1453 causa
3061 1398 3308 1451 excitatos
3344 1412 3468 1449 cum
3507 1395 3762 1466 inscripta
3781 1393 3940 1449 laude

2371 1486 2612 1561 alicujus.
2687 1488 2776 1543 Sic
2795 1486 2936 1541 enim
2953 1486 3029 1540 ait
3042 1482 3311 1541 AEscbines
3333 1492 3520 1537 eontra
3540 1481 3938 1553 Ctesiphontem

2377 1576 2510 1649 (Or.
2557 1575 2611 1641 3,
2659 1576 2692 1644 S
2739 1573 2883 1643 183)
2919 1588 2988 1627 :-
3040 1568 3202 1625 Dedit
3239 1567 3466 1642 populus
3497 1566 3836 1622 Atheniensis
3861 1568 3940 1621 eis

2375 1666 2604 1721 honores
2627 1678 2844 1734 magnos
2862 1670 2970 1715 tres
2987 1658 3218 1744 lapideos
3235 1658 3458 1710 Hermas
3477 1664 3700 1709 statutos
3730 1655 3786 1708 in
3811 1672 3936 1727 por-

2375 1754 2486 1808 ticu
2507 1754 2830 1807 Heu-marum
2846 1789 2863 1814 ,
2892 1758 3052 1820 atque
3087 1747 3145 1801 in
3169 1743 3384 1817 singulis
3423 1743 3692 1815 inscripsit
3724 1740 3936 1797 laudem

2371 1840 2586 1895 illorum
2617 1858 2642 1889 s
2672 1856 2688 1895 ε
2727 1834 2922 1892 deinde
2947 1842 3124 1889 narret
3141 1871 3158 1900 ,
3181 1829 3315 1905 quid
3335 1830 3651 1903 inscriptum
3679 1829 3734 1883 in
3757 1830 3938 1902 primo

2373 1930 2713 1992 Hermas-um,
2734 1923 2865 1997 quid
2891 1925 2948 1979 in
2965 1920 3218 1989 secundo,
3244 1918 3376 1993 quid
3410 1919 3666 1973 intertio.
3696 1918 3939 1991 Denique

2375 2032 2561 2070 omnes
2577 2012 2728 2067 stelas
2749 2010 2996 2084 lapideas,
3017 2026 3198 2064 omnes
3213 2007 3416 2081 cippos,
3440 2006 3664 2060 Hermas
3682 2003 3940 2079 appellare

2373 2119 2673 2178 possumus.
2689 2101 3135 2171 Tzetzes(1,826),
3155 2096 3346 2153 nobilis
3365 2093 3754 2167 grammaticus,
3776 2102 3830 2147 et
3845 2094 3939 2166 qui

2373 2191 2608 2245 exactius
2636 2187 2884 2243 onmihus
2915 2185 3176 2242 historicis
3205 2182 3620 2255 geographisque
3653 2196 3711 2234 se
3738 2180 3940 2253 Bospo-

2375 2296 2496 2333 rum
2524 2276 2660 2331 seire
2694 2274 2966 2346 gloriatur,
3010 2272 3157 2328 hunc
3181 2270 3356 2327 locum
3396 2286 3506 2323 non
3545 2266 3769 2341 appellet
3802 2268 3939 2321 Her·

2377 2382 2589 2432 meum,
2611 2362 2704 2419 sed
2725 2364 2994 2429 Hermum,
3016 2378 3138 2417 cum
3161 2360 3232 2414 ait
3259 2376 3274 2414 ε
3305 2380 3328 2410 ι
3349 2356 3703 2425 Mandrocles,
3731 2356 3940 2411 Samius

2376 2453 2697 2507 architectus
2711 2492 2728 2519 ,
2755 2452 3052 2523 Bosporum
3071 2446 3488 2521 Helles-‚pontium
3507 2443 3730 2499 navibus
3758 2441 3942 2515 junxit

2375 2541 2486 2595 sive
2526 2540 2666 2595 circa
2704 2538 2966 2594 Damalim
3013 2537 3123 2591 sive
3162 2536 3302 2590 circa
3344 2534 3590 2589 Heraeum
3639 2526 3658 2591 (
3680 2522 3782 2583 εἴτε
3815 2522 3940 2603 περὶ

2375 2620 2472 2694 τὴν
2500 2618 2761 2701 Δάμαλιν,
2789 2618 2893 2679 εἴτε
2920 2616 3012 2678 καὶ
3039 2616 3100 2677 τὸ
3127 2610 3413 2697 ‘apostema
3433 2657 3452 2687 ,
3484 2612 3647 2686 idque
3691 2612 3938 2668 Herodo-

2375 2728 2488 2773 tum
2529 2716 2758 2771 scribere
2807 2715 3010 2770 asserit.
3083 2710 3342 2787 Equidem
3385 2711 3554 2767 fateor
3605 2710 3940 2767 Herodotum

2375 2805 2632 2870 scribere,
2679 2815 2740 2860 ut
2779 2803 3097 2871 Androcles,
3135 2818 3252 2875 que
3297 2801 3554 2875 pinxisset
3581 2798 3650 2854 de
3682 2809 3846 2871 ponte
3887 2810 3942 2854 et

2375 2894 2542 2949 Dario
2562 2892 2784 2966 ejusque
2809 2893 3070 2957 exercitu,
3097 2908 3160 2945 ea
3189 2888 3520 2962 suspenderit
3548 2886 3618 2943 ad
3649 2888 3896 2943 timum
3920 2906 3936 2943 ι

2373 2979 2468 3035 sed
2495 2980 2553 3034 iu
2575 2996 2686 3051 quo
2705 2980 2824 3033 loco
2844 2978 2902 3033 id
2928 2976 3118 3042 fuerit,
3139 2976 3466 3032 Herodotum
3489 2974 3756 3031 declarare
3779 2994 3936 3048 nego.

2371 3070 2756 3122 Verumtamen
2783 3076 2846 3121 ut
2889 3082 2999 3119 non
3025 3063 3250 3119 absurde
3284 3065 3526 3120 Taetsem
3561 3072 3694 3135 puto
3731 3061 3940 3135 conjec-

2373 3163 2534 3217 tasse,
2565 3152 2814 3206 Heraeum
2845 3150 3008 3205 fixisse
3031 3152 3170 3205 ciroe
3189 3150 3366 3204 locum
3389 3150 3482 3204 ubi
3505 3150 3700 3212 Darius
3717 3160 3934 3221 pontem

2367 3233 2576 3306 junxit,
2612 3238 2686 3291 ita
2708 3236 3082 3291 absurdissime
3103 3236 3412 3307 ambiguum
3433 3236 3587 3308 ponit
3609 3234 3784 3289 locum
3797 3276 3814 3302 ,
3845 3236 3940 3292 uhi

2372 3342 2508 3399 pons
2524 3323 2744 3396 junctus
2769 3334 2878 3391 est,
2917 3340 3030 3379 esse
3055 3322 3166 3377 sive
3188 3323 3328 3376 circa
3365 3323 3616 3376 Heroeum
3653 3322 3762 3375 sive
3799 3321 3942 3377 circa

2373 3411 2652 3468 Damalim.
2728 3412 2836 3480 Qui
2853 3451 2870 3477 ,
2899 3411 2944 3465 si
2981 3411 3319 3465 existimasset
3332 3449 3348 3475 ,
3374 3419 3436 3463 ut
3459 3410 3757 3463 existimare
3778 3409 3940 3465 debe-

2370 3498 2494 3566 hat,
2529 3498 2865 3555 Herodotum
2906 3514 3094 3553 verum
3141 3508 3194 3551 et
3231 3495 3536 3568 diligentem
3579 3494 3937 3569 geographum

2371 3584 2553 3653 fuisse,
2584 3585 2629 3639 si
2657 3584 2914 3641 Herodoti
2937 3583 3212 3639 historiam
3228 3622 3246 3649 ,
3272 3600 3432 3655 quam
3455 3584 3612 3649 citat,
3631 3581 3940 3656 perpendis-

2371 3683 2453 3727 set
2471 3712 2488 3739 ,
2527 3690 2800 3745 nunquam
2829 3672 3122 3743 Bosporum
3148 3670 3452 3744 appellasset
3481 3668 3901 3741 Hellespontium
3919 3709 3936 3735 ,

2371 3776 2480 3814 non
2527 3758 2852 3814 confudisset
2885 3758 2986 3813 tria
3025 3758 3192 3811 maris
3207 3796 3224 3823 ,
3271 3773 3390 3828 quae
3427 3754 3732 3811 Herodotus
3767 3754 3940 3810 trihus

2373 3847 2678 3903 nominihus
2714 3845 2905 3900 dividit
2929 3846 2986 3899 in
3011 3846 3336 3917 Bosporum,
3377 3841 3787 3915 Propontidem,
3811 3842 3940 3898 Hel-

2371 3934 2672 4006 lespontum
2685 3973 2702 3999 ,
2729 3949 3004 4003 nunquam
3048 3931 3333 4003 scripsisset
3366 3930 3514 3983 Darii
3557 3938 3776 4001 pontem
3809 3926 3939 4000 jun·

2371 4030 2518 4075 ctum
2545 4018 2703 4074 fuisse
2728 4020 2866 4074 circa
2896 4016 3170 4074 Damalim.
3247 4016 3476 4070 Damalis
3501 4016 3645 4069 enim
3681 4016 3792 4069 sive
3831 4016 3938 4069 Bos

2374 4105 2519 4161 locus
2541 4124 2606 4160 ex
2629 4104 2714 4159 his
2732 4144 2748 4171 ,
2768 4121 2886 4177 quae
2917 4113 3068 4157 antea
3091 4101 3242 4157 attuli
3279 4112 3334 4156 et
3357 4112 3540 4174 postea
3559 4098 3778 4155 afferam
3792 4140 3808 4167 ,
3834 4100 3939 4155 suit

2375 4193 2428 4247 in
2462 4191 2830 4277 promontorio
2865 4190 3132 4275 Scutarico
3171 4199 3370 4271 septem
3397 4188 3568 4271 stadia
3605 4186 3832 4241 distante
3867 4187 3936 4242 ab

2377 4263 2510 4318 urbe
2533 4264 2808 4335 Byzantio,
2849 4260 2944 4315 ubt
2969 4279 3013 4315 st
3043 4277 3175 4333 pons
3196 4269 3414 4331 junctus
3451 4258 3663 4325 fuisset,
3710 4256 3934 4313 alterum

2377 4350 2553 4422 pontis
2578 4360 2737 4422 caput
2758 4359 2848 4403 aut
2871 4348 3120 4419 attigisset
3140 4346 3476 4420 Byzantium,
3508 4355 3600 4400 aut
3623 4344 3772 4399 littus
3798 4344 3936 4400 ultra

2375 4439 2559 4491 Peram
2595 4436 2754 4490 situm
2769 4476 2784 4504 ,
2827 4435 2920 4490 ubi
2967 4436 3230 4509 Bosporus
3263 4443 3386 4488 octo
3417 4430 3600 4487 stadiis
3632 4430 3790 4486 letior
3829 4442 3928 4486 est.

2332 4557 2342 4567 ·
2377 4526 2448 4579 At
2468 4542 2532 4577 ex
2561 4522 2738 4577 multis
2754 4521 3096 4595 scriptoribus
3121 4521 3252 4575 scire
3281 4528 3512 4591 poterat,
3540 4518 3689 4572 Darii
3717 4528 3934 4590 pontem

2444 4712 2499 4749 α.
2543 4658 2755 4765 Quot—I...
2775 4695 2932 4769 ponit
2949 4694 3267 4768 Menippus]
3292 4691 3592 4747 Dicendum
3619 4702 3732 4745 erat
3751 4651 3774 4744 ἐ
3796 4690 3941 4763 quod

2369 4787 2485 4830 erat
2523 4776 2660 4831 inter
2693 4774 3050 4831 (stult-edonem
3083 4787 3134 4827 et
3155 4770 3570 4846 promontorium
3607 4768 3751 4842 quod
3773 4767 3934 4822 Acri·

2372 4865 2482 4909 tam
2517 4866 2676 4910 vocat
2707 4854 3010 4928 Menippus.
3049 4854 3183 4906 Nam
3217 4852 3499 4924 Menippus
3533 4846 3676 4921 apud
3714 4846 3933 4918 Stepha-

2370 4952 2500 4988 num
2526 4952 2578 4990 ν.
2601 4933 2870 5001 Χαλκηδών
2907 4933 3077 4987 Heraei
3103 4948 3208 4984 nou
3244 4930 3506 4984 meminit.
3547 4928 3730 4997 Neque
3759 4923 3930 4991 infra,

2369 5009 2464 5065 ubi
2491 5009 2559 5065 de
2598 5011 2768 5065 Heraei
2794 5010 2898 5063 situ
2939 5008 3103 5063 fusius
3127 5008 3318 5077 agitur,
3356 5007 3460 5063 ulla
3497 5005 3694 5059 mentio
3727 5002 3788 5055 fit
3819 5003 3936 5055 Me-

2370 5090 2516 5163 nippi
2537 5132 2553 5158 ,
2602 5107 2757 5162 quem
2799 5088 3000 5160 Gyllius
3039 5103 3147 5143 non
3178 5087 3524 5163 integriorem
3548 5080 3734 5137 habuit
3775 5096 3936 5151 quam

2368 5188 2466 5224 nos
2479 5167 2592 5241 jam
2619 5169 2890 5224 habemus.
