4584 6284
640 558 715 615 80
1868 548 2207 610 moNst
2250 551 2604 613 BYzANTn

632 700 736 745 κε,
767 692 827 734 nt
839 691 1021 755 pontis
1047 676 1417 733 commoditate
1436 677 1519 732 nti
1528 688 1707 753 posset
1724 675 1929 732 abunde
1953 675 2027 731 ad
2049 696 2185 735 cotn-
2217 692 2231 732 ι
2272 678 2402 735 dues
2426 680 2709 749 valliculam
2730 683 2796 738 ab
2818 696 2942 740 ortu
2959 686 3081 741 solis
3108 686 3398 745 includitur
3421 689 3585 745 altero
3608 690 3738 746 colle
3758 710 3827 747 ex

626 777 850 819 meatum
898 775 1206 819 tet-mtrem.
1250 765 1392 819 Nam
1431 760 1598 817 classe
1644 760 1915 832 Byzantiis
1947 780 2057 837 par
2086 780 2188 817 non

616 850 753 923 fuit,
793 850 957 905 naenlto
991 853 1135 903 mari
1168 846 1572 923 irrepet-ontibus.
1612 849 1783 901 quta
1815 846 1951 901 hune
1974 858 2186 922 pontem

626 936 735 999 suit
752 935 909 993 Nicei
933 936 1104 991 hemis
1124 954 1245 999 ara,
1268 946 1321 989 et
1347 935 1491 991 locus
1508 933 1697 991 leniter
1714 934 2094 1005 circunflexo-5,
2116 934 2192 989 ad

624 1022 908 1100 capiendos
922 1022 1105 1099 pisces
1165 1021 1564 1095 receptaculum,
1586 1033 1637 1077 et
1662 1021 1821 1089 locus,
1857 1022 1953 1097 qui
1986 1021 2190 1079 dicitur

626 1100 762 1171 Ntoe.
791 1104 965 1183 βόλος,
989 1108 1050 1164 id
1064 1119 1143 1163 est
1160 1109 1536 1181 novusjactus.

695 1200 845 1255 Inter
883 1194 1311 1270 promontorium
1330 1235 1346 1262 ,
1369 1211 1477 1267 quo
1507 1194 1653 1248 sinus
1684 1193 1833 1267 prius
1871 1212 2089 1268 pergens
2118 1193 2187 1250 ad

626 1301 872 1341 occasum
913 1283 1147 1337 flectitur
1184 1279 1253 1335 ad
1277 1281 1655 1354 septentriones
1668 1319 1683 1346 ,
1724 1280 1965 1353 interque
2013 1282 2185 1336 vicum

629 1368 965 1426 Aibassrium
999 1384 1160 1441 supra
1184 1384 1375 1439 aquam
1410 1365 1623 1439 paulum
1648 1366 1901 1421 exstantia
1940 1364 2184 1422 videntur

630 1466 807 1513 aestate
829 1454 1053 1529 pilarum
1079 1451 1418 1509 fundamenta
1434 1493 1450 1519 ,
1472 1469 1589 1525 quae
1608 1469 1677 1507 an
1696 1452 2040 1508 sustinuerint
2058 1470 2189 1525 pon·

629 1556 739 1600 tem
762 1541 1017 1616 Philippi,
1050 1558 1119 1596 an
1144 1539 1365 1595 aliorum
1381 1579 1398 1606 ‚
1416 1538 1653 1613 judicare
1678 1555 1787 1595 non
1812 1556 2044 1613 possum.
2073 1543 2189 1596 Hoc

628 1648 799 1687 unum
822 1628 1076 1685 duntaxat
1093 1646 1311 1702 possum
1334 1646 1401 1682 ex
1424 1628 1659 1700 Dionysii
1685 1626 1853 1681 verbis
1872 1626 2073 1694 elicere,
2105 1628 2186 1683 vel

629 1720 689 1772 in
728 1717 935 1772 illarum
962 1714 1080 1770 loco
1111 1714 1195 1769 vel
1218 1714 1273 1769 in
1306 1714 1603 1787 propinquo
1628 1710 1783 1767 fuisse
1825 1722 2039 1785 pontem
2066 1714 2187 1768 Phi-

630 1804 779 1877 lippi.
806 1806 947 1860 Ante
971 1812 1229 1857 trecentos
1258 1818 1423 1855 annos
1454 1800 1611 1855 fuisse
1644 1810 1854 1873 pontem
1880 1799 1959 1853 vel
1978 1801 2031 1854 in
2054 1818 2185 1873 prae-

629 1890 777 1945 dicto
804 1888 885 1944 vel
915 1888 1213 1961 propinquo
1239 1887 1401 1958 liquet
1424 1904 1455 1941 e
1484 1887 1669 1940 Tzetze
1697 1885 1831 1960 (Cb.
1858 1902 1905 1950 1,
1930 1885 2062 1960 835)
2082 1925 2098 1954 ,
2126 1896 2186 1941 ut

631 1974 756 2031 alibi
796 1975 1003 2030 dicetur
1016 1994 1033 2041 ς
1062 1982 1185 2028 ante
1222 1970 1363 2027 mille
1394 1982 1569 2027 nutem
1593 1988 1758 2025 annos
1784 1970 1943 2025 fuisse
1966 1980 2179 2044 pontem

631 2062 933 2131 sublicium,
962 2058 1297 2117 ostendemus
1318 2059 1375 2113 in
1408 2059 1622 2131 antiqua
1645 2056 1991 2131 descriptione
2018 2060 2184 2129 regio-

630 2169 761 2207 num
788 2147 1481 2222 Constantinopolitanarum
1494 2158 1510 2185 ¹
1534 2162 1547 2200 ε
1568 2146 1659 2219 qui
1676 2162 1857 2200 omnes
1880 2144 2027 2200 bellis
2057 2146 2180 2200 sub-

628 2239 823 2295 secutis
868 2238 1034 2292 eversi
1073 2246 1217 2291 sunt.
1260 2234 1577 2291 Mechmetes
1612 2252 1735 2301 rex,
1779 2233 1871 2306 qui
1927 2234 2181 2289 Constan-

628 2324 907 2399 tinopolim
933 2324 1071 2398 oepit
1086 2363 1103 2392 ,
1148 2332 1213 2377 ut
1252 2320 1441 2377 urbem
1470 2320 1697 2377 strictius
1730 2318 2009 2387 obsideret,
2051 2338 2182 2393 pon·

626 2426 735 2469 tem
768 2412 943 2469 effecit
963 2430 995 2467 a
1027 2410 1301 2467 contrarie
1339 2410 1654 2464 continentis
1682 2409 1896 2480 regione
1932 2408 2180 2482 appellata

626 2496 735 2554 τῶν
762 2489 1109 2575 Κρομαρείων
1125 2499 1148 2526 ⁸
1188 2496 1259 2553 ad
1295 2498 1481 2553 urbem
1524 2496 1775 2552 ferentem
1810 2494 1963 2553 doliis
1999 2496 2179 2569 ligneis

625 2584 765 2637 inter
786 2599 842 2636 se
865 2590 984 2655 apte
1015 2578 1263 2650 colligatis
1296 2588 1351 2632 et
1374 2577 1595 2632 firmiter
1609 2616 1625 2643 ,
1655 2585 1718 2631 ut
1738 2575 1973 2648 trajicere
2004 2586 2179 2649 posset

624 2667 815 2723 milites
856 2666 923 2722 ab
948 2666 1183 2721 exercitu
1201 2664 1472 2720 obsidente
1498 2664 1655 2737 Syeas
1687 2661 1754 2718 ad
1782 2662 2091 2736 urbemque,
2118 2674 2178 2719 ut

621 2774 739 2812 enm
764 2752 1003 2827 undique
1034 2752 1317 2808 obsideret.
1374 2753 1495 2807 Jam
1530 2769 1655 2805 vero
1688 2751 1745 2806 in
1787 2750 1991 2819 littore,
2030 2750 2178 2824 quod

620 2841 783 2897 modo
826 2840 1075 2913 descripsi
1116 2857 1150 2893 a
1181 2838 1299 2894 loco
1336 2837 1590 2912 appellato
1626 2836 1863 2893 Mandris
1900 2854 2070 2911 usque
2107 2837 2177 2893 ad

616 2946 761 2983 aram
778 2926 927 2981 Nicei
948 2925 1145 2997 herois,
1164 2923 1453 2998 percipitur
1476 2941 1542 2977 ex
1562 2923 1822 2997 Procopio
1848 2922 1907 2998 (l.
1926 2922 1993 2994 l.)
2016 2922 2178 2980 fuisse

616 3012 868 3087 templum
893 3010 1147 3083 Anthymi
1180 3009 1422 3082 martyris
1436 3048 1455 3077 ,
1479 3026 1601 3063 cum
1623 3009 1697 3065 ait
1720 3009 2079 3064 sastinianum
2120 3010 2176 3065 in

614 3102 750 3157 clivo
776 3099 948 3155 arduo
963 3097 1032 3154 ad
1062 3098 1225 3153 finem
1247 3096 1394 3152 sinus
1419 3094 1697 3151 aedificasse
1732 3094 1896 3151 aedem
1930 3094 2178 3152 divorum

615 3190 819 3244 Cosmae
834 3197 890 3242 et
913 3185 1157 3241 Damiani
1170 3224 1187 3252 ,
1205 3184 1264 3239 in
1281 3183 1546 3257 alteraque.
1570 3185 1715 3237 sinus
1735 3192 1882 3256 parte
1902 3183 2175 3257 templum,

617 3275 711 3330 ubi
741 3274 946 3328 nullum
988 3272 1134 3345 prius
1168 3270 1343 3325 fueret
1354 3311 1375 3343 ‚
1415 3270 1615 3325 dieasse
1653 3269 1924 3343 Anthymo
1963 3272 2178 3344 martyri

619 3358 914 3415 secundum
935 3360 1081 3413 sinus
1102 3375 1251 3413 oram
1268 3396 1285 3425 ,
1308 3357 1404 3412 ubi
1426 3356 1585 3411 maris
1606 3354 1780 3410 fluxus
1802 3354 1981 3428 templi
2011 3358 2179 3429 crepi-

621 3445 772 3501 dines
805 3445 953 3501 slluit
976 3444 1089 3517 jam
1122 3443 1408 3515 mitigatus.
1452 3442 1575 3496 Non
1619 3441 1764 3495 enim
1810 3458 1933 3495 cum
1968 3438 2181 3496 fremitu

621 3534 1004 3589 murmurantis
1026 3532 1188 3587 maris
1209 3529 1278 3586 ad
1312 3530 1451 3585 illius
1486 3547 1610 3584 saxa
1634 3526 1911 3601 frangitur,
1959 3527 2051 3583 sed
2067 3527 2176 3601 jam

622 3620 796 3676 mollis
830 3630 883 3675 et
924 3618 1053 3675 lenis
1085 3619 1377 3690 tacitusque
1402 3615 1603 3672 accedit
1624 3614 1695 3671 ad
1722 3614 1781 3671 id
1816 3613 2091 3688 templum,
2122 3616 2178 3672 in

623 3725 869 3779 magnam
907 3704 1234 3762 altitudinem
1270 3702 1471 3759 editum
1484 3741 1501 3769 ,
1530 3700 1765 3776 lapidum
1798 3700 1989 3757 decore
2027 3718 2179 3759 auro-

622 3811 728 3867 que
752 3804 1019 3849 ornatum.
1038 3792 1195 3847 Nunc
1208 3790 1354 3846 nulla
1372 3799 1578 3845 exstant
1594 3788 1730 3843 illius
1748 3788 1958 3860 vestigia
1963 3828 1980 3854 ,
2008 3806 2179 3863 neque

620 3882 903 3956 quisquam
928 3881 1208 3955 reperitur,
1234 3880 1401 3953 quiin
1428 3894 1537 3950 quo
1555 3875 1673 3931 loco
1697 3874 1753 3931 id
1775 3874 1934 3931 suerit
1958 3894 1991 3931 a
2016 3876 2177 3949 majo·

620 3968 769 4023 ribus
790 3965 1014 4023 audierit
1038 3975 1132 4021 aut
1167 3964 1379 4037 legen-in
1403 3964 1533 4036 quin
1562 3963 1739 4037 potius
1758 3978 1942 4017 omnes
1961 3979 2177 4035 prorsus

617 4056 863 4127 ignorant
870 4054 1039 4108 ullum
1050 4052 1306 4127 templum
1314 4051 1372 4107 in
1388 4050 1493 4107 boc
1499 4051 1672 4107 littore
1682 4050 1859 4107 fuisse.
1871 4057 1918 4107 A
1933 4068 2179 4125 promon-

617 4144 777 4207 torio,
792 4160 901 4217 quo
916 4141 1029 4198 dixi
1040 4141 1219 4197 sinum
1230 4141 1493 4195 incurvari
1510 4138 1579 4195 ad
1596 4140 2177 4213 septena-iones,incipit

617 4231 783 4285 flexus
814 4230 1002 4301 longus
1040 4239 1096 4284 ct
1128 4228 1356 4283 molliter
1393 4238 1657 4294 curvem,
1700 4227 1884 4282 finitur
1924 4244 2177 4282 mucrone

615 4318 770 4373 vii-eti
798 4318 928 4389 regii
962 4315 1029 4371 ab
1054 4314 1291 4372 Abramo
1324 4317 1481 4371 Basse
1518 4314 1725 4370 consiti.
1756 4312 1985 4387 Hujusce
2011 4314 2175 4370 flexus

618 4423 711 4461 ora
732 4403 961 4461 aedificiis
977 4401 1130 4476 plena
1145 4412 1225 4457 est
1238 4411 1294 4457 et
1312 4400 1501 4474 figlinis
1516 4400 1885 4458 laterculorum
1908 4401 2171 4457 coctilium

618 4504 673 4549 et
692 4491 977 4547 crudorum
992 4532 1009 4559 ‚
1029 4508 1155 4546 cum
1173 4491 1231 4546 in
1252 4490 1441 4545 multas
1463 4490 1727 4546 insinuata
1750 4489 2028 4559 valliculas,
2059 4501 2173 4545 tum

618 4580 848 4655 penitius
876 4580 933 4635 in
961 4578 1145 4635 vallem
1172 4578 1309 4634 diva
1330 4580 1627 4634 Parasceuae
1646 4578 1852 4651 longam
1875 4577 1985 4633 duo
2005 4578 2173 4635 milia-

620 4666 699 4721 ria
712 4706 729 4733 ,
772 4664 921 4738 cujus
954 4665 1062 4719 ima
1104 4663 1343 4739 planities
1376 4666 1635 4738 attingens
1672 4668 1819 4721 sinus
1850 4682 1997 4720 oram
2010 4704 2027 4731 ,
2067 4664 2173 4721 lata

619 4752 1028 4826 quadringentos
1051 4769 1232 4826 passus
1247 4793 1264 4820 ,
1284 4751 1475 4808 deinde
1502 4755 1677 4809 statim
1693 4754 1968 4826 stringitur
1995 4754 2053 4807 in
2074 4752 2171 4808 du-

618 4849 801 4894 centos
816 4878 833 4907 ,
858 4840 1157 4911 sensimque
1177 4848 1445 4910 angustata
1472 4838 1723 4894 attollitur
1738 4840 1793 4894 in
1812 4838 1990 4898 clivos.
2016 4839 2171 4895 mau-

616 4923 767 4980 ditur
782 4921 994 4980 duobus
1011 4924 1258 4993 collibus,
1277 4942 1389 4979 uno
1410 4923 1745 4989 exediflosto,
1767 4924 1835 4981 ab
1862 4942 2049 4980 occasu
2066 4936 2171 4980 tres

618 5011 851 5068 tumulos
872 5014 1171 5079 emittente,
1196 5015 1291 5085 qui
1324 5013 1379 5067 in
1416 5014 1587 5067 sinum
1615 5015 1899 5069 eminentes
1934 5012 2170 5069 efficiunt

690 5186 742 5227 1.
766 5170 1001 5243 Topogr.
1032 5170 1215 5226 Const.
1248 5169 1339 5225 lib.
1360 5173 1417 5236 4,
1460 5187 1509 5224 c.
1531 5174 1563 5225 6
1589 5188 1641 5244 p.
1674 5175 1797 5226 206.
1823 5171 1847 5242 11
1878 5200 1951 5213 -
1977 5187 2030 5225 2.
2058 5170 2169 5225 Τῶν

611 5248 967 5325 Κρομαρείων]
998 5268 1067 5305 an
1096 5256 1197 5305 τῶν
1216 5249 1465 5325 κεραμίων
1486 5266 1579 5304 seu
1602 5250 1906 5323 κεραμείωνὲ

679 5334 773 5385 Fr.
821 5348 911 5388 αι.
950 5330 1109 5387 Nisei
1146 5330 1350 5403 hemis]
1398 5328 1701 5403 Lege-dum
1736 5330 1973 5405 suspicor
2012 5328 2166 5395 Nisi,

608 5410 869 5467 notissimi
896 5410 1072 5465 herois
1096 5412 1343 5481 Megarici
1364 5458 1380 5473 .

2272 765 2441 821 tribus
2484 767 2726 824 lateribus
2759 770 2916 845 pleno
2949 771 3291 829 aedificiorum
3303 815 3322 843 ,
3361 794 3531 849 usque
3566 776 3636 833 sd
3673 796 3822 833 orem

2271 852 2456 919 maris,
2477 864 2536 908 ut
2545 854 2731 910 mediae
2751 855 3088 913 aedificiorum
3107 870 3280 933 partes
3301 860 3514 916 sublicis
3535 864 3830 919 sustinean-

2271 940 2436 993 turin
2465 942 2609 997 sinus
2627 942 2816 999 vadum
2839 943 3041 1003 defixis.
3069 949 3136 1002 In
3161 966 3370 1004 summa
3403 949 3534 1005 valle
3563 951 3689 1006 olim
3723 952 3823 1007 suit

2274 1026 2524 1101 templum
2566 1030 2975 1086 Panteleemonis
3009 1032 3162 1105 juxta
3200 1032 3374 1089 sontes
3407 1036 3511 1091 rivi
3543 1038 3818 1110 perennis,

2273 1112 2398 1170 olim
2421 1116 2475 1169 in
2508 1117 2678 1171 sinum
2706 1118 2970 1175 influentis
3001 1136 3016 1175 ι
3056 1138 3202 1177 nunc
3229 1124 3420 1197 partim
3461 1121 3724 1180 derivatus
3745 1136 3826 1182 est

2272 1218 2432 1274 opere
2458 1200 2790 1259 subterraneo
2815 1207 2869 1259 in
2887 1208 3244 1281 propinquum
3270 1210 3406 1281 regis
3431 1210 3675 1277 viretum,
3699 1230 3828 1286 par·

2273 1288 2368 1340 tim
2407 1288 2462 1341 in
2489 1288 2726 1344 balneum
2773 1302 2826 1345 et
2857 1291 3038 1347 hortos
3061 1293 3160 1348 sub
3185 1294 3368 1349 vallem
3407 1295 3668 1368 subjectos
3695 1316 3824 1353 con·

2271 1376 2514 1441 sumitur,
2553 1393 2620 1430 ne
2649 1378 2766 1448 quis
2791 1378 3028 1443 miretur,
3071 1380 3116 1433 si
3160 1379 3307 1434 illum
3341 1379 3454 1453 jam
3499 1400 3608 1437 non
3649 1383 3824 1439 videat

2272 1476 2430 1531 supra
2457 1471 2646 1516 terram
2667 1462 2854 1529 fluere,
2894 1464 3100 1535 qualem
3121 1467 3406 1539 Dionysius
3434 1468 3703 1538 informat,
3729 1470 3824 1527 de-

2272 1545 2500 1601 scribens
2534 1547 2644 1602 baec
2665 1548 2795 1603 locs.

2921 1665 3018 1726 Fr.
3063 1674 3160 1729 22.

2345 1782 2518 1847 αντα,
2565 1784 2735 1855 inquit
2751 1825 2766 1851 ,
2803 1786 2968 1839 locum
3005 1804 3060 1841 re
3081 1798 3136 1841 et
3171 1788 3376 1843 nomine
3411 1790 3660 1855 Actinen,
3695 1812 3821 1847 seem

2275 1869 2404 1925 Cubi
2429 1870 2621 1946 Canopi
2641 1884 2692 1925 et
2703 1872 2885 1943 sontes
2907 1893 2928 1927 .·
2961 1872 3117 1928 valde
3141 1874 3278 1929 enim
3305 1874 3446 1931 locus
3473 1875 3701 1953 ist-imnu-
3722 1892 3822 1934 est.

2273 1956 2404 2013 Cubi
2427 1970 2597 2013 atatem
2620 1972 2746 2015 sunt
2770 1957 3002 2029 insignia
3030 1960 3254 2017 Persicae
3273 1961 3510 2019 historiae
3529 1986 3548 2019 .-
3567 1964 3666 2019 hnc
3687 1985 3826 2021 enim

2268 2046 2505 2101 nonnulli
2537 2046 2908 2102 descendebant
2943 2046 3023 2103 ad
3051 2046 3345 2105 animorum
3383 2051 3729 2107 remissionem
3772 2063 3826 2109 et

2269 2132 2448 2198 ludos,
2475 2144 2534 2188 ut
2548 2134 2846 2190 amoenitate
2870 2135 3070 2191 littoris
3084 2136 3496 2211 perfruerentur.
3521 2140 3716 2213 Canopi
3735 2159 3828 2195 no-

2267 2237 2381 2274 men
2409 2218 2598 2275 incenit
2622 2238 2660 2275 a
2682 2219 3035 2277 similitudine
3057 2220 3401 2289 deliciarum,
3426 2244 3542 2299 quoe
3567 2225 3688 2280 huic
3715 2226 3824 2281 loeo

2265 2316 2346 2359 est
2394 2322 2510 2359 cum
2545 2305 2796 2381 AE’grptio
2845 2309 3062 2382 ampo.
3099 2307 3249 2362 Cison
3275 2310 3480 2381 fluvius
3519 2311 3655 2365 hanc
3677 2330 3823 2367 oram

2264 2408 2444 2446 secans
2469 2389 2618 2447 sinui
2655 2410 2834 2448 nomen
2858 2391 3020 2451 dedit.
3067 2391 3219 2448 Fluit
3233 2394 3511 2469 pet-mnis,
3551 2394 3647 2452 sed
3678 2396 3830 2452 haud

2263 2476 2586 2546 navigabilis
2609 2488 2706 2533 est.

2333 2562 2459 2617 Haec
2490 2561 2703 2635 quidem
2732 2564 3046 2635 Dionysius,
3081 2583 3240 2637 quem
3273 2566 3440 2621 minor
3462 2585 3528 2623 ex
3571 2586 3636 2623 eo
3673 2570 3822 2643 quod

2264 2647 2484 2703 fluvium
2493 2648 2566 2703 ait
2577 2667 2683 2703 non
2697 2666 2808 2704 esse
2820 2649 3311 2721 navigabilem,cum
3315 2649 3428 2725 jam
3443 2664 3550 2708 tam
3568 2654 3713 2710 exilis
3731 2658 3818 2723 sit,

2264 2749 2325 2795 ut
2340 2739 2409 2796 sd
2427 2739 2717 2812 irrigandos
2737 2739 2922 2795 hortos
2946 2750 3083 2797 totus
3100 2754 3460 2798 consumatur.
3478 2745 3662 2817 Itaque
3678 2744 3821 2801 arbi·

2262 2838 2374 2884 tror
2397 2830 2587 2903 partim
2621 2840 2772 2884 terroe
2805 2828 3069 2897 motibus,
3094 2829 3288 2902 quibus
3309 2828 3539 2885 obnoxia
3561 2840 3640 2885 est
3667 2832 3817 2903 regio

2263 2915 2836 2990 Constantinopolitana
2849 2956 2866 2983 ,
2907 2916 3099 2990 partim
3121 2916 3472 2973 subterraneis
3509 2916 3817 2975 subductio·

2263 3004 2418 3059 nibus
2452 3004 2507 3059 in
2544 3004 2746 3075 regium
2783 3002 3002 3059 hortum
3021 3013 3349 3059 attenuatum
3374 3023 3502 3059 esse.
3567 3006 3722 3059 Nunc
3761 3008 3818 3061 in

2262 3092 2506 3149 hocloco
2533 3093 2676 3147 vicus
2699 3103 2778 3148 est
2799 3092 2988 3165 longus
3002 3133 3020 3163 ,
3048 3094 3198 3165 aquis
3223 3092 3516 3161 abundans,
3545 3112 3652 3166 quo
3682 3096 3821 3151 Con·

2262 3178 2708 3251 stantinopolitnni
2743 3176 3040 3252 frequentes
3073 3177 3314 3233 secedere
3340 3178 3536 3247 solent,
3575 3190 3635 3233 ut
3659 3182 3821 3235 maris

2262 3275 2316 3319 et
2341 3274 2491 3318 terrae
2517 3260 2715 3319 deliciis
2743 3263 3005 3320 stuantur.
3032 3265 3191 3319 Recte
3229 3262 3516 3335 appellatur
3555 3264 3644 3319 hic
3673 3265 3821 3320 locus

2263 3358 2444 3414 Cubus
2457 3358 2674 3430 Cenopi,
2687 3360 2796 3413 sive
2808 3359 2932 3430 quia
2942 3357 3306 3430 AEgyptiorum
3319 3356 3469 3412 Plato
3479 3348 3576 3423 τὴν
3603 3351 3818 3412 κυόείαν

2264 3444 2536 3499 inventum
2561 3460 2670 3499 osse
2710 3442 2839 3498 dicit
2855 3483 2872 3512 ,
2901 3454 2955 3498 et
2991 3444 3236 3515 Canopus
3276 3442 3528 3498 mollioris
3553 3445 3816 3500 remissio-

2264 3530 2347 3585 nis
2384 3529 2635 3603 AEgyptiis
2674 3528 2832 3584 ludus
2869 3538 3011 3597 erat,
3053 3528 3163 3583 sive
3205 3528 3330 3600 quia
3367 3528 3598 3601 Byzantii
3642 3529 3816 3585 coloni

2264 3615 2425 3672 Attici
2462 3633 2632 3671 mores
2667 3614 3018 3689 sequebantur
3057 3615 3385 3683 Atticorum,
3423 3614 3568 3669 unde
3605 3615 3817 3672 oriundi

2262 3718 2432 3763 erunt.
2461 3708 2618 3764 Attici
2640 3707 2784 3763 enim
2803 3707 3034 3763 maximo
3063 3704 3242 3761 studio
3263 3694 3356 3769 τὴν
3378 3694 3594 3757 κυὸείαν
3620 3705 3818 3780 ample·

2262 3794 2554 3861 ctebantur,
2584 3804 2644 3850 ut
2667 3796 2824 3849 etism
2850 3794 2906 3849 in
2937 3792 3074 3849 aedes
3099 3810 3270 3847 sams
3305 3794 3601 3865 congregati
3628 3792 3817 3848 taxillis

2260 3883 2550 3940 lusitnrent.
2571 3882 2728 3937 Hunc
2748 3883 2922 3937 locum
2933 3881 3046 3955 jam
3070 3882 3241 3937 Graeci
3253 3880 3516 3955 appellant
3532 3884 3699 3953 Agian
3719 3884 3818 3937 Pa·

2262 3987 2528 4035 rasceuen,
2555 3986 2712 4042 quem
2738 3970 3052 4042 imperatore
3076 3968 3376 4023 Justinisno
3408 3965 3516 4021 divi
3545 3968 3815 4024 laurentii

2260 4056 2574 4131 appellatum
2613 4056 2770 4111 fuisse
2821 4056 3064 4110 existimo
3106 4054 3175 4109 ab
3216 4054 3329 4110 aede
3376 4052 3487 4109 divi
3545 4056 3816 4111 laurentii

2262 4144 2320 4199 in
2346 4144 2449 4199 hoc
2486 4143 2788 4198 suburbano
2813 4144 3113 4210 constituta,
3141 4160 3302 4216 quam
3335 4144 3625 4217 Procopius
3662 4153 3816 4201 antee

2259 4230 2540 4303 ignobilem
2589 4241 2644 4285 et
2684 4230 2962 4285 obscuram
3004 4229 3165 4285 tradit
3200 4230 3557 4287 Justinianum
3584 4230 3815 4287 nobilem

2259 4330 2314 4375 et
2332 4317 2628 4393 praclarum
2646 4317 2957 4385 reddidisse,
2980 4320 3037 4374 in
3053 4318 3264 4374 sinistra
3283 4320 3429 4374 sinus
3439 4320 3757 4393 partesitam
3783 4337 3815 4375 e

2257 4408 2469 4482 regione
2485 4406 2618 4463 divae
2631 4408 2810 4464 Μανία
2826 4408 2880 4462 in
2900 4407 3216 4463 Blachernis.
3239 4408 3396 4463 Nunc
3417 4418 3600 4462 neutra
3611 4417 3778 4464 exstat
3789 4426 3813 4477 3

2257 4494 2495 4550 funditus
2519 4495 2660 4550 enim
2683 4506 2905 4567 utraque
2923 4512 3102 4550 eversa
3123 4505 3231 4561 est,
3255 4494 3484 4568 exceptis
3511 4492 3816 4549 fundamen·

2256 4593 2433 4637 torum
2479 4581 2699 4638 exilibus
2737 4582 2979 4654 vestigiis.
3033 4583 3322 4655 Procopius
3349 4582 3574 4638 obscure
3606 4580 3813 4638 locutus

2256 4669 2424 4725 videri
2449 4680 2640 4743 potest,
2667 4688 2792 4725 eum
2809 4670 2884 4724 ait
2901 4669 3308 4726 laurentinam
3331 4668 3497 4724 aedem
3520 4669 3577 4723 in
3604 4670 3811 4725 sinistra

2257 4755 2403 4808 sinus
2421 4764 2566 4826 parte
2584 4754 2736 4809 sitnm
2758 4752 2916 4808 fuisse
2931 4793 2948 4820 ,
2963 4770 3134 4825 neque
3149 4751 3317 4822 addit,
3333 4771 3562 4825 quorum
3587 4753 3808 4817 ratione,

2257 4839 2730 4912 ingredientiumne
2750 4840 2807 4893 in
2825 4840 3021 4907 sinum,
3035 4858 3102 4893 an
3115 4836 3491 4912 egredientium
3506 4858 3524 4906 ς
3552 4855 3652 4910 ego
3669 4838 3810 4893 illam

2256 4925 2507 4999 appellavi
2544 4926 2780 4981 dextram
2797 4965 2815 4993 ,
2859 4924 3056 4980 babens
3093 4925 3350 4980 rationem
3404 4921 3809 4995 ingredientium

2258 5024 2311 5068 ct
2327 5012 2574 5068 naturalis
2596 5014 2742 5067 sinus
2766 5013 3009 5086 princiPii
3027 5052 3043 5077 ,
3073 5010 3217 5084 quod
3243 5012 3474 5067 nescitur
3493 5028 3524 5065 a
3549 5012 3806 5084 Bosporo,

2329 5172 2418 5224 Fr.
2449 5186 2536 5225 αα.
2567 5174 2641 5225 Re
2661 5181 2711 5225 et
2734 5169 2938 5224 nomine
2958 5168 3210 5241 Actinen]
3238 5168 3465 5223 Actinen
3491 5167 3622 5241 quid
3646 5166 3804 5239 sigul-

2259 5247 2416 5304 ficnre
2455 5250 2645 5322 possit,
2675 5249 2804 5304 nihil
2839 5248 3022 5316 video3
3083 5266 3148 5303 an
3183 5246 3406 5303 actitoem
3424 5290 3442 5315 ,
3490 5245 3667 5302 ἀκτῖνα
3679 5287 3697 5316 ,
3726 5244 3807 5302 di·

2258 5346 2378 5383 cere
2402 5340 2583 5383 auctor
2607 5327 2801 5383 voluit?
2823 5326 2924 5383 Sed
2946 5326 3048 5382 hoc
3069 5343 3280 5399 quoque
3307 5326 3505 5381 mirum
3533 5324 3687 5379 soret.
3707 5324 3808 5379 Le·

2256 5406 2482 5477 gendum
2507 5417 2633 5483 puto
2658 5408 2899 5475 Acticen,
2934 5405 3184 5474 Ἀκτικήν,
3218 5404 3363 5478 quod
3397 5422 3591 5459 nomen
3604 5442 3625 5472 ,
3652 5404 3802 5462 sicuti
