4584 6284
2070 432 2538 495 PERIEGESIS.

557 556 676 637 (us)
707 561 773 617 ad
799 563 972 618 fauces
989 574 1128 619 artas
1155 563 1335 618 multae
1361 573 1488 618 sunt
1513 561 1696 617 insuta
1722 560 1932 635 Abydi,

703 648 934 707 confines
960 650 1102 708 Asiae
1139 650 1340 707 dextrae
1357 690 1372 715 ,
1399 651 1743 723 Europesque
1761 649 1982 703 sinistre
2003 668 2020 715 ς

703 736 770 791 ad
791 737 1007 793 boream
1035 748 1213 793 tamen
1234 738 1317 795 hie
1333 736 1654 811 pertendunt
1672 737 1860 793 ordine
1883 738 2062 810 longo.

548 816 671 895 (520)
701 826 938 899 Europes
960 826 1158 881 Macris
1175 826 1434 896 contingit
1461 824 1712 903 Abantias
1730 842 1878 879 oram
1893 864 1909 889 ‚

557 907 672 959 545
700 921 754 967 et
773 912 910 967 celsa
929 914 1154 987 Scyrus,
1181 912 1504 986 Peparethus
1519 951 1536 980 ‚
1562 929 1812 985 sacraque
1835 914 2064 967 Lemnos
2079 951 2095 979 ,

700 998 884 1055 fertilis
899 1010 1064 1073 atque
1077 1000 1282 1055 Thasos
1297 1040 1314 1064 ,
1336 999 1492 1053 simul
1513 1000 1739 1066 Imbros,
1758 1011 1881 1072 post
1904 999 2262 1073 Corybantum

701 1088 968 1143 moenibns
987 1088 1217 1161 antiquis
1239 1088 1592 1143 Samothracia
1620 1088 1854 1142 cernitur
1879 1088 2000 1143 alta.

543 1177 667 1256 (ωε)
700 1184 796 1231 Ast
824 1178 964 1231 Asiae
983 1186 1188 1250 partem
1215 1194 1332 1249 quae
1355 1186 1578 1247 tangunt
1612 1193 1823 1249 :equore
1845 1177 2072 1248 primam
2089 1216 2104 1242 ,

701 1262 872 1319 Delon
890 1262 1223 1318 circumdant
1248 1279 1263 1316 ι
1286 1262 1378 1317 has
1399 1260 1584 1317 dicunt
1614 1262 1864 1335 Cycladas
1889 1280 2018 1317 esse.

514 1345 630 1397 550
701 1350 976 1404 Continuo
993 1347 1250 1423 Sporadas
1273 1366 1372 1403 ceu
1397 1348 1565 1403 stellas
1587 1350 1775 1423 aspicis
1799 1348 1960 1403 almas
1974 1388 1990 1413 ,

699 1438 982 1509 Ioniusque
1001 1437 1156 1491 simul
1173 1476 1190 1503 ,
1219 1454 1347 1508 quas
1377 1437 1516 1491 inter
1539 1437 1752 1491 Caunus
1771 1446 1826 1491 et
1848 1435 1963 1492 altae

543 1519 672 1600 (5³5)
701 1536 828 1580 sunt
849 1527 1032 1581 Samos
1057 1536 1212 1598 atque
1233 1524 1420 1591 Chios,
1451 1525 1722 1579 celebrate
1747 1511 1964 1579 nomine
1985 1524 2148 1579 claro.

701 1614 910 1669 AEolicae
929 1626 1048 1689 post
1072 1624 1126 1668 et
1157 1614 1355 1669 Lesbus
1370 1612 1719 1685 Tenedusque
1743 1624 2058 1685 sequuntur,

701 1712 754 1756 et
777 1703 922 1756 sinus
939 1700 1064 1755 inde
1081 1701 1243 1755 Melas
1268 1700 1440 1756 Helles
1466 1703 1771 1775 prorumpit
1793 1703 1850 1755 in
1877 1718 2078 1774 aequor.

553 1794 670 1845 555
699 1786 953 1842 Panditur
977 1787 1102 1842 binc
1126 1786 1365 1861 pelagus,
1393 1787 1702 1859 tumidaque
1723 1785 2054 1861 Propontide
2093 1785 2258 1841 fervet

549 1865 668 1943 (5⁴⁰)
697 1874 765 1929 ad
789 1876 1000 1931 boream
1013 1916 1034 1946 ,
1053 1876 1295 1947 saxisque
1315 1876 1448 1948 riget
1466 1879 1797 1931 Proconesus
1815 1878 1872 1931 in
1899 1875 2002 1932 illa.

695 1963 786 2016 Est
799 1962 956 2017 etiam
979 1962 1120 2017 levis
1139 1962 1336 2017 Euxini
1353 1962 1592 2035 partibus
1614 1981 1722 2017 una
1737 2004 1755 2027 ‚

693 2066 848 2121 qnam
868 2050 1081 2104 Leucen
1099 2049 1380 2123 perhibent
1396 2088 1412 2115 ,
1435 2048 1654 2103 adversa
1673 2048 2016 2122 Borysthenis
2041 2046 2220 2115 amni,

691 2138 855 2210 pascit
875 2155 998 2193 aves
1013 2138 1266 2211 qnoniam
1287 2138 1476 2193 multas
1493 2138 1724 2193 candore
1745 2138 1924 2193 nivali.

547 2230 663 2281 560
693 2222 796 2277 uic
815 2223 1018 2277 animas
1040 2224 1320 2297 perbibent
1343 2225 1566 2279 heroum
1587 2224 1746 2280 laudo
1769 2234 2012 2298 potentes

538 2311 656 2389 (ωτι)
693 2309 884 2383 degere
905 2330 1118 2367 securas
1135 2352 1152 2378 ,
1171 2313 1383 2368 virtutis
1407 2332 1626 2369 munere
1645 2314 1892 2387 pulchro.

693 2398 1040 2453 Cimmerium
1067 2410 1209 2454 recta
1231 2400 1324 2455 sed
1346 2401 1390 2454 si
1409 2403 1528 2473 quis
1549 2403 1823 2474 Bosporon
1851 2401 1976 2465 ibit,

694 2486 930 2542 cemitnr
946 2487 1074 2543 huie
1094 2486 1281 2544 dextra
1296 2500 1452 2544 vastae
1471 2488 1734 2545 Maeotidis
1757 2489 1903 2545 unda

540 2566 662 2648 (5³0)
693 2572 864 2629 insula
883 2574 1025 2629 mole
1043 2576 1188 2647 gravi
1223 2587 1397 2642 stans,
1425 2576 1682 2649 Alopecen
1697 2576 1824 2632 lata.

545 2668 662 2721 565
691 2670 812 2733 post
831 2678 994 2733 quam
1019 2662 1374 2734 Pbaenagoren
1397 2664 1910 2737 Hermonassamque
1931 2675 2150 2737 nepotes

689 2750 906 2821 egregioe
927 2750 1198 2821 quondam
1225 2752 1502 2806 coluerunt
1527 2754 1698 2824 gentis
1724 2756 1940 2810 ionum.

685 2837 875 2893 Insula
899 2838 986 2893 hae
1005 2838 1234 2893 celebres
1246 2840 1416 2913 pelagi
1437 2850 1564 2895 sunt
1587 2841 1806 2895 nomine
1821 2842 1982 2899 claro.

529 2923 657 3003 (ιείδ)
755 2928 854 2981 Ast
877 2926 1003 2981 alias
1027 2927 1260 2981 miluum
1285 2928 1578 2983 circumdat
1598 2928 1834 3001 Tethyos
1855 2948 2064 3003 equor,

685 3030 910 3085 quarum
933 3014 1292 3071 demonstrem
1309 3018 1544 3089 positum
1566 3019 1798 3088 regionis
1817 3029 1873 3072 et
1897 3036 2037 3072 oras.

543 3102 660 3155 570
683 3098 952 3171 Ethiopes
975 3100 1218 3155 habitant
1246 3102 1523 3174 Erythiam
1547 3114 1758 3175 pectore
1780 3102 1944 3176 justi,

539 3180 658 3249 (¹³⁰⁰)
686 3184 948 3239 Atlantem
967 3184 1120 3257 juxta
1140 3186 1362 3257 longavi
1378 3226 1395 3252 ,
1425 3186 1622 3242 finibus
1643 3188 1774 3243 olim

691 3272 830 3327 venit
852 3272 1204 3345 Hyperboreis
1219 3292 1338 3346 quae
1361 3292 1488 3347 gens
1503 3315 1519 3340 ‚
1541 3286 1662 3349 post
1687 3276 1790 3331 sata
1809 3278 2068 3348 perempti
2171 3320 2176 3324 .

691 3358 952 3430 Geryonis
966 3398 983 3424 ,
1003 3358 1210 3415 domuit
1234 3378 1394 3433 quem
1420 3363 1588 3417 virtus
1604 3362 1847 3417 Herculis
1869 3363 2072 3431 ingens.

691 3443 794 3498 Sed
816 3462 1076 3500 summam
1101 3458 1286 3502 contra
1304 3449 1516 3503 Sacram
1549 3449 1868 3521 cognomine
1883 3490 1897 3512 ,
1925 3448 2114 3503 dicunt

544 3530 663 3583 575
690 3548 850 3603 qnam
879 3542 1038 3605 caput
1057 3534 1282 3607 Europa
1299 3575 1316 3599 ,
1349 3546 1476 3591 sunt
1498 3538 1674 3592 stanni
1699 3534 1940 3609 pondere
1957 3535 2122 3610 plenae

690 3618 1033 3691 Hesperides,
1060 3621 1286 3693 populus
1307 3623 1480 3676 tenuit
1499 3640 1631 3695 quas
1648 3623 1798 3677 fortis
1821 3622 1984 3679 Iberi.

529 3700 664 3780 (ωδ)
691 3712 792 3764 Ast
812 3706 926 3763 aliae
945 3710 1126 3762 oceani
1154 3707 1306 3780 juxta
1325 3708 1628 3765 boreotidas
1653 3722 1794 3765 actas

691 3805 816 3849 sunt
839 3797 1062 3867 geminae
1080 3834 1098 3862 ,
1125 3797 1402 3869 Rhenique
1423 3797 1757 3854 Britannides
1781 3801 1916 3854 ostia
1941 3811 2196 3865 cernunt;

691 3883 780 3937 hic
795 3884 994 3939 etenim
1009 3882 1146 3939 lasso
1169 3888 1464 3959 perrumpit
1487 3886 1694 3959 Tethys
1718 3906 1898 3945 cursu.

547 3976 662 4029 580
689 3972 800 4026 Has
815 3982 996 4029 tamen
1015 3970 1162 4027 haud
1179 3972 1368 4029 babeat
1393 3976 1563 4048 spatio
1579 3994 1828 4049 superare
1853 3994 1950 4051 per
1968 3977 2152 4032 orbem

691 4055 879 4113 insula.
909 4055 1176 4129 Pei-fulget
1191 4059 1344 4129 nigro
1370 4058 1654 4133 splendore
1669 4072 1876 4133 gagates

687 4143 778 4199 hic
803 4144 934 4217 lapis
947 4184 964 4211 ,
989 4144 1268 4201 ardescens
1285 4148 1480 4203 haustu
1500 4147 1744 4223 perfusus
1761 4168 2018 4224 aquarum
2041 4192 2058 4217 ,

687 4240 767 4285 ast
791 4230 908 4286 oleo
931 4231 1161 4305 perdens
1191 4234 1430 4290 flammas
1444 4275 1462 4302 ,
1484 4236 1724 4291 mirabile
1755 4238 1903 4305 visu3

687 4320 888 4374 attritas
911 4320 1049 4393 rapit
1061 4318 1152 4375 bic
1173 4330 1378 4376 teneras
1395 4340 1496 4377 cen
1516 4324 1732 4378 succina
1759 4324 1996 4379 frondes.

545 4409 660 4461 585
687 4406 797 4461 Nec
815 4406 986 4480 spatio
1003 4404 1204 4462 distant
1229 4408 1486 4464 Nesidum
1505 4409 1662 4465 litora
1693 4410 1878 4483 longe,

536 4480 661 4559 (ῡῚο)
689 4492 744 4545 in
759 4494 956 4564 quibus
977 4511 1170 4547 uxores
1196 4496 1474 4550 Amnitum
1499 4497 1754 4553 Bacchica
1774 4516 1923 4552 sacra

535 4571 658 4647 (580)
689 4578 1056 4634 concelebrant
1070 4620 1088 4647 ,
1120 4580 1330 4637 hederae
1355 4582 1494 4637 soliis
1515 4594 1772 4656 tectaeque
1793 4584 2086 4657 corymbis.

689 4668 886 4723 Oceani
911 4678 1128 4723 tranans
1148 4669 1276 4725 hinc
1302 4671 1525 4726 navibus
1551 4690 1738 4744 aequor
1765 4684 2006 4747 apertum

687 4752 756 4807 ad
779 4752 989 4809 Thulen
1012 4756 1216 4823 venies,
1246 4774 1364 4829 quae
1389 4768 1546 4813 nocte
1571 4757 1764 4832 dieque
1789 4760 1990 4815 relucet

541 4844 658 4896 500
683 4842 889 4897 Titanis
906 4842 1070 4899 radiis
1085 4884 1104 4911 ‚
1132 4862 1300 4917 quum
1317 4863 1481 4901 curru
1507 4846 1712 4901 scandit
1731 4846 1802 4901 ad
1817 4866 1940 4903 axes

530 4911 654 4993 (⁵⁸⁶)
685 4928 950 4999 signifai,
975 4930 1168 4986 boreas
1197 4930 1484 4987 succedens
1504 4932 1746 5006 lampade
1771 4944 1968 5007 partes.

682 5020 755 5071 At
777 5034 967 5072 navem
985 5018 1174 5091 pelago
1198 5019 1429 5074 flectenti
1453 5020 1712 5093 aquilonis
1737 5021 1806 5076 ab
1829 5022 1938 5075 oris

681 5102 751 5158 ad
780 5104 946 5160 solem
963 5105 1140 5161 calido
1165 5106 1482 5163 referentem
1501 5102 1685 5163 lumen'
1701 5108 1768 5163 ab
1787 5120 1908 5163 ortu

533 5190 654 5271 (sao)
683 5194 858 5247 Aurea
871 5203 1140 5265 spectetur
1161 5193 1258 5249 tibi
1290 5193 1578 5267 pinguibus
1603 5194 1774 5249 insula
1796 5195 1957 5266 glebis

538 5283 656 5335 595
683 5278 820 5333 IIinc
841 5277 1047 5352 tepidos
1071 5297 1288 5354 proram
1315 5292 1629 5337 convertens
1655 5283 1802 5336 navis
1829 5281 1894 5335 ad
1913 5293 2120 5337 austros

3805 453 3915 507 195

2358 564 2705 637 Taprobanen
2728 568 2906 621 venies
2919 607 2936 635 ‚
2966 580 3181 640 generat
3198 588 3318 643 que
3346 590 3533 644 magna
3548 572 3846 647 elephantes

2358 670 2453 727 per
2476 652 2607 709 fines
2631 655 2789 712 Asia.
2816 656 2965 711 Iacet
2998 655 3110 713 hoc
3130 658 3233 713 sub
3261 658 3435 715 sidere
3456 660 3680 729 Caneri3

2358 740 2597 797 litoribus
2620 740 2771 815 cujus
2796 742 2988 799 saliunt
3017 742 3327 800 densissima
3346 756 3459 803 cete
3475 787 3492 812 ,

2357 845 2477 900 qnae
2497 829 2661 901 pascit
2689 840 2893 883 vastum
2914 847 3057 885 mare
3082 830 3325 887 Rubrum
3348 872 3365 899 ,
3394 834 3667 889 montibus
3694 852 3843 909 aequa
3860 876 3877 903 ,
3926 839 3938 849 '

2356 913 2589 970 tenditur
2608 915 2877 971 horribilis
2902 934 3133 990 quorum
3153 936 3250 991 per
3271 930 3446 990 terga,
3472 940 3569 995 per
3588 941 3767 979 armos

2354 1002 2505 1073 spina
2518 1042 2533 1067 ,
2554 1001 2727 1057 serens
2748 1002 2949 1057 cladem
2973 1003 3245 1077 fatumque
3259 1006 3359 1062 sub
3383 1026 3478 1063 ore
3503 1007 3665 1063 feroci
3702 1029 3718 1067 t

2354 1090 2549 1163 qnippe
2567 1090 2735 1145 solent
2766 1092 2963 1163 pariter
2992 1111 3181 1148 navem
3216 1094 3431 1149 sorbere
3463 1098 3727 1169 virosque.

2352 1178 2486 1231 Nam
2514 1176 2647 1232 mala
2675 1187 2786 1232 tam
2810 1178 3023 1251 pelagus
3038 1196 3199 1252 quam
3224 1190 3364 1235 terra
3386 1183 3713 1238 merentibus
3738 1186 3915 1238 oiiert.
3946 1176 4065 1255 (eos)

2424 1264 2657 1319 Ulterius
2678 1282 2863 1339 pergas
2884 1266 2928 1321 si
2956 1278 3074 1339 post
3099 1267 3413 1323 Cannanida
3436 1287 3698 1327 summam
3718 1310 3736 1337 ,

2352 1350 2541 1423 Ogyris
2564 1362 2806 1405 occurrat
2820 1392 2837 1418 ,
2860 1368 2965 1423 qua
2986 1352 3182 1409 dicitur
3214 1372 3325 1409 esse
3350 1356 3651 1429 sepulcrum

2354 1437 2490 1507 regis
2522 1438 2781 1511 Erythraei
2798 1478 2813 1503 ,
2841 1436 3059 1493 dederat
3083 1441 3177 1512 qui
3196 1443 3413 1495 nomina
3431 1452 3623 1515 ponto.

2353 1524 2589 1579 Persicus
2608 1523 2732 1579 inde
2756 1526 2903 1579 sinus
2922 1536 3247 1598 penetratur,
3274 1537 3329 1581 et
3349 1530 3537 1582 Icaron
3566 1527 3754 1594 offert,

2354 1612 2523 1667 insula
2548 1631 2667 1686 qu·
2693 1612 2863 1668 fertur
2884 1613 3110 1668 nimium
3127 1613 3333 1686 placare
3354 1616 3599 1670 Dianam.

2422 1700 2525 1755 Tot
2548 1710 2671 1755 sunt
2686 1700 2923 1771 ingentes
2951 1718 3069 1772 quie
3093 1702 3255 1771 cingit
3278 1702 3510 1773 Tethyos
3526 1701 3669 1756 unda

2354 1784 2559 1852 insuloe;
2578 1786 2794 1841 astalioe
2819 1785 3038 1840 diversis
3066 1785 3301 1859 partibus
3332 1786 3478 1841 orbis

2353 1872 2617 1945 disperse.
2646 1873 2830 1928 Plures
2854 1870 3047 1927 samam
3074 1872 3272 1928 latuere
3288 1874 3523 1929 minores
3540 1915 3557 1940 ,

3944 650 4064 738 (Μ)

3948 933 4071 1086 ἒέῗῗ)

3945 1356 4059 1409 605

3942 1522 4057 1603 ‹⁸10›

3943 1789 4059 1843 610

2353 1962 2502 2019 duris
2522 1963 2759 2021 difficiles
2780 1967 2983 2031 nautis,
3014 1966 3095 2020 vel
3129 1966 3389 2039 portubus
3410 1978 3547 2040 aptae
3582 1987 3596 2023 :

2352 2068 2577 2123 quarum
2606 2070 2711 2106 non
2738 2051 2887 2106 facile
2902 2062 2984 2106 est
3012 2052 3141 2106 mibi
3170 2070 3415 2125 promere
3440 2055 3660 2109 nomina
3682 2072 3853 2109 versu.

2424 2141 2521 2193 Ast
2548 2138 2682 2191 Asiae
2699 2134 2829 2190 fines
2850 2135 3127 2189 ambarum
3152 2136 3291 2191 linea
3312 2148 3573 2191 monstrat
3943 2128 4069 2208 (σω)

2352 2237 2405 2281 et
2430 2226 2649 2281 formam
2668 2264 2685 2293 ‚
2714 2236 2897 2280 contra
2915 2225 3203 2298 positarum
3228 2227 3283 2280 in
3304 2226 3533 2297 imagine
3564 2230 3709 2283 coni.
3942 2218 4059 2271 ⁰1⁵

2351 2314 2605 2370 Paulatim
2632 2313 2859 2367 trahitur
2878 2322 3053 2366 tamen
3076 2310 3189 2366 haec
3212 2313 3429 2368 orientis
3455 2313 3524 2368 ad
3544 2334 3663 2369 oras
3680 2356 3696 2379 ,

2352 2417 2577 2455 oceanus
2597 2408 2795 2455 statuas
2817 2397 3011 2453 Bacchi
3036 2416 3141 2471 qua
3165 2409 3376 2470 tangere
3402 2398 3588 2467 fertur,

2352 2488 2547 2542 finibus
2570 2483 2829 2543 Indorum
2852 2486 3166 2559 postremis:
3190 2487 3394 2557 gurgite
3418 2498 3625 2542 torrens

3941 2491 4059 2568 (σεε)

3941 2673 4057 2726 620

2354 2594 2458 2649 qua
2479 2576 2687 2647 Ganges
2707 2573 2914 2648 liquido
2934 2576 3148 2648 Nysaeos
3174 2576 3354 2647 irrigat
3373 2594 3545 2647 agros.

2350 2666 2471 2719 Non
2496 2675 2670 2718 tamen
2694 2674 2775 2718 eat
2799 2664 2967 2735 spatio
2994 2662 3177 2717 similis
3196 2662 3393 2719 telluris
3419 2675 3627 2737 apertat.

2350 2753 2557 2807 Scilicet
2570 2750 2829 2807 ambabus
2845 2750 3179 2824 penetrabilis
3211 2770 3347 2807 unus
3376 2752 3432 2806 in
3462 2751 3561 2805 illis

2354 2838 2595 2895 funditur
2622 2839 2805 2894 oceani
2822 2840 2969 2893 sinus
2991 2848 3047 2893 et
3070 2836 3398 2893 disterminat
3418 2837 3627 2903 ambas;

2350 2937 2431 2981 ast
2452 2926 2590 2983 Asia
2618 2925 2823 2997 gremio
2842 2924 3033 2997 triplex
3058 2942 3205 2979 mare
3238 2924 3481 2995 confugit
3500 2924 3659 2979 undis
3677 2966 3693 2989 ,

2348 3016 2653 3087 Hyrcanum
2669 3054 2685 3077 ‚
2705 3014 2902 3085 pariter
2918 3012 3171 3067 Parthum
3190 3053 3206 3079 ,
3225 3011 3383 3067 simul
3412 3023 3569 3084 atque
3596 3012 3833 3069 Sabaeum
3858 3033 3871 3069 ε

2347 3102 2461 3157 haec
2481 3111 2647 3157 noton
2661 3139 2677 3166 ,
2697 3110 2753 3155 at
2776 3100 2965 3155 boreos
2987 3100 3293 3172 Hyrcanum
3316 3101 3483 3171 vergit
3508 3098 3577 3153 ad
3608 3118 3734 3154 axes
3748 3140 3766 3167 ,

2346 3186 2567 3257 gurgitis
2585 3186 2781 3239 Euxini
2806 3186 3068 3249 vicinum,
3098 3184 3263 3239 multa
3288 3186 3523 3239 virorum

2349 3270 2511 3325 millia
2534 3267 2681 3343 quod
2706 3270 2909 3324 circum
2936 3267 3135 3339 degunt
3161 3286 3257 3340 per
3277 3267 3432 3323 litora
3447 3270 3626 3325 Ponti.

2348 3356 2645 3413 Amborum
2668 3354 2877 3411 medius
2896 3356 3103 3428 campis
3128 3354 3447 3410 discernitur
3469 3355 3712 3411 isthmos.

2349 3448 2447 3500 Ast
2474 3443 2645 3498 Asiam
2669 3443 2765 3515 qni
2783 3460 2937 3497 mons
2957 3440 3190 3496 excelsus
3208 3440 3398 3496 dividit
3424 3459 3659 3509 omnem,

2346 3534 2531 3607 incipit
2549 3551 2580 3587 a
2608 3530 2795 3587 mediis
2813 3542 2965 3587 terrae
2986 3530 3345 3604 Pamphylidis
3370 3532 3478 3585 oris
3494 3571 3511 3597 ,

2344 3630 2399 3675 et
2423 3620 2591 3692 longis
2616 3636 2728 3674 sese
2748 3619 2930 3693 spatiis
2956 3615 3205 3691 producit
3225 3615 3293 3673 ad
3312 3617 3477 3672 Indos
3494 3658 3511 3684 ,

2346 3727 2491 3763 nunc
2509 3707 2723 3780 obliqua
2747 3724 2927 3761 means
2944 3746 2960 3777 ,
3002 3724 3149 3761 nunc
3181 3716 3327 3761 recto
3344 3705 3510 3760 limite
3530 3724 3749 3763 currens
3772 3728 3787 3765 ι

2348 3800 2541 3852 vertice
2567 3814 2725 3869 quem
2752 3806 2905 3850 torvo
2928 3794 3209 3869 perhibent
3229 3796 3547 3867 cognomine
3563 3796 3821 3853 Taurum.

2347 3886 2559 3939 Cornua
2582 3900 2707 3939 nam
2731 3900 2971 3938 summus
2993 3880 3222 3956 scopulis
3246 3882 3489 3936 imitatur
3514 3883 3684 3936 acutis
3701 3920 3718 3948 ,

2348 3968 2742 4044 multifidusque
2766 3987 2891 4025 suos
2914 3970 3023 4025 huc
3038 3968 3193 4024 colles
3213 3970 3416 4043 spargit
3434 3980 3489 4024 et
3506 3970 3650 4027 illuc.

2348 4063 2429 4114 Ex
2445 4059 2550 4115 hoe
2563 4060 2831 4115 innumeri
2845 4056 3178 4113 descendunt
3198 4056 3435 4113 sontibus
3456 4076 3639 4113 amnes
3660 4099 3677 4125 ,

2351 4150 2406 4203 in
2426 4158 2601 4221 partes
2624 4148 2774 4213 euri,
2816 4147 3029 4220 zephyri
3047 4185 3064 4213 ,
3082 4145 3365 4219 boreaque
3386 4145 3469 4201 vel
3499 4148 3663 4202 austri
3694 4166 3710 4203 t

2350 4238 2468 4310 quis
2492 4254 2785 4293 memorare
2808 4246 2967 4310 queat
2988 4236 3275 4292 fluviorum
3312 4236 3527 4290 nomina
3546 4237 3773 4291 cuncta‘?

2348 4326 2469 4381 Non
2496 4334 2673 4379 tamen
2701 4334 2781 4379 est
2799 4340 2967 4379 unum
2997 4324 3193 4378 montis
3214 4340 3504 4394 cognomen
3530 4322 3746 4403 ubique,

2349 4410 2443 4465 sed
2474 4412 2603 4465 varii
2622 4411 2789 4465 flexus
2814 4410 3083 4465 variantur
3104 4411 3323 4464 nomine
3348 4409 3518 4463 multo
3533 4447 3551 4474 ,

2348 4497 2549 4570 singula
2565 4495 2659 4552 sed
2678 4497 2907 4571 propriis
2940 4508 3065 4551 sunt
3082 4497 3297 4551 nomina
3314 4505 3441 4550 nota
3468 4494 3687 4551 colonis.

2348 4586 2503 4639 Nunc
2519 4585 2681 4656 igitur
2701 4593 2879 4655 gentes
2896 4582 3043 4638 iilum
3060 4582 3385 4656 populosque
3411 4592 3646 4637 tenentes
3662 4621 3679 4646 ,

2348 4673 2441 4744 qni
2463 4670 2691 4725 celebres
2705 4710 2722 4737 ,
2747 4688 3069 4737 memorem;
3093 4668 3186 4723 sed
3212 4668 3335 4723 felix
3360 4688 3559 4723 numen
3577 4666 3777 4725 adesto.

2417 4762 2619 4815 Maeotoe
2638 4760 2797 4832 primi
2820 4769 3039 4830 tangunt
3061 4756 3321 4823 Maeotidis
3346 4756 3549 4825 undas;

2345 4850 2769 4921 Sauromatoeque
2791 4858 2961 4903 maces
2976 4886 2994 4915 ,
3020 4865 3145 4919 gens
3172 4862 3353 4919 aspera
3372 4846 3555 4900 Martis
3572 4847 3631 4900 in
3652 4848 3832 4910 armis,

3942 2922 4061 3002 (⁶³⁰)

3941 3100 4055 3153 625

3941 3182 4063 3261 (⁶³⁵)

3943 3538 4057 3592 630

3940 3702 4056 3784 ‹uo›

3940 3969 4055 4023 635

3944 4146 4064 4227 (⁶⁴⁵)

3938 4417 4056 4471 640

3938 4579 4053 4656 2020)

3932 4850 4047 4903 615

2346 4938 2556 5008 sangnis
2580 4932 2967 4993 Amazonidum
2994 4934 3144 4989 sortis
3160 4950 3293 5005 qnos
3319 4932 3539 5004 protulit
3561 4932 3689 4987 olim
3706 4972 3723 4998 ,
3934 4936 4055 5011 (⁰55)

2344 5022 2663 5076 Sauromatis
2688 5022 2864 5075 mixtae
2890 5037 3007 5092 quae
3026 5016 3423 5073 Thermodonte
3448 5017 3634 5073 relicto

2343 5109 2579 5179 ingentes
2602 5124 2829 5180 genuere
2854 5108 2992 5162 viros
3008 5104 3247 5178 belloque
3267 5114 3505 5177 potentes
3532 5120 3547 5158 ε

2344 5195 2647 5250 innumeras
2663 5194 2904 5249 habitant
2920 5194 3011 5266 qui
3032 5192 3213 5259 silvas,
3236 5192 3439 5264 gurgite
3460 5204 3609 5246 vasto

2344 5283 2481 5338 inter
2506 5300 2636 5357 quas
2652 5284 2845 5338 'I'anais
2872 5280 3131 5338 Maeotidis
3164 5282 3345 5335 intima
3369 5280 3541 5353 pulsat
3557 5318 3576 5347 ‚
3929 5290 4042 5342 650

3624 5384 3692 5427 02.
