4584 6284
1867 481 2092 543 omns
2140 481 2624 547 DESCRIPTIO.

824 613 1093 694 Ταρτησὸς
1120 612 1378 695 χαρίεσσα
1400 661 1415 687 ,
1447 616 1736 697 ῥυηφενεων
1765 614 1918 674 πίδον
1937 615 2138 695 ἀνδρῶν
2157 660 2173 692 ,

819 702 1027 783 lisga-{roi
1057 704 1126 777 θ’,
1157 701 1208 761 οἳ
1231 701 1456 761 ναίουσιν
1483 702 1612 759 ὑπαὶ
1639 702 1773 759 πόδα
1809 704 2122 781 Πυρηναῖον.

3746 510 3853 562 123

2306 640 2512 679 amoena
2528 628 2825 693 Tan-tessus,
2855 628 3127 685 bominum
3154 632 3523 705 opulentorum
3546 636 3713 693 solum
3738 640 3785 713 ),

2310 719 2364 763 et
2385 711 2593 784 Cempsi
2622 713 2714 785 qui
2738 712 2803 767 ad
2836 714 3037 770 radices
3059 719 3287 790 Pyrenaei
3315 720 3573 779 habitant.

667 882 780 928 not.
813 873 868 925 in
884 874 1081 941 Geogr.
1107 880 1218 923 tom
1269 886 1316 933 1,
1337 887 1390 941 p.
1420 870 1654 939 aot.n—-
1672 869 1794 938 337.
1818 869 2063 940 Ταρτησδς
2083 868 2103 939 ]
2127 872 2223 923 AB
2316 868 2423 923 iere
2444 871 2667 925 Iberiam
2697 874 2923 945 patuisse
2946 893 3067 929 eum
3095 876 3296 932 Ukerto
3336 884 3655 937 statuamus?
3690 886 3863 938 Immo

671 954 762 1007 GE
771 954 814 1004 F
820 954 912 1009 GL
927 948 1119 1006 Yadmo
1147 948 1368 1013 Bernh.;
1401 948 1676 1021 Ταρτησσὸς
1705 948 1882 1019 vulgo;
1912 947 2124 1019 ρυηφέων
2151 946 2192 1001 cl
2201 969 2223 1011 ,-

663 1027 945 1101 ῥυηφανέων
969 1028 1110 1101 γένος
1127 1026 1315 1098 ἄνδρων
1339 1046 1373 1101 q
1393 1038 1446 1082 et
1464 1026 1590 1083 edit.
1617 1032 1792 1083 Antw.
1815 1028 1923 1099 ΙΙ-
1940 1026 2062 1083 338.
2090 1025 2220 1099 Kep-

663 1110 781 1181 40¹]
825 1107 1040 1181 Κεμεγοὶ
1065 1104 1246 1161 addito
1271 1125 1352 1179 γρ.
1385 1106 1594 1180 Κεμψοί,
1622 1105 1686 1161 d.-
1709 1106 1855 1179 Κεψοί
1873 1106 2218 1179 Nicephorus.

665 1190 921 1261 Cempsos
957 1188 1088 1242 alius
1115 1206 1272 1241 nemo
1315 1196 1568 1242 memorat
1597 1198 1784 1259 practer
1809 1188 2097 1250 Avienum,
2126 1185 2219 1259 qui

669 1266 724 1321 in
745 1270 844 1322 Or.
875 1285 1011 1321 mar.
1035 1284 1090 1339 p.
1127 1267 1222 1337 ¹9⁵
1255 1267 1324 1320 ita
1358 1266 1510 1321 habet
1537 1284 1550 1321 t

817 1362 1018 1436 Cempsi
1041 1375 1198 1435 atque
1223 1362 1377 1431 Sagfes
1397 1360 1586 1415 anluos
1613 1362 1764 1417 eolles
1785 1362 1974 1417 liabent

819 1442 1102 1516 Ophiussa,-
1129 1442 1182 1495 ia
1205 1460 1331 1511 agro
1345 1464 1366 1504 ,·
1382 1454 1601 1515 propter
1619 1442 1710 1496 hos
1721 1442 1919 1515 pernis:
1951 1440 2115 1511 Ligus

813 1524 1219 1593 Dragamcmque
1237 1518 1407 1592 proles
1431 1520 1528 1573 sub
1549 1519 1733 1574 nimso
1751 1520 1978 1575 maxime

812 1597 1170 1670 septemtrione
1187 1596 1377 1651 colloca
1385 1609 1558 1651 ewam
1579 1597 1756 1653 latent.

811 1676 1080 1730 Pet-tanim:
1101 1688 1272 1730 antem
1299 1686 1376 1729 est
1401 1676 1572 1731 insula
1593 1676 1670 1730 ad
1690 1676 1966 1750 zephyrum
1993 1676 2180 1740 lateas,

801 1753 1117 1826 putidasque
1133 1765 1323 1826 portus
1335 1776 1356 1817 ,·
1385 1751 1502 1807 inde
1523 1752 1750 1828 Cempsis
1770 1753 2016 1825 adjacent

803 1830 991 1905 populi
1015 1835 1262 1902 Cym-tum
1276 1854 1298 1895 ,·
1326 1843 1435 1885 tum
1463 1834 1762 1903 Crasticum
1779 1833 1970 1903 jugum

806 1928 910 1984 qua
932 1908 1179 1965 sideralis
1199 1910 1330 1964 lucis
1355 1910 1628 1966 inclinatio
1647 1922 1726 1965 est
1741 1950 1757 1976 ,

801 1988 908 2042 alte
938 2000 1218 2043 tumescens
1244 1988 1378 2043 ditis
1399 1995 1451 2045 E
1453 2010 1626 2065 uropoe
1650 1990 1903 2045 extimum

808 2087 863 2121 m
891 2067 1107 2121 bellicosi
1141 2080 1304 2135 vet-gu
1332 2070 1528 2125 Oceani
1552 2070 1742 2125 salum.

662 2169 724 2219 ln
761 2163 1192 2219 antecedentibus
1223 2166 1457 2219 Avienus
1491 2168 1637 2241 (145)
1678 2168 1837 2222 tradit
1872 2167 2218 2239 Ophiussam,

663 2245 718 2297 iu
740 2244 924 2297 oceani
949 2245 1072 2297 sinu
1093 2244 1284 2301 intimo
1307 2246 1458 2300 sitam
1483 2286 1500 2311 ,
1533 2257 1587 2301 et
1621 2249 1768 2319 prius
1791 2244 2220 2317 OEstrymnidem

663 2325 858 2378 dictam
874 2364 891 2391 ,
902 2326 1008 2379 situ
1026 2335 1079 2379 et
1098 2325 1457 2397 magnitudine
1475 2326 1836 2400 Peloponneso
1853 2324 2073 2380 similem
2091 2342 2221 2390 esse,

667 2422 730 2457 ex
755 2422 922 2477 eaque
949 2403 1015 2458 ad
1045 2404 1306 2459 Sardoum
1344 2424 1485 2460 mare
1517 2418 1712 2478 septem
1739 2405 1946 2459 dierum
1969 2402 2113 2459 tendi
2137 2422 2224 2478 pe-

668 2482 768 2537 diti
807 2486 964 2538 viam.
993 2483 1224 2538 Ukertus
1254 2486 1479 2555 (Geogr.
1509 2496 1550 2541 t.
1579 2490 1671 2555 a),
1701 2486 1884 2540 Iberioe
1911 2483 2137 2539 tabulam
2159 2502 2224 2539 ex

669 2572 844 2616 mente
888 2563 1076 2617 Avieni
1112 2561 1374 2617 delineare
1417 2575 1634 2618 conatus
1653 2604 1670 2631 ,
1709 2564 1886 2619 nescio
1921 2579 2029 2636 quo
2071 2572 2226 2633 paeto

667 2640 984 2712 Ophiussam
1013 2639 1079 2695 ad
1106 2641 1454 2696 Artabrornm
1473 2644 1824 2716 promontorii
1852 2644 2119 2714 regionem
2138 2658 2222 2695 re-

669 2719 877 2784 tulerit,
915 2738 1084 2793 quum
1127 2721 1197 2775 sit
1245 2722 1574 2777 manifestum
1613 2721 1976 2778 collocandum
2019 2738 2130 2775 esse
2155 2720 2220 2775 ad

669 2801 918 2854 intimum
943 2802 1119 2855 sinum
1163 2801 1420 2857 Gallicum
1441 2846 1458 2871 ,
1500 2804 1554 2857 in
1581 2803 1830 2857 extremis
1869 2800 2157 2873 Pyrenaeis,
2195 2816 2224 2853 a

667 2896 776 2951 quo
798 2878 866 2933 ad
903 2898 1048 2934 mare
1069 2879 1330 2935 Sardoum
1351 2882 1574 2938 isthmus
1591 2893 1701 2948 est,
1727 2899 1888 2954 quem
1912 2878 2102 2934 Strabo
2119 2918 2134 2942 ,
2159 2876 2227 2931 ab

663 2962 934 3016 OEassone
984 2959 1051 3015 ad
1098 2962 1450 3017 Tarraconem
1493 2964 1630 3017 viam
1693 2972 2004 3033 computans
2021 3000 2037 3023 ,
2087 2961 2227 3022 2400

663 3037 954 3092 stadiorum
993 3056 1104 3093 esse
1131 3038 1386 3110 prodidit.
1417 3040 1732 3113 Ophiussam
1769 3038 1939 3093 Graeei
1977 3036 2226 3090 linxerint

665 3135 696 3170 e
718 3118 934 3170 nomine
965 3116 1192 3170 badiaro
1229 3114 1465 3182 Ὀῒασσώ,
1493 3116 1692 3171 Οἰασσιέι
1719 3116 1798 3171 vel
1831 3115 2030 3187 Οἰαρσώ
2057 3115 2222 3189 (quod

664 3195 826 3249 bodie
853 3205 1113 3269 superstes
1141 3205 1218 3248 est
1249 3196 1302 3250 in
1335 3200 1557 3269 Oyento,
1595 3199 1836 3267 Qrarzem
1853 3198 1899 3265 ).
1923 3194 2076 3249 Nulla
2101 3212 2225 3248 sane

665 3274 736 3329 ibi
763 3274 1103 3329 chersonesus
1121 3285 1198 3327 est
1221 3292 1381 3345 quam
1397 3293 1516 3330 cum
1541 3276 1900 3347 Peloponneso
1919 3291 2225 3345 comparare

666 3356 860 3426 possis;
887 3364 938 3407 at
966 3352 1176 3406 finxisse
1220 3354 1372 3407 talem
1401 3364 1629 3419 veteres,
1656 3372 1688 3407 e
1726 3354 1992 3409 Ptolemoei
2033 3352 2224 3406 tabulis

667 3431 863 3502 colligis
879 3470 895 3496 ,
937 3430 1025 3485 uhi
1061 3434 1264 3486 OEasso
1295 3432 1716 3506 promontorium
1753 3432 1936 3503 ingens
1970 3448 2066 3503 per
2109 3449 2224 3502 gra-

668 3508 798 3563 dum
824 3509 1084 3579 integrum
1107 3520 1282 3563 ortum
1305 3510 1624 3584 boreamque
1651 3528 1830 3564 versus
1849 3511 1904 3564 in
1932 3527 2075 3564 mare
2099 3526 2222 3581 pro·

665 3588 868 3659 jicitur.
915 3588 1160 3643 Similiter
1202 3590 1256 3643 in
1303 3590 1572 3646 Adriatico
1603 3591 1858 3665 Hyllieam
1893 3588 2220 3663 peninsulam

669 3668 836 3740 figura
853 3679 906 3722 et
930 3669 1286 3739 magnitudine
1303 3670 1660 3745 Peloponneso
1685 3671 1908 3725 similem
1935 3688 2084 3725 msca
2100 3688 2224 3741 geo·

670 3748 884 3820 graphia
910 3746 1194 3817 perhibuit.
1231 3750 1436 3821 Cempsi
1463 3751 1642 3821 igitur,
1679 3759 1740 3803 ut
1777 3749 2062 3821 Dionysius
2087 3766 2220 3821 quo-

671 3844 780 3897 que
817 3836 1057 3890 testatur,
1097 3827 1464 3898 Pyrenaeomm
1494 3828 1680 3882 accolae
1711 3837 1861 3881 erant
1885 3829 1940 3880 in
1967 3825 2222 3881 hodierna

673 3904 978 3979 Guipuscoa
1017 3906 1286 3977 provincia
1326 3906 1540 3979 ejusque
1581 3907 1796 3973 vicinia,
1831 3906 1922 3961 ubi
1971 3907 2024 3959 in
2061 3906 2226 3962 altero

673 3986 1046 4056 Pyrenaeorum
1069 3985 1229 4039 latere
1251 3988 1494 4040 novimus
1514 3986 1802 4059 Aquitaniae
1833 3996 2038 4057 gentem
2069 3990 2225 4043 Cam-

673 4064 830 4118 bonos
850 4066 871 4134 (
895 4062 963 4117 ad
989 4063 1115 4119 hod.
1171 4063 1422 4120 Camban.
1468 4068 1539 4123 V.
1567 4065 1704 4121 Plin.
1725 4070 1780 4130 4,
1822 4083 1884 4137 ¹9
1905 4069 1949 4135 ).
1978 4067 2226 4139 Cempso-

669 4160 792 4197 mm
821 4143 978 4195 vicini
1013 4142 1202 4214 Ligyes
1238 4160 1304 4197 ex
1331 4146 1518 4200 Avieni
1565 4154 1738 4198 mente
1768 4143 2012 4197 latissime
2047 4142 2224 4198 diffusi

669 4240 836 4295 usque
876 4220 944 4275 ad
974 4223 1246 4277 Oceanum
1291 4222 1551 4280 borealem
1582 4224 1933 4298 pertinebant.
1972 4228 2224 4293 Quaenam

667 4302 734 4355 sit
753 4304 1062 4369 Dragamcm
1075 4302 1257 4375 proles
1272 4344 1288 4367 ,
1318 4302 1492 4359 dicere
1509 4322 1616 4358 non
1644 4304 1832 4359 habeo.
1852 4305 2034 4375 Neque
2067 4303 2228 4373 magis

665 4389 872 4434 constat
911 4378 978 4435 de
1015 4380 1228 4445 Soefibus
1261 4384 1463 4440 vicinis.
1495 4384 1563 4437 Ni
1605 4382 1773 4448 fallor,
1805 4382 1964 4452 Soeses
1990 4382 2226 4437 librario-

665 4478 786 4515 rum
839 4460 918 4514 vel
966 4463 1198 4515 auctoris
1241 4480 1420 4519 errore
1463 4464 1718 4536 scriptum
1759 4474 1838 4517 est
1879 4482 1978 4536 pro
2022 4462 2224 4531 Gletes,

670 4539 946 4605 mun-:23
1007 4558 1132 4594 nam
1187 4541 1636 4613 quemadmodum
1685 4542 1921 4598 Avienus
1979 4544 2228 4616 Cempsos

671 4620 929 4691 Cynetnm
960 4620 1160 4673 vicinos
1191 4638 1302 4675 asse
1328 4618 1456 4675 dicit
1475 4660 1492 4687 ,
1526 4623 1604 4676 sie
1643 4620 1956 4676 Herodorus
1992 4625 2117 4693 (ap.
2148 4624 2224 4678 St.

671 4700 732 4753 B.
761 4718 814 4753 v.
849 4696 1090 4769 ’16ηρῑαι)
1118 4698 1294 4754 Gletes
1312 4700 1596 4771 Cynetibus
1618 4719 1650 4755 a
1679 4698 1840 4754 borea
1871 4700 1992 4755 facit
2020 4711 2228 4755 conter-

676 4778 881 4843 minos;
927 4774 1071 4831 unde
1135 4778 1384 4852 Cempsos
1426 4790 1480 4834 et
1538 4781 1714 4835 Gletes
1773 4779 2025 4833 finitimos
2071 4778 2228 4835 fuisse

673 4857 954 4927 colligitur.
999 4856 1245 4912 Ceterum
1299 4857 1472 4913 Gletes
1517 4860 1658 4926 sive,
1701 4870 1763 4914 ut
1810 4858 1998 4914 Strabo
2038 4858 2222 4927 habet,

671 4938 883 5004 Iquetes,
913 4954 1022 4990 non
1049 4935 1240 4991 diversi
1271 4938 1475 4993 suntab
1501 4940 1565 4993 iis
1583 4956 1714 5011 quos
1734 4940 1967 4994 Avienus
1987 4938 2090 4992 alio
2112 4938 2226 4995 loco

669 5026 722 5069 et
746 5034 809 5069 ex
835 5013 938 5068 alio
966 5013 1112 5068 fonte
1151 5015 1340 5070 Ileates
1369 5026 1534 5072 voeat.
1567 5015 1725 5086 Quod
1757 5015 1823 5070 ad
1851 5017 2074 5088 Cynetes
2103 5020 2224 5071 atti·

669 5103 784 5158 net,
812 5110 1042 5164 quorum
1067 5110 1202 5165 saepe
1230 5104 1422 5148 veteres
1442 5096 1760 5149 mentionem
1786 5093 1999 5159 faciunt,
2023 5106 2225 5150 constat

665 5190 756 5226 eos
798 5172 938 5225 circa
985 5178 1154 5227 Anam
1185 5172 1400 5227 fluvium
1431 5172 1684 5227 habitasse
1713 5182 2106 5244 extremamque
2137 5192 2224 5229 oo-

665 5250 836 5304 ciduae
863 5250 1050 5304 Iberiae
1077 5261 1278 5323 partem
1303 5250 1602 5307 obtinuisse.
1629 5254 1769 5306 Num
1796 5253 1952 5323 igitur
1972 5251 2222 5308 obscuros

667 5340 876 5385 nostros
913 5330 1166 5402 Cempsos
1213 5330 1336 5383 inde
1367 5350 1396 5385 a
1436 5334 1636 5403 Pyrene
1658 5350 1890 5403 eousque
1925 5349 2021 5403 per
2058 5341 2218 5385 totam

2314 951 2614 1005 notissimos
2642 953 2766 1007 istos
2802 954 3025 1025 Cynetes
3050 953 3200 1027 longe
3232 956 3445 1013 boream
3490 978 3667 1015 versus
3698 980 3863 1035 usque

2312 1026 2379 1081 ad
2400 1030 2651 1103 Cempsos
2675 1034 2868 1087 Ooeani
2893 1033 3117 1089 borealis
3138 1046 3190 1089 et
3218 1038 3444 1108 Pyrenes
3479 1040 3679 1095 accolas
3712 1041 3861 1098 habi·

2313 1117 2447 1163 tasse
2486 1108 2610 1163 olim
2658 1122 2996 1169 censuerunt.
3048 1116 3127 1167 Ex
3162 1114 3505 1172 Straboniana
3548 1121 3861 1193 geographia

2310 1188 2655 1261 Cempsorum
2676 1190 2873 1244 vicinos
2905 1190 3151 1247 occiduos
3166 1192 3363 1247 dixeris
3383 1196 3627 1251 Coniseos
3655 1198 3732 1253 vel
3768 1204 3867 1255 Co·-

2310 1263 2491 1321 aiaeos
2505 1308 2521 1332 ,
2546 1284 2681 1340 quos
2707 1269 2862 1342 prisci
2892 1270 3149 1343 Cynetum
3172 1272 3385 1325 nomine
3407 1274 3865 1345 comprehendisse

2312 1342 2578 1413 videntur,
2632 1349 2734 1403 nisi
2790 1348 3005 1403 sortasse
3044 1350 3251 1403 Conisci
3294 1366 3414 1403 cum
3449 1352 3574 1423 ipsis
3627 1354 3865 1429 Cempsis

2310 1426 2661 1498 componendi
2688 1438 2829 1484 sunt.
2850 1458 2925 1470 —
2946 1427 3093 1483 Alius
3118 1429 3303 1484 Avieni
3338 1428 3511 1496 locus,
3542 1448 3651 1503 quo
3678 1433 3867 1507 Cemp-

2310 1520 2489 1558 sorum
2522 1506 2719 1559 mentio
2754 1505 3051 1576 iit‚legitur
3072 1526 3149 1563 vs.
3186 1510 3309 1579 298,
3338 1508 3428 1562 ubi
3448 1548 3462 1575 ,
3485 1521 3763 1583 postquam
3798 1514 3867 1567 de

2308 1582 2553 1637 Tartesso
2580 1584 2741 1639 fluvio
2765 1584 2995 1651 dixerat,
3022 1588 3189 1658 pergit
3207 1597 3357 1659 poeta
3383 1606 3397 1642 :

2906 1714 3013 1769 qua
3048 1696 3231 1750 deliine
3256 1697 3325 1750 ab
3351 1717 3549 1771 (equore

2448 1772 2585 1827 salsi
2595 1775 2792 1843 fluenti
2814 1787 2965 1829 rasta
2982 1793 3083 1848 per
3097 1773 3319 1829 medium
3342 1778 3445 1829 soli

2450 1850 2590 1920 erg-io
2616 1852 2824 1917 recedit,
2847 1871 2972 1922 gens
2994 1858 3303 1910 Etmaneum
3320 1854 3511 1909 accolit
3524 1896 3541 1919 ,

2451 1942 2609 2004 atque
2634 1930 2753 1987 inde
2772 1950 2955 1987 rursus
2976 1950 3132 2007 usque
3146 1931 3222 1985 ad
3252 1937 3583 2007 Cempsorum
3610 1946 3733 1989 sata

2451 2010 2643 2066 Ileates
2670 2030 2799 2081 agro
2825 2029 2879 2066 se
2892 2011 3071 2081 semei
3084 2012 3399 2085 porrigunt,-

2453 2090 2725 2143 maritima
2752 2108 2873 2144 vero
2904 2090 3157 2147 Cilbiceni
3182 2090 3471 2164 possident.

2312 2204 2435 2258 lia-c
2455 2206 2525 2258 ita
2556 2206 2787 2260 Ukertus
2814 2208 2867 2260 in
2892 2205 3069 2260 tabula
3086 2208 3505 2278 representavit,
3534 2216 3595 2261 ut
3622 2209 3861 2265 Etmanei

2311 2294 2364 2337 et
2390 2284 2572 2340 Ileates
2606 2288 2661 2339 in
2703 2284 2875 2341 media
2909 2286 3096 2341 Baetiea
3116 2324 3133 2353 ,
3161 2286 3411 2341 Cilbiceni
3441 2296 3618 2342 autem
3652 2290 3867 2345 Oceano

2312 2366 2593 2438 propinqui
2622 2366 2759 2432 sint;
2784 2383 3086 2441 perperam,
3106 2366 3309 2439 opiner.
3336 2364 3599 2421 Nimirum
3638 2366 3864 2423 dubium

2316 2444 2399 2497 vix
2428 2456 2507 2499 est
2534 2446 2662 2517 quin
2686 2446 2849 2517 ignoti
2876 2446 2959 2499 isti
2982 2444 3169 2499 Ileates
3190 2446 3297 2499 sint
3320 2444 3547 2517 Ἶγλητες
3568 2446 3859 2505 Strabonis.

2314 2522 2518 2591 Quodsi
2548 2528 2595 2579 E
2599 2536 2855 2577 emam-um
2878 2524 3107 2578 Avienus
3132 2526 3186 2577 in
3214 2522 3357 2577 l'onte
3382 2543 3479 2578 suo
3503 2527 3757 2599 scriptum
3783 2546 3865 2581 re-

2312 2602 2483 2673 perit,
2506 2602 2741 2657 codicem
2771 2601 3015 2657 adhibuit
3058 2604 3112 2657 in
3139 2620 3247 2675 quo
3282 2603 3361 2655 ΑΔ
3392 2603 3589 2658 abierat
3624 2606 3677 2659 in
3714 2606 3788 2671 M,
3813 2618 3869 2661 et

2322 2678 2607 2753 Ἐτμανέων
2628 2680 2891 2752 legebatur
2902 2700 3001 2753 pro
3026 2680 3326 2736 Ἐταδανίων
3344 2722 3359 2747 ,
3381 2684 3471 2754 qui
3492 2693 3613 2737 sunt
3634 2684 3869 2741 Edetani

2319 2759 2397 2813 vel
2414 2758 2651 2814 Sedetani
2677 2758 2973 2825 Strabonis,
2994 2760 3149 2824 Livii,
3168 2760 3423 2832 Appiani,
3450 2760 3731 2819 Ptolemoei.
3749 2766 3868 2819 Jam

2317 2857 2443 2895 vero
2478 2838 2696 2894 Edetani
2725 2857 2831 2895 sec.
2866 2838 3173 2893 Strabonem
3202 2838 3328 2893 inde
3357 2838 3463 2893 sere
3498 2859 3529 2895 a
3556 2842 3869 2915 Carthagine

2316 2920 2463 2973 Nova
2481 2936 2647 2991 usque
2674 2918 2741 2972 ad
2760 2918 2971 2973 Iberum
2997 2918 3211 2972 fluvium
3234 2920 3495 2990 pertinent
3510 2919 3727 2991 ,Igletes
3746 2940 3871 2977 vero

2314 2997 2383 3052 ab
2410 2998 2565 3053 Ibero
2592 2998 2805 3052 bonam
2838 3015 3019 3052 versus
3054 2996 3321 3063 habitant,
3364 2996 3496 3051 adeo
3522 3009 3582 3052 ut
3621 2998 3688 3054 ad
3728 3001 3871 3073 ipsos

2314 3078 2591 3148 Pyrenaeos
2612 3075 2765 3148 juxta
2791 3076 3039 3149 Ceinpsos
3062 3075 3302 3131 eollocari
3328 3078 3530 3149 possint
3552 3077 3871 3133 commodis-

2313 3154 2463 3209 sime.
2486 3154 2779 3210 Cilbicenos
2801 3152 2987 3208 Strabo
3004 3171 3109 3209 non
3128 3154 3305 3219 novit,
3330 3154 3421 3207 sed
3444 3158 3582 3228 ipsos
3604 3156 3869 3213 Edetanos

2312 3243 2363 3285 et
2390 3233 2575 3303 Igletes
2592 3274 2609 3300 ,
2628 3251 2763 3305 quos
2781 3232 3281 3287 mediterraneorum
3310 3244 3463 3287 vasta
3487 3236 3689 3307 regioni
3712 3238 3869 3293 Avie-

2312 3329 2413 3364 nus
2435 3313 2661 3383 assignat
2680 3351 2696 3377 ,
2732 3328 2879 3365 oram
2908 3311 3223 3365 maritimam
3247 3312 3475 3381 attigisse
3500 3324 3695 3369 censet.
3734 3317 3869 3384 Quae

2316 3406 2437 3443 vero
2480 3389 2637 3444 suerit
2664 3408 2757 3444 ora
2802 3388 3189 3444 Cilbioeoorum
3204 3427 3222 3455 ,
3267 3390 3501 3443 Avienus
3545 3390 3742 3445 indicat
3787 3411 3865 3448 vs.

2312 3472 2437 3535 4²1,
2472 3469 2563 3522 ubi
2588 3469 2643 3522 in
2666 3466 2903 3522 orientali
2931 3466 3115 3521 Iberiae
3138 3484 3232 3522 ora
3254 3469 3485 3540 primum
3512 3471 3751 3523 nominat
3777 3472 3866 3524 Li-

2312 3546 2680 3620 byphoenices,
2736 3556 2849 3601 tum
2901 3546 3219 3612 Massienos,
3253 3556 3369 3600 tum
3408 3548 3677 3605 Cilbicena
3712 3568 3869 3619 regna

2314 3626 2504 3682 lemeis
2525 3626 2643 3696 agri
2684 3639 2733 3680 et
2764 3625 2825 3680 di
2833 3626 2963 3681 vites
3008 3625 3297 3682 Tartessios
3321 3626 3415 3699 qui
3444 3627 3793 3700 porrigantur
3814 3630 3868 3683 in

2312 3706 2639 3763 Calactieam
2666 3705 3007 3777 (Galaticum
3026 3724 3129 3759 em.
3154 3702 3396 3759 Meinelte
3421 3708 3474 3759 in
3494 3706 3661 3763 Vind.
3690 3708 3848 3762 Strab

2312 3804 2367 3859 p.
2400 3788 2499 3858 39)
2530 3787 2703 3841 sinum
2713 3807 2734 3850 ,·
2750 3786 2987 3857 quamvis
3010 3786 3064 3838 in
3089 3784 3170 3838 his
3208 3784 3457 3839 Cilbiceni
3507 3788 3683 3858 potius
3709 3804 3868 3858 quam

2310 3866 2557 3920 Tartessii
2576 3883 2742 3938 usque
2765 3862 2832 3919 ad
2860 3864 3151 3919 Galaticum
3174 3864 3351 3917 sinum
3370 3866 3633 3936 pertinere
3654 3865 3869 3919 debuis-

2313 3955 2447 3999 sent.
2494 3946 2757 3999 Nimirum
2801 3942 2869 3997 ab
2916 3941 3191 3997 Herodoro
3228 3943 3346 4014 (ap.
3378 3942 3455 3997 St.
3488 3944 3551 3997 B.
3582 3943 3619 3999 l.
3646 3942 3683 3997 l.
3706 3948 3725 4011 )
3750 3956 3872 4017 post

2314 4024 2537 4097 Cynetes
2555 4065 2571 4091 ,
2597 4023 2787 4097 quibus
2814 4040 2844 4076 a
2869 4021 3029 4076 borea
3054 4020 3226 4077 Gletes
3257 4020 3565 4087 imminent,
3593 4040 3870 4077 recensen-

2315 4116 2404 4160 tur
2430 4106 2695 4179 Ταρτήσιοι
2709 4144 2726 4171 ,
2759 4102 2881 4174 μετὰ
2910 4101 2963 4157 Sl
3008 4100 3308 4156 Ἐλὸυσίνιοι
3336 4100 3649 4171 (Ἐλὸἐστιοι
3698 4104 3868 4157 Heca-

2316 4185 2465 4252 taei),
2514 4182 2636 4255 μετὰ
2706 4182 2757 4237 Bi
2825 4180 3149 4248 Blasttqvoi„
3186 4178 3309 4251 μετὰ
3370 4178 3423 4233 Si
3476 4179 3865 4245 Κελκεανοί,

2317 4262 2484 4319 ἔπειτα
2518 4263 2571 4317 δὲ
2615 4260 2709 4331 ἤδη
2739 4262 2767 4315 ὁ
2801 4259 3050 4323 Ῥοδανός.
3078 4261 3141 4313 1n
3171 4258 3365 4330 quibus
3406 4258 3671 4313 Κελκεανοί
3700 4278 3869 4333 neque

2318 4344 2371 4397 in
2406 4342 2678 4399 Καλπιανοὶ
2714 4360 2833 4397 cum
2866 4338 3135 4405 Bet-lidie,
3165 4357 3336 4412 neque
3378 4340 3433 4393 in
3478 4340 3705 4396 Κελτικοί
3745 4358 3867 4395 cum

2317 4421 2583 4478 Meincltio
2624 4433 2703 4477 est
2738 4419 3067 4477 mutandum.
3102 4422 3263 4474 Manu
3308 4419 3569 4475 lenissima
3613 4422 3870 4476 scriberes

2320 4504 2615 4571 Κιλὸεανοί,
2656 4502 2817 4557 modo
2865 4512 3122 4556 constaret
3156 4501 3411 4557 Avienum
3456 4499 3719 4573 Stephano
3758 4519 3867 4555 me·

2318 4584 2449 4639 liora
2476 4584 2697 4638 tradere.
2722 4612 2795 4624 —
2811 4582 3055 4635 Ceterum
3079 4580 3285 4651 Cempsi
3308 4580 3362 4632 in
3392 4582 3745 4635 continentem
3775 4598 3863 4634 ve-

2318 4675 2505 4717 nerant
2532 4682 2595 4717 ex
2630 4661 2797 4716 insula
2813 4700 2829 4727 ,
2854 4670 2983 4713 teste
3008 4660 3207 4714 Avieno
3232 4658 3332 4723 254
3366 4675 3381 4712 ε

2459 4781 2597 4830 Pars
2614 4793 2773 4849 porro
2789 4778 2905 4831 an
2934 4770 3157 4827 eontinet
3191 4771 3481 4827 Tartessios

2459 4867 2510 4910 et
2538 4860 2585 4912 C
2586 4854 2846 4909 ilbieenos.
2884 4855 3102 4909 Cartare
3118 4862 3246 4924 post
3276 4850 3449 4905 insula
3472 4862 3551 4905 est
3566 4890 3583 4917 ,

2456 4954 2665 5008 eamque
2677 4933 2879 5008 pridem
2895 4974 2911 4997 ,
2937 4932 3125 4999 inficeti
3158 4930 3274 5003 (sic)
3299 4932 3442 4985 satis
3460 4942 3539 4984 est
3548 4927 3691 5001 fides

2461 5016 2700 5087 [eamque
2735 5011 2937 5085 pridem
2956 5050 2971 5077 ,
3001 5011 3052 5066 si
3090 5010 3269 5064 Phileo
3292 5010 3432 5064 satis
3459 5021 3537 5063 est
3553 5006 3683 5075 fides
3718 5004 3859 5075 conj.

3464 5084 3707 5141 Meineke
3728 5082 3762 5139 l.
3782 5082 3859 5153 l.]

2458 5183 2660 5224 tenuere
2681 5168 2891 5243 Cempsi
2900 5188 2921 5231 ,·
2930 5166 3290 5243 proximorum
3312 5176 3495 5239 postea

2444 5249 2597 5323 pulsi
2622 5248 2790 5302 duello
2808 5289 2822 5310 ,
2850 5246 3007 5302 suria
3035 5246 3309 5321 quesitam
3330 5242 3443 5296 loca

2448 5348 2504 5384 se
2516 5330 2801 5403 protulere.
