4584 6284
725 559 803 611 58

710 680 837 738 dum
858 680 1079 746 excelsa,
1094 679 1480 753 circumspecta
1492 687 1509 715 ¹
1526 687 1577 731 et
1590 675 1854 750 permulto
1873 674 2010 729 mari
2032 674 2280 740 illustris,

710 769 789 825 ad
802 768 1027 825 salutem
1044 764 1417 835 navigantium
1434 762 1688 819 excitata.
1722 764 1955 836 Utraque
1970 759 2107 816 enim
2124 760 2287 816 Ponti

705 874 838 932 pars
857 865 1001 911 caret
1014 852 1283 929 portubus
1301 868 1456 906 naves
1475 847 1874 923 excipientibus.
1950 850 2095 903 Nam
2120 849 2286 905 maris

711 944 945 1001 insedati
961 955 1013 1000 et
1042 940 1337 997 turbulenti
1356 940 1512 995 limes
1539 938 1745 1009 tongum
1772 938 1827 993 in
1846 948 2081 993 neutram
2114 938 2283 993 conti-

709 1046 913 1091 nentem
923 1032 1187 1107 flexiones
1204 1029 1363 1085 habet
1376 1070 1390 1086 .
1472 1030 1561 1083 Ex
1584 1026 1683 1081 hac
1712 1039 1851 1081 turre
1858 1026 2015 1098 saces
2044 1024 2285 1081 ardentes

707 1135 869 1179 noctu
911 1120 1138 1177 sublatoe
1172 1116 1593 1193 perfircbantur,
1648 1126 1798 1169 rectoe
1838 1113 1944 1170 vioe
2003 1112 2080 1168 ad
2122 1113 2285 1169 Ponti

707 1208 907 1265 ostium
954 1206 1128 1261 duces.
1203 1208 1287 1259 Ae
1336 1201 1552 1258 barbari
1606 1220 1848 1257 verarum
1876 1200 2092 1272 facium
2116 1200 2281 1275 fidem

708 1294 1038 1365 auferebant,
1052 1288 1429 1368 proetcndentes
1442 1308 1507 1345 ex
1522 1288 1835 1361 Salmydessi
1849 1288 2119 1344 littoribus
2120 1287 2283 1361 srau-

712 1383 961 1439 dulcatas
973 1380 1133 1454 faces
1149 1422 1165 1447 ,
1209 1390 1269 1435 ut
1304 1378 1359 1435 in
1386 1396 1603 1434 errorem
1630 1389 1825 1433 nautas
1854 1376 2151 1433 inducerent
2168 1418 2184 1445 ,
2226 1376 2283 1433 in

708 1469 1100 1545 naufragiaque
1138 1466 1498 1525 subducerent.
1576 1469 1684 1523 Ora
1717 1466 1855 1523 enim
1882 1466 2155 1523 maritima
2182 1467 2281 1523 im·

701 1570 966 1637 portuosa
1000 1567 1081 1611 est
1095 1595 1112 1620 ‚
1136 1567 1190 1610 et
1213 1552 1379 1609 maris
1404 1552 1601 1609 vadum
1626 1554 1691 1609 ob
1725 1572 1989 1610 excessum
2022 1572 2281 1627 aquarum

708 1646 922 1703 ancoris
947 1664 1049 1701 non
1060 1644 1301 1718 firmum,
1332 1654 1383 1697 et
1393 1655 1647 1718 paratum
1672 1642 1779 1709 his,
1804 1642 2227 1717 quiaberrarunt
2242 1660 2279 1697 a

709 1746 853 1791 recta
872 1733 987 1801 via,
1007 1732 1369 1806 naufragium,
1390 1729 1559 1801 signis
1572 1731 1715 1787 veris
1738 1730 1973 1803 confusis
1985 1729 2279 1802 cumfalsis

706 1821 1208 1897 significationibus.
1244 1823 1367 1875 ram
1389 1838 1510 1876 vero
1532 1819 1794 1875 Iucernam
1816 1818 2051 1875 atieoeit
2072 1830 2274 1894 tempus

706 1909 887 1967 omnia
910 1926 1229 1974 consumens,
1256 1919 1307 1962 et
1332 1906 1519 1965 turrim
1539 1926 1729 1978 magna
1754 1917 1995 1981 exparte
2006 1904 2271 1964 dissolvit.

779 2003 865 2059 Ex
906 2000 991 2055 his
1033 1998 1277 2073 Dionysii
1318 1996 1492 2053 verbis
1518 2014 1643 2053 cum
1683 2006 1855 2053 cetera
1899 1996 2057 2051 Ponti
2097 1995 2275 2051 littora

706 2088 1058 2161 assequimur,
1085 2096 1201 2141 tum
1224 2084 1453 2141 maxime
1482 2081 1789 2157 Salmydessi
1817 2100 1928 2137 esse
1950 2082 2273 2156 importuosa

702 2176 1041 2249 Thracesque
1087 2171 1485 2245 naufragiorum
1526 2169 2003 2245 depredationibus
2044 2170 2273 2225 mxime

703 2263 913 2320 deditos
949 2280 1081 2318 esse.
1157 2260 1414 2334 Dionysio
1453 2259 1714 2315 consentit
1738 2256 2039 2331 Xenophon
2058 2255 2266 2331 (Anah.

703 2372 756 2425 7,
787 2350 817 2406 5
835 2350 878 2425 ),
905 2368 1027 2406 cum
1062 2350 1137 2405 ait
1158 2350 1467 2405 Gra-eorum
1494 2346 1781 2402 exercitum
1796 2386 1813 2413 ,
1844 2343 1994 2418 cujus
2018 2346 2131 2419 ipse
2155 2343 2267 2400 dux

701 2450 859 2508 esset,
876 2438 1151 2495 accessisse
1178 2435 1247 2492 ad
1271 2437 1527 2504 Τίνι-ηοω,
1550 2436 1641 2509 qui
1665 2434 1904 2491 incolunt
1922 2432 2075 2489 Delta
2099 2434 2269 2504 regio-

698 2545 823 2583 nem
868 2528 1023 2581 sitam
1060 2542 1221 2598 supra
1257 2524 1606 2597 Byzantium3
1644 2519 1839 2576 deinde
1873 2517 2261 2593 Salmydessum

696 2614 1027 2689 pervenisse3
1064 2610 1133 2667 ad
1174 2629 1236 2666 ea
1260 2609 1436 2665 littora
1483 2628 1516 2664 e
1552 2608 1687 2664 mari
1730 2607 1787 2663 in
1814 2606 1995 2661 brevia
2032 2616 2087 2661 et
2114 2607 2261 2679 quasi

693 2700 937 2757 oestuaria
977 2696 1219 2773 quedam
1252 2698 1501 2770 impactas
1541 2712 1699 2750 naves
1742 2693 2155 2767 quamplurimas
2205 2694 2261 2747 in

688 2792 923 2846 Pontum
974 2786 1240 2841 venientes
1296 2782 1493 2855 frangi,
1534 2798 1725 2855 easque
1763 2780 1993 2836 Thraces
2038 2778 2259 2855 praedari

687 2877 870 2932 divisis
896 2877 1037 2931 inter
1062 2892 1117 2930 se
1143 2870 1412 2929 littoribus
1428 2911 1445 2939 ,
1476 2871 1842 2927 columnarum
1869 2868 2135 2943 positione
2162 2886 2255 2943 per

684 2961 952 3020 intervalla
976 2972 1293 3017 erectarum.
1368 2959 1503 3014 Nam
1520 2968 1805 3031 antequam
1828 2955 1883 3011 id
1910 2954 2091 3023 fieret,
2118 2957 2259 3011 inter

682 3070 773 3108 eos
810 3049 880 3105 de
918 3048 1094 3124 praeda
1125 3047 1294 3104 eoedes
1340 3046 1582 3121 plurime
1620 3044 1835 3101 fiebant.
1908 3042 2196 3117 Equidem·
2228 3062 2261 3099 a

683 3142 929 3212 Bosporo
966 3136 1111 3191 obiri
1138 3135 1367 3210 pedibus
1392 3131 1461 3189 ad
1500 3130 1887 3207 Salmydessum
1910 3148 2061 3185 oram
2101 3131 2257 3186 Ponti

682 3229 1066 3301 importuosum
1080 3262 1096 3289 ,
1121 3222 1279 3294 longe
1306 3222 1513 3293 lateque
1538 3230 1771 3292 apertam
1810 3216 2259 3291 septentrionibus
2380 3252 2384 3255 -

686 3313 885 3377 ventis3
918 3312 973 3364 in
1001 3307 1181 3364 medio
1204 3308 1395 3363 itinere
1416 3306 1525 3360 vidi
1546 3305 1725 3360 locum
1756 3321 1916 3377 quem
1954 3302 2257 3375 Xenophon

682 3398 908 3473 appellat
933 3398 1112 3463 Delta,
1158 3395 1317 3450 ceteri
1352 3394 1634 3467 scriptores
1674 3390 1875 3447 Deleon
1918 3392 2028 3446 sive
2068 3392 2257 3447 Delco·

686 3506 845 3555 nem;
872 3484 1034 3541 hodie
1054 3484 1337 3539 nominant
1356 3486 1591 3545 Demon,·
1618 3477 1677 3533 id
1698 3477 1955 3553 oppidum
1982 3489 2089 3546 est,
2111 3477 2258 3552 quod

684 3573 755 3630 ab
773 3574 907 3628 urbe
929 3570 1180 3645 Byzantio
1207 3569 1355 3625 abest
1390 3570 1492 3623 iter
1524 3564 1763 3640 pedestre
1788 3566 1947 3620 unius
1971 3563 2100 3622 diei.
2175 3566 2257 3619 Ex

688 3663 860 3719 tribus
882 3659 1124 3736 partibus
1148 3657 1411 3716 clauditur
1439 3656 1557 3713 lacu
1578 3654 1751 3722 dulci,
1778 3656 1879 3711 nisi
1906 3672 2029 3711 cum
2058 3664 2257 3728 tempe·

689 3748 913 3805 statibus
931 3766 1077 3803 mare
1108 3746 1387 3801 incitatum
1408 3746 1599 3815 exiguo
1629 3743 1815 3815 euripo
1848 3740 2184 3808 intromittit3
2224 3760 2255 3796 a

754 3960 850 4015 Fr.
894 3956 981 4013 58.
1027 3972 1076 4012 1.
1126 3952 1213 4011 Ad
1250 3954 1529 4017 Timoeam,
1568 3950 1722 4024 φόρον
1762 3950 2045 4021 περίοπτον,
2088 3950 2247 4003 etiam

684 4039 857 4095 vicum
893 4035 1049 4091 fuisse
1075 4037 1169 4108 qui
1196 4033 1407 4089 stationi
1444 4031 1617 4087 locum
1662 4028 1943 4104 praeberet,
1984 4028 2174 4099 colligo
2216 4047 2247 4082 e

679 4119 882 4175 Tabula
922 4116 1323 4187 Peutingeriana
1336 4154 1353 4180 ,
1384 4114 1439 4167 in
1475 4130 1579 4185 qua
1624 4109 1837 4167 Thimea
1865 4109 2015 4179 (sic)
2038 4126 2071 4163 a
2100 4110 2247 4181 Sycis

679 4198 963 4255 duodecim
986 4216 1058 4252 m.
1090 4216 1168 4271 p.,
1210 4214 1241 4250 a
1272 4194 1439 4250 Philia
1473 4193 1654 4263 viginti
1695 4208 1770 4246 m.
1796 4209 1851 4263 p.
1880 4188 2057 4243 distat.
2112 4190 2247 4257 Quae

679 4278 894 4353 quidem
912 4278 1174 4333 distantiae
1186 4274 1334 4347 justo
1362 4273 1593 4327 minores
1618 4279 1774 4335 sunt,
1805 4285 1971 4341 quum
2010 4266 2091 4321 vel
2110 4267 2247 4321 linea

678 4370 820 4415 recta
840 4377 873 4415 a
903 4358 1071 4414 Philia
1106 4355 1173 4411 ad
1202 4356 1360 4427 Sycas
1387 4352 1545 4407 ducta
1576 4347 1957 4420 longitudinem
1986 4348 2055 4401 32
2086 4364 2162 4403 m.
2183 4364 2239 4420 p.

677 4437 913 4496 excedat.
943 4441 990 4494 A
1014 4436 1169 4504 locis,
1200 4434 1295 4489 ubi
1324 4432 1519 4509 pharus
1544 4430 1631 4485 illa
1665 4427 1794 4494 fuit,
1819 4427 1887 4483 ad
1910 4428 2067 4501 Sycas
2106 4425 2244 4483 linea

678 4530 824 4575 recta
852 4518 1061 4574 circiter
1087 4532 1188 4572 uo
1214 4512 1381 4570 stadia
1399 4519 1796 4585 computantur,
1816 4527 1916 4583 pro
1937 4507 2133 4581 quibus
2142 4508 2245 4561 Ta·

676 4598 801 4655 bula
835 4601 986 4655 Pent.
1014 4595 1224 4651 nonnisi
1263 4598 1333 4666 96
1368 4588 1535 4647 stadia
1567 4588 1810 4654 exhibet,
1835 4585 2048 4653 scribae,
2084 4595 2147 4640 ut
2167 4585 2245 4639 vi-

677 4678 856 4747 detur,
900 4696 1099 4734 errore.
1134 4678 1197 4731 In
1234 4674 1449 4747 regione
1488 4669 1696 4727 Timaeoe
1728 4668 1898 4743 pharo
1938 4668 2241 4740 propinqua

678 4758 865 4815 urbem
874 4757 1101 4813 condere
1116 4755 1280 4811 voluit
1296 4753 1520 4825 Argivus
1540 4748 1753 4823 quidam
1774 4764 1931 4820 quem
1945 4745 2240 4820 Hesychius

683 4839 973 4897 fimesium
990 4846 1160 4893 vocat.
1180 4838 1425 4891 Ceterum
1442 4833 1639 4887 'I'imaea
1660 4848 1853 4886 nomen
1882 4828 2043 4883 etiam
2054 4825 2241 4901 oppidi

671 4930 787 4977 erat
810 4917 1097 4993 Bithynici,
1123 4914 1273 4989 cujus
1296 4912 1600 4969 Ptolemaeus
1623 4908 1881 4965 meminit.

744 5016 799 5055 a.
827 4997 1125 5070 Legebatur
1150 4995 1364 5050 Delcon.
1392 4990 1476 5049 Cf.
1518 4989 1807 5063 Hesychius
1842 4986 2055 5053 Δέλκος,
2081 4985 2237 5059 λίμνη

669 5076 965 5151 ἶχθυοφόρος
985 5075 1096 5148 περὶ
1124 5072 1215 5143 τὴν
1248 5072 1464 5146 Θρᾴκην.
1495 5070 1773 5125 Athenaeus
1797 5070 1849 5131 3,
1886 5084 1941 5139 p.
1984 5068 2105 5129 118,
2135 5066 2179 5119 Β
2218 5082 2234 5121 t

665 5158 959 5232 Εὖθύδημος
976 5156 1029 5211 ἕν
1053 5162 1126 5231 τῷ
1152 5154 1274 5226 Περὶ
1302 5156 1519 5225 ταριχῶν
1546 5150 1631 5204 τὸν
1656 5146 1892 5203 δελκανόν
1917 5164 2064 5219 φησιν
2090 5142 2235 5217 ἰχθὺν

661 5238 997 5313 ὀνομάζεσθαι
1026 5234 1123 5292 ἀπὸ
1146 5234 1401 5297 Δὲλκωνος
1435 5233 1723 5304 ποταμοῦ...
1768 5227 1967 5300 Δωρίων
2001 5225 2047 5279 δ’
2086 5223 2137 5279 ἓν
2162 5230 2236 5299 τῷ

659 5319 783 5393 Περὶ
806 5317 995 5391 ίχθῦων
1026 5316 1115 5373 τὸν
1138 5314 1311 5371 λεὸίαν
1338 5312 1459 5389 φησὶ
1482 5312 1644 5384 λέγειν
1676 5308 1808 5372 τινὰς
1838 5308 1905 5371 ὥς
1924 5306 1952 5361 6
1972 5304 2117 5368 αὖτός
2132 5302 2237 5359 ἔστι

756 5398 1004 5453 δελκανῶ.

658 5404 807 5535 τῷῇ·
866 5452 969 5551 49.⁴
987 5509 1061 5521 —
1102 5496 1150 5533 1.
1184 5476 1520 5550 Phosphorus
1557 5472 1736 5544 Iocus]
1776 5472 1828 5524 Is
1870 5466 2027 5522 fuerit
2068 5480 2235 5538 prope

1954 540 2145 603 moN
2154 542 2308 603 st
2351 542 2717 608 BYzANTn

2372 694 2481 751 quo
2507 678 2664 751 piscis
2701 677 2936 743 δελκανδς
2951 690 2973 719 ¹
3014 680 3304 754 appellatur
3327 681 3396 736 ab
3419 682 3674 739 Atheneo
3701 702 3938 741 comme·

2373 776 2607 821 moratus
2633 766 2716 842 (Is
2747 765 2912 839 qualis
2942 768 3036 834 sit,
3063 768 3118 822 in
3145 769 3340 823 nostris
3365 770 3745 845 piscationibus
3771 771 3937 829 infor·

2373 853 2653 929 mahitur).
2725 854 2859 910 Inde
2905 855 3114 911 rediens
3158 856 3226 911 ad
3273 857 3542 931 Cyaneas,
3589 858 3698 914 vidi
3751 878 3938 917 navem

2371 942 2523 1015 nigra
2548 943 2767 1016 caligine
2792 944 2950 999 Ponti
2973 942 3302 999 aberrantem
3334 944 3407 1001 ob
3443 947 3580 1001 ostio
3620 948 3846 1021 Bospori
3881 950 3939 1005 in

2371 1030 2514 1086 littus
2559 1034 2942 1105 importuosum
2957 1073 2972 1098 ,
3004 1032 3338 1107 aquilonibus
3381 1034 3680 1108 impulsam,
3724 1036 3935 1105 collidi,

2373 1120 2756 1195 naufragosque
2798 1138 2982 1177 omnes
3021 1132 3254 1178 vectores
3294 1123 3585 1179 incolumes
3629 1135 3840 1181 enatare
3882 1127 3938 1181 in

2370 1208 2542 1275 littus,
2583 1208 2916 1283 Thracesque
2968 1210 3166 1265 accolas
3214 1228 3370 1285 opem
3423 1209 3691 1283 naufragis
3726 1210 3864 1268 ferre
3905 1232 3939 1270 a

2369 1294 2650 1371 predaque
2687 1314 2744 1352 se
2765 1295 3044 1363 abstinete,
3083 1297 3192 1352 sive
3227 1297 3354 1353 olim
3389 1297 3547 1370 longa
3573 1300 3798 1355 Romani
3835 1299 3938 1355 im·

2372 1384 2504 1457 perii
2547 1382 2926 1439 consuetudine
2967 1383 3349 1441 mansuefactos
3365 1425 3382 1453 ,
3438 1387 3549 1441 sive
3595 1403 3744 1442 nune
3789 1404 3939 1443 coer·

2367 1471 2500 1527 citos
2539 1470 2730 1527 acerba
2768 1471 3038 1525 severitate
3074 1469 3481 1528 dominantium.
3559 1474 3642 1527 Ex
3701 1470 3884 1529 antedi
3903 1504 3928 1519 ·

2368 1560 2466 1615 ctis
2490 1558 2604 1633 jam
2637 1558 2828 1632 liquet,
2857 1558 3086 1632 pharum
3123 1560 3392 1633 antiquam
3423 1561 3544 1615 ostii
3586 1562 3794 1618 Pontici
3823 1579 3934 1618 non

2367 1647 2443 1701 ibi
2487 1646 2672 1713 fuisse,
2709 1646 2800 1701 ubi
2827 1664 2970 1701 nunc
3017 1655 3096 1702 est
3131 1645 3283 1719 juxta
3310 1646 3543 1721 Cyaneas
3579 1658 3782 1721 petras,
3817 1649 3936 1703 ‘imo

2366 1733 2522 1806 longe
2565 1734 2788 1789 interius
2836 1734 2895 1788 in
2941 1750 3150 1789 summo
3183 1736 3377 1789 montis
3421 1735 3706 1791 emittentis
3747 1736 3936 1791 collem

2366 1821 2497 1876 Fani
2519 1820 2731 1887 vertice,
2752 1820 3017 1876 eminente
3032 1839 3190 1894 supra
3209 1821 3413 1890 vallem,
3437 1840 3536 1896 per
3561 1841 3724 1896 quam
3743 1823 3848 1880 den
3855 1825 3937 1880 uit

2365 1906 2756 1981 Chrysorrhoas
2789 1906 2981 1963 fluvius
2994 1948 3012 1975 ,
3041 1906 3186 1963 unde
3209 1909 3364 1981 longe
3389 1909 3594 1983 lateque
3627 1922 3772 1985 patet
3795 1914 3937 1969 Pon-

2365 2006 2450 2051 tus
2483 2006 2538 2051 et
2590 1998 2856 2069 Bosporus
2905 2005 2960 2050 et
3004 1997 3284 2069 Propontis
3325 2006 3378 2051 et
3423 1998 3930 2072 Constantinopolis.

2364 2084 2538 2138 Locus
2555 2082 2700 2137 enim
2715 2081 3051 2138 commodior
3071 2100 3242 2155 neque
3261 2084 3427 2137 tutior
3445 2082 3604 2139 fuisse
3632 2082 3843 2139 videtur
3864 2082 3934 2139 ad

2361 2170 2590 2245 pharum
2616 2169 2942 2227 efferendam
2977 2172 3035 2227 in
3061 2172 3222 2227 altum
3249 2190 3408 2245 quam
3438 2170 3529 2227 hic
3544 2173 3796 2228 omnibus
3817 2190 3937 2229 ver-

2361 2256 2552 2312 ticibus
2580 2259 2898 2331 Bosporanis
2941 2258 3210 2325 excelsior,
3261 2259 3464 2315 vicinus
3500 2262 3649 2316 Fano
3669 2262 3933 2334 Europaeo

2357 2346 2458 2402 suh
2483 2347 2657 2420 ipsum
2681 2344 2916 2418 subjecto
2932 2386 2949 2414 ,
2973 2345 3118 2402 unde
3138 2345 3350 2402 defendi
3379 2359 3587 2421 poterat
3602 2359 3787 2405 eontra
3813 2349 3933 2405 ban-

2358 2433 2513 2489 baros
2539 2431 2714 2489 hostes
2744 2433 2932 2508 phari,
2963 2452 3121 2507 quam
3164 2452 3332 2507 prope
3367 2436 3572 2491 Fanum
3601 2436 3728 2492 olim
3770 2436 3933 2494 fuisse

2353 2520 2699 2577 Philostratus
2729 2520 2854 2594 (Im.
2882 2536 2931 2588 1,
2963 2520 3353 2592 12)signifieat,
3379 2532 3536 2595 atque
3548 2521 3684 2578 adeo
3699 2522 3924 2580 ostendit

2353 2625 2592 2683 expressa
2610 2608 2837 2681 pictura,
2863 2624 3024 2679 quam
3037 2606 3138 2661 sub
3154 2608 3334 2663 oculos
3361 2619 3540 2682 postea
3553 2608 3920 2685 subjsnlemus,

2351 2714 2478 2752 cum
2503 2694 2573 2753 ad
2599 2698 2806 2753 Fanum
2821 2697 2968 2751 Jovis
2993 2697 3359 2769 perveniemus
3382 2713 3397 2752 ε
3427 2707 3521 2752 aut
3535 2699 3580 2753 si
3602 2716 3716 2771 poa
3735 2716 3801 2755 us
3819 2717 3930 2756 non

2351 2784 2524 2840 extitit
2549 2784 2606 2841 in
2635 2784 2832 2839 vertice
2865 2782 3012 2839 collis
3038 2783 3303 2838 eminente
3327 2802 3490 2858 supra
3513 2784 3649 2841 latus
3675 2784 3927 2846 meridia-

2351 2891 2484 2929 num
2525 2872 2673 2929 vallis
2717 2872 3125 2947 Chrjuorrhoae,
3165 2882 3305 2943 certe
3343 2872 3568 2927 eminuit
3607 2892 3766 2947 supra
3793 2874 3927 2931 latus

2349 2963 2568 3035 cingens
2597 2960 2842 3017 eamdem
2886 2961 3072 3016 vallem
3107 2979 3139 3015 a
3165 2960 3612 3034 septentrionibus
3629 3002 3644 3029 ,
3671 2962 3834 3035 idque
3858 2983 3926 3021 ex

2349 3048 2434 3103 his
2483 3065 2602 3120 quae
2645 3058 2826 3121 postea
2865 3044 3019 3101 affert
3063 3046 3380 3118 Dionysius,
3425 3042 3730 3118 conjectura
3782 3064 3920 3103 asse·

2351 3151 2591 3207 quimur.

3016 3254 3115 3314 Fr.
3159 3262 3259 3315 49.

2421 3389 2530 3443 His
2542 3429 2559 3455 ,
2610 3388 2813 3461 inquit,
2855 3400 2978 3463 ante
3026 3388 3438 3443 commemoratis
3487 3388 3617 3443 locis
3635 3389 3923 3462 proximus

2347 3476 2581 3532 succedit
2607 3478 2944 3553 Phosphorus
2961 3476 3102 3533 locus
3115 3488 3157 3542 ¹,
3183 3476 3276 3549 qni
3298 3476 3384 3530 vel
3402 3494 3438 3531 a
3462 3476 3644 3531 Diana
3667 3476 3756 3531 vel
3779 3496 3815 3531 a
3833 3475 3922 3533 vi·

2346 3564 2473 3619 cina
2500 3562 2724 3639 antiqua
2737 3564 2910 3639 pharo
2923 3582 3195 3634 cognomen
3225 3562 3418 3620 traxit.
3449 3563 3594 3619 Huic
3608 3562 3922 3638 mijunctum

2347 3662 2402 3706 et
2426 3650 2695 3707 continens
2721 3650 2930 3722 longum
2957 3650 3115 3707 littus
3139 3662 3386 3707 avocatum
3413 3662 3434 3689 ²
3460 3649 3808 3726 Ephesiorum
3839 3662 3920 3708 est

2338 3753 2533 3816 portus
2546 3782 2563 3807 ,
2583 3760 2621 3797 a
2657 3740 2840 3795 multis
2867 3741 3097 3796 navibus
3127 3739 3474 3815 Ephesiorum
3507 3739 3610 3795 huc
3645 3740 3914 3815 appulsis.

2345 3949 2690 4015 Maur-omolo,
2719 3948 2812 4003 ubi
2845 3959 3023 4022 postea
3049 3949 3430 4003 monasterium
3454 3957 3567 4001 erat
3581 3986 3599 4013 ,
3624 3946 3694 4002 de
3714 3965 3825 4020 quo
3858 3965 3912 4005 v.

2342 4030 2656 4083 Hammerus
2689 4029 2726 4083 l.
2761 4027 2800 4085 l.
2835 4045 2895 4094 a,
2929 4048 2985 4103 p.
3019 4026 3145 4085 26⁵.
3187 4023 3654 4097 Quemadmodum
3684 4027 3916 4081 Dianam

2343 4107 2642 4163 Luciferam
2666 4109 2724 4163 in
2745 4110 2988 4163 Mauram
3016 4107 3202 4162 abiisse
3227 4122 3390 4180 supra
3414 4104 3502 4178 (p.
3531 4104 3634 4177 33)
3657 4102 3910 4172 vidimus,

2339 4186 2577 4242 similiter
2597 4198 2776 4242 noster
2807 4186 2956 4242 locus
2977 4205 3008 4242 e
3039 4186 3280 4259 φωσφόρῳ
3303 4185 3525 4240 evaserit
3551 4184 3749 4257 μαυρός.
3784 4184 3808 4255 ΙΙ
3840 4214 3914 4227 -

2339 4282 2392 4320 a.
2417 4269 2696 4341 vocatum]
2718 4266 2908 4322 Latina
2935 4265 3176 4321 laborare
3205 4263 3504 4329 videantur,
3537 4280 3704 4335 quum
3716 4274 3912 4337 portus

2337 4364 2531 4401 nomen
2563 4348 2619 4401 in
2649 4346 2820 4422 ipsum
2844 4346 2969 4402 litus
2993 4346 3382 4419 importuosum
3409 4360 3519 4397 non
3551 4340 3723 4397 cadat.
3754 4340 3820 4397 At
3843 4360 3913 4399 ne

2335 4425 2468 4500 quid
2493 4428 2664 4483 autin
2694 4428 2875 4500 graecis
2901 4436 3213 4500 corruptum
3238 4423 3398 4478 fuisse
3419 4433 3514 4477 aut
3538 4440 3572 4478 a
3597 4420 3772 4495 Gyllio
3797 4438 3912 4479 non

2331 4518 2474 4564 recte
2493 4526 2704 4564 versum
2722 4526 2834 4563 esse
2855 4518 3100 4580 putemus
3116 4547 3131 4570 ,
3159 4505 3272 4560 aliis
3296 4503 3426 4559 locis
3445 4501 3767 4575 impedimur
3789 4503 3910 4575 qui·

2333 4590 2432 4647 bus
2477 4599 2802 4647 memoratur
2843 4586 2975 4643 litus
3005 4586 3226 4661 planum
3269 4582 3412 4657 quod
3445 4594 3670 4637 vocatur
3710 4582 3911 4639 Phrixi·

2323 4685 2520 4747 portus
2555 4670 2644 4741 (fr.
2682 4670 2786 4739 63)
2815 4679 2870 4723 et
2903 4666 3144 4723 similiter
3170 4664 3304 4721 litus
3332 4660 3674 4718 Pantichium
3701 4661 3908 4719 dictum

2332 4756 2357 4823 (
2379 4753 2445 4809 fr.
2468 4754 2593 4821 56).
2617 4752 2862 4807 Ceterum
2881 4746 2952 4803 cf.
2975 4744 3269 4819 Hesychius
3285 4743 3567 4811 Milesiuss
3589 4743 3658 4797 32
3674 4760 3729 4815 p.
3763 4742 3862 4796 152
3886 4759 3902 4798 ε

2331 4832 2704 4905 Κατοιχομίνου
2736 4828 2793 4888 δὲ
2836 4827 3012 4885 τούτου
3035 4829 3148 4899 (sc.
3187 4824 3594 4898 Πρωτομάχου),
3635 4820 3901 4894 Τιμήσιος,

2332 4913 2459 4988 ἀνὴρ
2491 4920 2590 4969 τῶν
2617 4910 2670 4967 ἒν
2714 4908 2943 4984 Ἀργείοις
2977 4908 3279 4983 γραφέντων,
3309 4909 3500 4977 πρῶτον
3533 4899 3621 4975 μὶν
3658 4900 3783 4955 κατὰ
3815 4900 3903 4957 τὸν

2329 4996 2556 5062 Εὔξεινον
2608 4991 3093 5066 προσαγορευόμενον
3133 4987 3325 5041 Πόντον
3367 4983 3486 5057 πρὸς
3534 4987 3608 5057 τῷ
3638 4982 3902 5055 λεγομένῳ

2338 5074 2680 5150 Ἐφεσιάτῃ
2722 5070 2878 5144 (ἔνθα
2913 5069 3034 5126 ποτὶ
3073 5066 3290 5139 ‘Epium
3332 5063 3556 5125 ἀποικίας
3605 5063 3896 5135 πέμψαντες,

2328 5156 2414 5211 καὶ
2455 5154 2602 5211 πόλιν
2643 5150 2922 5223 οἰκοδομιῗν
2957 5148 3258 5221 πειραθέντες
3276 5185 3293 5213 ,
3333 5137 3470 5205 αὖθις
3506 5144 3594 5195 τοῦ
3633 5138 3900 5203 Βυζαντίον

2327 5234 2609 5306 ὗπήκουσαν
2627 5232 2820 5306 λογίου·
