4584 6284
640 500 678 552 6

1862 481 2217 544 moNYsu
2256 480 2630 543 BYZANTII

637 633 742 683 tus,
756 619 982 676 medium
991 639 1112 675 vem
1125 614 1686 674 Incussiemlitude‘nem
1700 634 1879 685 gre-ens
1899 613 2198 688 Propontis,
2291 612 2511 680 ἕκὸολὰς
2530 618 2620 673 τοῦ
2642 611 2848 673 Πόντου
2862 657 2880 688 ,
2913 638 3035 674 cum
3077 621 3343 692 Bosporus
3381 621 3449 674 sit
3484 621 3643 676 Ponti
3678 620 3850 675 exitus

633 705 961 781 principium
987 711 1264 780 Bospara-5.

710 793 867 847 Hune
887 791 1067 847 multis
1093 791 1400 847 nominibus
1421 791 1699 862 scriptores
1721 787 1979 861 appellant
1999 803 2014 840 ε
2034 787 2204 843 Graeci

640 878 856 952 quidam
889 872 1134 945 αὐλῶνα,
1155 877 1481 950 Pomponius
1521 875 1658 931 Mela
1691 873 1774 948 (1,
1822 892 1906 946 19,
1949 873 2018 945 5)
2053 892 2205 928 oana-
2296 891 2435 942 tum,
2486 876 2656 933 Groeci
2689 871 2917 951 πορθμόν
2958 879 3227 952 appellant
3244 889 3287 934 ².
3332 903 3356 926 ι

2291 709 2466 781 potius
2503 723 2658 778 quam
2690 705 2955 761 introitus.
3028 706 3351 778 Pomponius
3399 706 3538 762 Mela
3580 708 3668 778 (1,
3717 706 3783 779 5)
3828 723 3845 763 t

2300 820 2323 843 ι
2350 791 2623 862 angustias
2653 791 3024 866 introitumque
3062 791 3293 864 (mm-is)
3325 792 3583 848 venientis
3606 811 3701 848 nos
3730 793 3852 865 sre-

3435 880 3724 952 Procopius
3767 897 3853 934 re-

641 969 777 1034 lem,
815 968 902 1022 alii
930 967 1104 1038 (Plin.
1137 985 1169 1038 9
1185 1006 1202 1032 ,
1225 969 1335 1037 20)
1363 965 1624 1037 Euripum
1664 963 1969 1018 Thracium.
2042 964 2209 1018 Hero-
2294 967 2523 1021 strictius
2540 965 2687 1020 hunc
2703 965 2963 1038 praefinire
2988 965 3193 1022 videtur
3204 967 3261 1022 iu
3289 967 3426 1023 libro
3443 967 3697 1040 inscripto
3712 958 3855 1037 Περὶ

642 1053 802 1108 dotus
828 1055 920 1125 (1,
962 1053 1028 1108 85
1057 1063 1112 1108 et
1139 1051 1276 1126 118)
1307 1050 1468 1106 modo
1494 1051 1648 1106 Ponti
1669 1069 1730 1104 os
1771 1049 2018 1124 appellat,
2048 1047 2209 1104 modo
2296 1060 2399 1116 τῶν
2447 1053 2729 1116 ἅναδότων
2782 1075 2941 1132 quem
2987 1056 3194 1130 scripsit
3234 1066 3418 1111 contra
3458 1055 3849 1122 sastinianum,

646 1135 867 1213 αὐχένα.
912 1141 1230 1197 Laurentius
1273 1140 1430 1196 vertit
1462 1138 1683 1206 collum,
1729 1149 1935 1212 poterat
1979 1155 2112 1211 pure
2157 1148 2209 1192 et
2300 1162 2590 1225 eoumque
2619 1151 2731 1224 eju,
2758 1165 2976 1204 uxorem
3009 1143 3365 1200 Theodoram.

3448 1145 3855 1219 «Byzantium,

647 1229 835 1283 Ῑ-’θῦὓθ
869 1225 1094 1282 reddere
1118 1227 1312 1298 samm
1352 1227 1551 1300 Pomiel
1587 1245 1764 1280 ¹³⁸⁰&
1821 1225 1989 1281 Gfaeci
2024 1235 2213 1280 ⁰⁰⁵¹?ae
2303 1242 2507 1314 inquit,
2533 1241 2782 1312 utrinque
2815 1236 3009 1292 fretum
3030 1234 3215 1299 habet,
3240 1252 3405 1289 unum
3441 1235 3496 1289 in
3520 1233 3858 1306 Hellesponto

649 1315 814 1370 ‘²¹²¹ss
848 1309 940 1368 λα’
927 1330 1046 1386 μον
1087 1316 1387 1381 ”Ommti
1437 1315 1599 1369 ΤἮὉῙ
1637 1313 1822 1369 eodem
1857 1330 2015 1368 ”⁰⁸¹²
2045 1317 2213 1382 3⁰3⁶·
2299 1329 2440 1382 circa
2482 1329 2687 1382 Sestum
2730 1335 2783 1380 et
2823 1319 3104 1396 Abydum,
3138 1320 3405 1375 alterum·
3390 1339 3447 1374 ιιι
3481 1321 3637 1376 Ponti
3660 1319 3857 1374 Euxini

654 1403 766 1458 ³⁸⁶⁶·
809 1406 1042 1470 Fau-'0⁸
1094 1404 1267 1475 mqmt
1308 1404 1519 1470 L¹V¹¹¹⁵2
1566 1395 1721 1455 στενὰ
1769 1411 1959 1456 ‘'00¹²ss‘
2020 1402 2211 1457 Grae‘ssl·
2253 1445 2262 1497 Ι
2299 1431 2423 1480 ore,
2473 1413 2565 1468 ubi
2614 1413 2817 1468 Fanum
2868 1409 3188 1464 nominatur.
3234 1409 3298 1461 ln
3344 1407 3666 1479 Hellesponti
3722 1406 3859 1460 freto

651 1491 950 1563 Bosporum
983 1489 1201 1563 quidam
1228 1499 1460 1545 recentes
1490 1489 1766 1562 scriptores
1797 1499 1976 1543 stenon
2009 1505 2208 1542 nuncu·

653 1587 803 1649 pant.
879 1579 1067 1650 Pomp.
1095 1575 1232 1631 Mela
1265 1575 1362 1630 etsi
1387 1574 1654 1630 interdum
1683 1585 1851 1630 totum
1892 1573 2084 1628 fretum
2115 1592 2213 1629 no·

657 1664 824 1718 minat
836 1661 1063 1732 fauces,
1083 1673 1256 1718 tamen
1277 1673 1480 1736 partem
1499 1661 1734 1716 ultimam
1749 1661 1970 1734 Bospori
1992 1661 2214 1734 positam

657 1755 798 1807 iuter
831 1752 1215 1809 chalcedonem
1235 1762 1290 1807 et
1308 1753 1614 1826 Byzantium
1634 1753 1847 1826 proprie
1871 1751 2095 1826 appellat
2126 1753 2212 1822 (Ι,

662 1859 748 1912 19.
786 1840 860 1913 5)
872 1841 1097 1912 fauces,
1127 1841 1378 1915 reliquam
1418 1843 1524 1897 oris
1566 1852 1767 1916 partem
1799 1852 1954 1896 vocat
1993 1859 2070 1900 os.
2146 1845 2216 1895 In

657 1927 915 2002 Bospori,
941 1929 1144 2001 inquit,
1165 1927 1426 1999 saucibus
1463 1926 1742 2002 oppidum,
1768 1926 1824 1981 in
1849 1945 1934 1982 ore
1970 1928 2214 2002 templum

657 2027 754 2072 est.
833 2015 1038 2091 Oppidi
1052 2036 1231 2072 nomen
1247 2015 1546 2082 Chalcedon,
1568 2017 1748 2091 templi
1765 2035 1952 2072 numen
1976 2017 2218 2091 Jupiter,-

657 2107 754 2162 ubi
781 2107 1059 2179 distinguit
1085 2107 1256 2163 fauces
1276 2106 1345 2161 ab
1379 2125 1500 2172 ore,
1530 2105 1690 2179 idque
1713 2117 1878 2181 apte.
1907 2109 2016 2162 sive
2039 2110 2216 2162 existi·

659 2207 772 2251 mat
788 2199 1050 2264 Pontum,
1081 2205 1144 2250 ut
1163 2213 1346 2252 omnes
1371 2196 1698 2261 existimant,
1727 2195 1872 2250 exire
1898 2197 1953 2249 in
1979 2195 2212 2267 AEgaeum

657 2284 804 2340 velut
839 2303 938 2358 per
965 2294 1167 2340 meatus
1191 2283 1478 2357 cujuspiam
1513 2283 1778 2349 animalis,
1817 2301 2007 2356 nempe
2043 2285 2215 2358 primo

659 2390 755 2444 per
791 2375 1120 2445 Bosporum,
1168 2371 1319 2443 quasi
1359 2389 1455 2443 per
1504 2388 1565 2425 os
1615 2382 1669 2426 et
1706 2369 1908 2436 fauces,
1943 2369 2120 2425 subire
2159 2371 2214 2425 in

655 2459 860 2528 alvum,
890 2460 992 2515 hoc
1017 2469 1096 2514 est
1132 2461 1186 2513 in
1223 2458 1628 2532 Propontidem,
1657 2457 1848 2514 deinde
1881 2477 1978 2531 per
2021 2459 2218 2514 Helles-

654 2557 911 2618 pontum,
974 2555 1220 2618 tanquam
1276 2562 1372 2618 per
1427 2545 1607 2598 vesicae
1663 2542 1864 2608 fauces,
1928 2542 2100 2599 delabi
2157 2547 2213 2599 in

654 2632 921 2702 AEgaeum3
949 2632 1058 2687 sive
1082 2641 1231 2705 putat
1263 2648 1408 2684 mare
1438 2630 1669 2701 AEgaeum
1699 2631 1842 2684 exire
1868 2630 1925 2684 in
1947 2631 2213 2702 Pontum,

653 2717 710 2772 id
741 2717 888 2790 quod
919 2729 1104 2792 putare
1127 2715 1352 2784 videtur,
1383 2715 1476 2771 sed
1505 2715 1665 2786 salso,
1697 2729 1758 2771 ut
1781 2716 1940 2788 paulo
1963 2716 2100 2772 insra
2127 2737 2213 2773 os-

652 2802 885 2859 tendam.
958 2805 1097 2859 Tum
1139 2805 1282 2858 enim
1325 2821 1507 2858 revera
1539 2803 1770 2875 AEgaeum
1817 2821 1848 2858 a
1891 2804 2216 2878 Propontide

651 2889 792 2944 velut
818 2890 887 2946 ab
911 2890 1028 2945 alvo
1065 2887 1342 2962 ejiceretur
1387 2890 1443 2944 in
1481 2892 1709 2945 Pontum
1748 2907 1844 2961 per
1879 2889 2053 2946 fauces
2079 2902 2131 2947 et
2154 2911 2214 2948 os

649 2977 894 3049 Bospori.
961 2977 1082 3031 Non
1121 2976 1283 3046 igitur
1323 2976 1500 3030 minus
1546 2987 1686 3030 recte
1736 2975 2004 3031 Threicias
2030 2978 2216 3048 fauces

652 3063 946 3136 Bosporum
990 3061 1402 3136 appellabimus,
1435 3079 1596 3135 quam
1629 3065 1874 3117 Lucanus
1909 3063 2216 3138 Hellespon·

656 3160 772 3204 tum
816 3148 1113 3222 appellavit.
1188 3150 1374 3206 Cicero
1418 3151 1710 3222 Bosporum
1750 3167 1896 3205 nune
1943 3149 2218 3208 introitum

654 3235 836 3300 Ponti,
867 3253 1014 3290 nunc
1038 3253 1096 3290 os
1119 3247 1276 3308 atque
1288 3236 1572 3304 angustias
1597 3233 1742 3290 dicit.
1818 3236 2070 3291 Similiter
2096 3241 2216 3294 Ari·

654 3321 816 3376 stides
845 3321 918 3395 (t.
955 3322 1003 3387 Ι,
1039 3340 1098 3415 p.
1137 3320 1241 3394 ιιι)
1271 3322 1570 3394 Bosporum
1600 3321 1820 3393 appellat
1859 3313 2100 3383 εἶσὸολᾶς
2127 3327 2220 3380 τοῦ

657 3392 896 3466 Πάντως
926 3402 1120 3454 rectius
1143 3399 1488 3454 Philostratus
1507 3401 1529 3464 (
1543 3400 1657 3455 Vit.
1683 3399 1913 3472 Sophist.
1943 3417 1996 3471 1,
2032 3403 2120 3466 34,
2154 3403 2220 3470 ι)

660 3583 887 3638 dubium
926 3583 993 3637 sit
1019 3601 1088 3638 au
1121 3583 1198 3636 sie
1237 3592 1392 3655 poeta
1427 3581 1640 3653 intelligi
1667 3582 1862 3638 voluer
1849 3594 1908 3638 ιι
1982 3584 2223 3657 Denique

661 3665 790 3719 ltine
823 3663 1070 3736 explicari
1105 3662 1431 3736 aliquatenus
1458 3679 1644 3716 censeo
1673 3665 1927 3718 rationem
1966 3680 2072 3735 qua
2105 3676 2222 3718 orta

662 3745 730 3798 sit
753 3745 890 3798 mira
917 3743 1014 3797 ista
1035 3739 1291 3797 Herodoti
1315 3739 1383 3795 de
1402 3742 1550 3794 Darii
1568 3752 1749 3796 contra
1772 3743 1866 3814 Sc>
1872 3742 1986 3796 thas
2007 3741 2221 3836 expedi-

662 3825 810 3878 tione
835 3823 1086 3877 narratio.
1158 3819 1362 3875 Scilicet
1381 3817 1680 3874 Herodotus
1705 3821 1783 3887 (4.
1809 3801 1898 3890 5'5)
1926 3821 1995 3875 ab
2021 3822 2224 3876 oriente

665 3901 1048 3996 Borysthenis
1032 3919 1087 3956 m
1113 3903 1341 3956 Pontum
1371 3899 1588 3955 effluere
1612 3897 1741 3953 dicit
1765 3901 2070 3973 Hypacyrin
2099 3903 2222 3970 (Pa-

663 4001 726 4054 cy
731 3983 812 4036 rin
822 3981 956 4037 Plin.
963 3985 1019 4051 ),
1045 3977 1302 4033 denudem
1312 3976 1611 4032 Maeotidem
1624 3977 1842 4031 Tanaim
1859 3989 2014 4050 atque
2023 3981 2224 4034 Oarum

663 4072 718 4117 et
736 4064 938 4134 Lycum
959 4056 1702 4133 etSyrgin(4,123·Hyrgin
1727 4074 1778 4110 v.
1799 4057 2012 4131 HJrgcn
2032 4061 2086 4124 4
2108 4058 2218 4129 57).

663 4143 790 4196 Haec
816 4143 888 4196 ita
913 4149 1184 4194 mutarunt
1200 4136 1437 4192 nonnulli
1461 4147 1522 4190 ut
1546 4137 1887 4208 Hypacyrin
1871 4155 1927 4190 ιιι
1957 4137 2220 4210 Hypanim

662 4221 806 4276 exire
836 4227 1150 4284 statuerent,
1176 4219 1376 4272 Oarum
1398 4233 1524 4270 vero
1543 4225 1597 4269 et
1620 4217 1818 4288 Lycum
1841 4227 1894 4270 et
1909 4217 2110 4288 Hyrgiu
2133 4227 2224 4272 aut

661 4296 912 4352 Tanaidis
932 4295 1205 4350 affluentes
1231 4305 1324 4350 aut
1348 4295 1507 4349 maris
1542 4294 1712 4367 Caspii
1740 4293 1928 4348 fluvios
1959 4311 2069 4348 esse
2099 4313 2222 4349 cen-

664 4387 866 4444 sereut;
886 4374 1005 4430 alii
982 4373 1258 4447 Jejunioris
1274 4372 1460 4446 judicii
1487 4373 1607 4438 viri,
1633 4383 1692 4426 ut
1704 4374 1998 4444 Deguigues
2022 4373 2218 4448 (Me'm.

667 4455 730 4510 de
759 4453 976 4512 l’Acad.
1010 4466 1052 4510 t.
1085 4455 1326 4518 XXXV,
1346 4469 1402 4525 p.
1430 4452 1572 4520 546)
1595 4462 1648 4506 et
1668 4449 1932 4520 Ukertus(
1955 4455 2138 4522 Geogr.
2163 4455 2217 4521 3,

666 4553 782 4608 2·p
815 4538 970 4606 199),
993 4534 1106 4590 haec
1145 4531 1212 4590 ad
1233 4532 1502 4588 veritatem
1531 4529 1746 4604 perduci
1781 4549 1935 4604 posse
1959 4542 2102 4587 reete
2126 4551 2220 4587 ne-

664 4626 886 4686 garunt,
911 4613 1198 4686 presertim
1228 4628 1396 4684 quum
1433 4609 1716 4665 fabulosam
1739 4628 1848 4664 oese
1868 4609 1937 4664 de
1965 4611 2112 4665 Darii
2134 4611 2222 4665 iti-

664 4712 793 4749 nere
813 4694 1164 4748 narrationem
1183 4701 1329 4746 extra
1345 4688 1684 4744 dubitationis
1701 4688 1864 4744 aleam
1879 4689 2112 4761 positum
2129 4691 2217 4745 sit.

663 4777 918 4844 Quaerere
939 4781 1115 4826 tamen
1140 4771 1260 4827 licet
1291 4786 1522 4842 quonam
1551 4767 1712 4823 modo
1748 4767 1934 4822 sabuloe
1957 4769 2066 4823 istae
2089 4779 2219 4824 ortae

663 4855 790 4909 sint.
866 4855 989 4922 Qua
1033 4853 1088 4906 in
1120 4849 1483 4944 disquisitione
1523 4845 1956 4920 proficiscendum
2000 4859 2134 4921 puto
2188 4867 2221 4903 a

664 4931 977 4996 Ptolemaeo,
1002 4939 1148 4984 tanto
1173 4930 1349 4983 minus
1389 4927 1477 4982 illo
1505 4925 1837 4998 negligendo,
1876 4945 2044 4999 quum
2071 4945 2216 4995 non,

661 5021 725 5066 ut
750 5011 836 5066 alii
864 5009 1101 5083 plerique
1127 5007 1436 5081 geographi,
1463 5025 1527 5060 ex
1549 5007 1663 5098 ipso
1683 5004 1905 5079 pendeat
1924 5007 2215 5065 Herodoto.

660 5091 715 5143 Is
741 5090 902 5160 igitur
922 5098 1044 5161 post
1066 5086 1442 5159 Borysthenem
1463 5086 1613 5157 pouit
1637 5087 1947 5140 Carcinitcm
1973 5086 2214 5142 fluvium.

660 5170 822 5224 Hunc
847 5164 1078 5224 eundem
1109 5183 1221 5221 esse
1244 5183 1366 5221 cum
1393 5167 1652 5238 Hypacyri
1693 5165 1802 5219 sive
1828 5167 2008 5240 Pacyri
2047 5177 2214 5240 patet3

2299 1498 2559 1554 tributum
2577 1496 2791 1569 quidem
2810 1496 3027 1549 minime
3041 1492 3361 1565 exigebatur.
3433 1492 3714 1547 Praefectus
3734 1509 3859 1546 vero

2302 1606 2332 1642 a
2357 1605 2480 1659 rege
2507 1587 2692 1641 missus
2718 1586 2773 1639 in
2814 1581 3003 1657 Abydo
3039 1581 3252 1636 sedebat
3279 1591 3643 1682 perscrutans,
3678 1580 3723 1634 si
3754 1597 3861 1652 qua

2300 1675 2446 1729 navis
2472 1673 2645 1728 ferens
2672 1689 2817 1727 arma
2836 1671 2947 1724 sine
2970 1669 3105 1739 regis
3126 1668 3385 1741 permissu
3408 1668 3506 1721 iret
3528 1668 3858 1739 Byzantium,

2301 1770 2395 1816 aut
2419 1761 2464 1814 si
2484 1760 2604 1832 quis
2625 1757 2874 1830 Byzantio
2892 1754 3153 1820 solvisset,
3179 1753 3272 1826 qui
3290 1771 3399 1807 non
3419 1751 3577 1807 ferret
3597 1753 3773 1806 literas
3800 1761 3855 1806 et

2300 1847 2447 1918 signa
2495 1844 2805 1910 hominum,
2851 1841 3045 1914 quibus
3087 1840 3201 1894 haec
3248 1857 3375 1894 cura
3414 1837 3658 1894 mandata
3706 1848 3863 1893 esset.

2300 1935 2420 1988 Non
2446 1934 2590 1988 enim
2616 1930 2691 1986 sas
2712 1947 3013 2004 quenquam
3048 1946 3111 1983 ex
3140 1927 3274 1983 urbe
3305 1928 3557 2000 Byzantio
3590 1928 3868 1998 enavigare

2302 2021 2417 2074 sine
2439 2017 2746 2073 dimissione
2770 2017 3005 2072 virorum
3040 2032 3255 2089 operam
3276 2013 3516 2069 dantium
3538 2013 3865 2084 magistratui

2299 2104 2557 2178 appellato
2584 2104 2833 2174 magistro
2850 2118 2956 2156 non
2979 2098 3337 2156 dimissorum.
3412 2099 3662 2160 Similiter
3676 2101 3721 2154 si
3743 2099 3865 2171 quis

2300 2191 2369 2246 ad
2398 2191 2650 2247 barbaros
2677 2200 2907 2255 mearet,
2936 2187 3078 2262 apud
3116 2190 3319 2245 Fanum
3349 2189 3495 2245 Jovis
3517 2187 3861 2262 praesidebat,

2301 2279 2393 2351 qui
2420 2286 2837 2352 perscrutaretur
2864 2275 2909 2330 si
2931 2293 3037 2346 qua
3058 2294 3121 2330 ex
3160 2277 3519 2329 Romanorum
3542 2272 3746 2329 ditione
3764 2273 3866 2329 ser-

2299 2376 2383 2418 ret
2398 2405 2417 2435 ,
2444 2381 2562 2437 quae
2585 2361 2655 2417 ad
2680 2361 2853 2416 hostes
2883 2360 3074 2415 efferre
3102 2379 3211 2416 non
3255 2359 3477 2415 liceret:
3522 2360 3654 2415 nihil
3688 2371 3865 2415 tamen

2302 2452 2427 2506 huic
2461 2449 2707 2525 prael'ecto
2744 2449 2949 2519 exigere
2976 2447 3163 2502 licebat
3185 2447 3254 2503 ab
3278 2447 3363 2503 his
3389 2449 3482 2520 qui
3508 2448 3627 2502 illac
3656 2449 3865 2518 naviga-

2301 2547 2440 2592 rent.
2514 2540 2586 2593 At
2620 2553 2687 2590 ex
2720 2552 2790 2589 eo
2828 2544 3097 2606 tempore,
3140 2551 3249 2605 quo
3283 2533 3609 2588 ,lastinianus
3664 2534 3867 2606 accepit

2300 2624 2611 2696 imperium,
2645 2621 2703 2675 in
2738 2631 2962 2691 utroque
3000 2617 3135 2674 freto
3162 2618 3436 2674 constituit
3468 2619 3728 2673 tributum
3766 2637 3866 2692 pu·

2300 2709 2525 2774 hlicum;
2553 2718 2608 2762 et
2632 2703 2895 2779 stipendio
2930 2703 3148 2777 quidem
3184 2707 3393 2778 utrique
3432 2703 3568 2761 sreto
3594 2705 3868 2778 prefectos

2301 2793 2587 2860 afficiebat,
2617 2811 2801 2848 verum
2820 2791 3089 2859 edicebat,
3109 2802 3172 2847 ut
3190 2792 3336 2846 omni
3366 2791 3415 2844 vi
3436 2809 3596 2863 quam
3612 2790 3867 2864 plurimas

2302 2885 2550 2957 pecunias
2576 2880 2702 2937 inde
2727 2879 3071 2935 auferrent.
3101 2883 3361 2936 Praetereo
3386 2890 3559 2935 cetera
3584 2897 3703 2952 quae
3732 2882 3867 2936 Pro·

2304 2970 2489 3042 copius
2525 2967 2719 3039 colligit
2757 2977 2940 3021 contra
2982 2965 3223 3021 acerbam
3260 2965 3585 3022 exactionem
3630 2983 3661 3020 a
3701 2968 3735 3020 J
3734 2967 3869 3021 usti

2306 3058 2466 3112 niano
2492 3057 2705 3129 utrique
2741 3054 2877 3110 freto
2901 3053 3270 3119 constitutam,
3288 3054 3395 3109 hoe
3417 3071 3587 3109 unum
3612 3051 3870 3109 duntaxat

2306 3161 2371 3197 ex
2413 3141 2497 3196 his
2534 3141 2777 3214 percipe,
2814 3140 3131 3212 Procopium
3174 3139 3394 3214 Bospori
3441 3150 3496 3194 et
3542 3139 3869 3213 Hellesponti

2306 3248 2539 3284 summas
2574 3229 2837 3300 angustias
2861 3229 3041 3282 stricte
3071 3228 3345 3284 nominare
3370 3227 3592 3293 fretum,
3622 3239 3687 3282 ut
3713 3230 3871 3283 Titus
3916 3299 3921 3304 .

2308 3317 2490 3372 Livius
2516 3313 2709 3369 fretum
2741 3312 3024 3368 Chalcidici
3049 3314 3235 3386 Euripi
3259 3324 3414 3369 vocat
3445 3331 3679 3368 summas
3703 3332 3872 3385 angu-

2306 3404 2431 3458 stias
2458 3402 2651 3458 canalis
2676 3401 2931 3456 Euboeam
2956 3399 3237 3456 dividentis
3262 3419 3295 3456 a
3318 3400 3539 3455 Boeotia.
3614 3400 3782 3455 Certis
3798 3410 3855 3454 et

2313 3584 2486 3658 syris)
2508 3603 2634 3658 opp.
2661 3583 2957 3658 appositum
2977 3593 3055 3638 est
3080 3583 3354 3638 Carcinitae
3379 3582 3563 3638 fluvio.
3594 3582 3877 3637 Deiudein

2315 3667 2573 3722 Maeotidis
2594 3685 2689 3722 ora
2713 3666 3020 3723 Ptolemaeus
3038 3675 3297 3720 memorat
3326 3669 3561 3737 Agarum
3583 3676 3638 3720 et
3666 3667 3875 3739 Lycum

2314 3747 2502 3802 fluvios
2524 3758 2579 3801 et
2594 3747 2808 3818 Hyrgen
2833 3745 3027 3801 locum.
3100 3746 3295 3818 Sponte
3320 3764 3375 3800 se
3392 3743 3693 3819 conJeetura
3714 3745 3873 3801 offert

2313 3825 2631 3900 respondere
2652 3826 2735 3881 his
2769 3825 3069 3880 nominibus
3096 3826 3327 3890 Oarum,
3362 3827 3565 3898 Lycum
3591 3836 3645 3880 et
3666 3827 3875 3897 Hyrgin

2313 3905 2589 3962 Herodoti.
2662 3905 2959 3975 Quominus
2990 3903 3057 3958 ad
3088 3903 3192 3959 hoc
3212 3902 3540 3958 attenderent
3578 3904 3678 3957 viri
3704 3905 3870 3970 docti,

2312 3985 2585 4058 impedivit
2606 3983 2903 4057 interjectus
2920 3983 3059 4037 inter
3077 3982 3377 4056 Hypacyrin
3395 3992 3449 4036 et
3463 3983 3665 4038 Oarum
3680 3985 3879 4038 Tanais

2314 4064 2536 4129 fluvius3
2552 4073 2606 4117 at
2631 4081 2809 4118 nonne
2828 4061 2916 4117 hic
2932 4079 3155 4156 quoque·
3166 4061 3341 4116 locum
3359 4078 3513 4114 suum
3529 4070 3726 4127 tuetur,
3747 4063 3791 4115 si
3815 4063 3873 4117 in

2310 4143 2482 4215 prisca
2508 4141 2787 4197 traditione
2806 4141 2997 4195 Tanais
3015 4138 3155 4194 suit
3139 4159 3251 4213 ipsa
3275 4139 3424 4214 palus
3443 4140 3649 4194 Maeotis
3667 4158 3759 4194 seu
3775 4142 3879 4196 Ta

2313 4219 2538 4286 marida,
2558 4217 2627 4274 ad
2649 4236 2807 4292 quam
2826 4219 3017 4273 Darius
3033 4219 3247 4274 accensit
3262 4228 3541 4290 antequam
3558 4215 3628 4271 ad
3666 4219 3871 4274 Oarum

2311 4299 2638 4372 perveniret?
2672 4300 2823 4353 Hanc
2860 4297 3215 4352 narrationem
3253 4297 3369 4362 alii,
3398 4313 3533 4367 quos
3565 4295 3879 4351 Herodotus

2310 4379 2565 4450 sequitur,
2612 4378 2684 4433 ita
2728 4376 3168 4431 transformarunt
3208 4385 3271 4428 ut
3303 4375 3523 4430 Tanaim
3555 4375 3768 4428 nonnisi
3804 4375 3874 4431 de

2310 4457 2411 4530 ipsi
2450 4461 2570 4513 Don
2607 4457 2772 4512 fluvio
2796 4455 3173 4526 intelligerent,
3202 4454 3269 4509 ad
3302 4471 3521 4526 eamque
3559 4457 3877 4510 sententiam

2310 4546 2535 4593 ceteram
2565 4537 2839 4592 historiam
2871 4532 3349 4591 accommodarent.
3425 4534 3771 4607 Reliquerunt
3797 4547 3878 4592 ta·

2311 4635 2435 4671 men
2477 4616 2789 4689 antiquioris
2827 4615 3142 4670 narrationis
3181 4614 3411 4686 vestigia.
3448 4615 3587 4669 Nam
3616 4615 3763 4687 quod
3802 4615 3879 4670 de

2307 4695 2591 4764 sexaginta
2611 4693 2819 4749 dierum
2846 4691 3179 4766 expeditione
3199 4691 3443 4760 traditur,
3470 4692 3526 4747 id
3548 4711 3671 4747 cum
3698 4695 3867 4749 Hero·

2311 4772 2468 4830 dotea
2482 4773 2795 4847 geographia
2806 4772 3071 4826 conciliari
3098 4771 3299 4844 nequit.
3314 4772 3480 4826 Porro
3495 4774 3540 4825 si
3568 4772 3869 4828 Herodotus

2310 4856 2499 4925 4,123
2530 4853 2759 4927 Syrgin
2742 4870 2798 4906 m
2820 4850 3154 4916 Maeotidem,
3187 4849 3290 4906 alio
3311 4862 3485 4905 autem
3508 4850 3625 4905 loco
3644 4853 3731 4921 (4,
3765 4852 3866 4926 57)

2311 4940 2403 5007 Hy
2402 4933 2519 5004 rgin
2534 4934 2591 4987 iu
2606 4933 2826 4987 Tanaim
2850 4929 3064 4985 effluere
3084 4891 3275 4996 rel'ert,
3302 4948 3408 4984 non
3425 4928 3659 4984 diversos
3683 4932 3871 4988 fluvios

2312 5015 2559 5077 indicari,
2588 5011 2682 5067 sed
2708 5011 2913 5066 misceri
2940 5011 3163 5083 priscam
3186 5008 3519 5064 traditionem
3541 5027 3665 5064 cum
3691 5029 3869 5066 recen·

2311 5092 2463 5156 tiore,
2489 5088 2651 5144 facilis
2671 5099 2749 5143 est
2772 5087 3089 5161 conjectura.

2385 5187 2438 5224 α.
2463 5169 2740 5240 Pomponii
2767 5167 2917 5222 Melas
2940 5165 3095 5222 verba
3116 5165 3184 5220 ad
3209 5167 3503 5240 Bosporum
3538 5165 3669 5221 nihil
3704 5168 3867 5240 perti·

661 5267 782 5304 nam
806 5257 870 5303 ut
891 5245 1189 5304 secundum
1209 5243 1536 5301 Herodotum
1558 5245 1739 5318 Pacyri
1761 5243 1960 5317 adjacet
1985 5247 2218 5301 Carcini-
2312 5259 2460 5304 nent.
2534 5248 2717 5302 Sermo
2742 5255 2819 5300 est
2850 5246 2917 5301 de
2941 5245 3075 5300 freto
3113 5246 3367 5301 venientis
3394 5265 3459 5301 ex
3484 5263 3681 5302 oceano
3708 5249 3874 5303 maris

659 5341 735 5384 tes
763 5327 1022 5401 oppidum
1040 5367 1057 5394 ,
1086 5326 1164 5381 sic
1188 5325 1330 5400 apud
1366 5324 1702 5381 Ptolemaeum
1731 5327 1936 5398 Pacyris
1965 5328 2094 5398 (vgo
2120 5329 2218 5381 Pa·
2312 5327 2512 5392 nostri,
2540 5325 2577 5379 i.
2614 5343 2662 5380 e.
2688 5323 2755 5379 de
2781 5323 2914 5379 freto
2944 5322 3224 5378 Gaditano.
