4584 6284
878 461 990 515 50⁴

863 582 1067 663 βορέαν,
1084 584 1153 647 ὡς
1176 580 1227 639 δὲ
1251 580 1378 661 πρὸς
1397 580 1567 648 δύσεις
1595 580 1898 658 θρασκίανῆ
1924 580 2106 658 μέσην·
2124 580 2214 640 καὶ
2244 581 2400 661 ζεφύ-

2273 451 2597 513 ΑΝΟΝΥΜ
2609 454 2631 510 l

2489 600 2650 655 porro
2692 584 2934 654 aparctiae
2979 584 3047 639 ad
3088 586 3341 640 orientem
3389 585 3600 641 boream
3617 627 3634 654 ,
3677 588 3743 642 ad
3805 608 4042 647 oceasum

859 692 945 749 ρου
964 667 1057 747 μὶν
1079 668 1204 749 πρὸς
1224 668 1558 750 μεσημόρίαν
1576 667 1721 742 λίὸα,
1738 667 1865 749 πρὸς
1886 668 1940 727 δὲ
1966 668 2183 751 ἄρκτους
2204 670 2400 748 ἰάπυγα
2492 668 2768 723 thrasciam
2793 670 2872 724 vel
2893 688 3096 737 mesen3
3119 673 3244 726 item
3263 671 3472 745 zephyri
3497 673 3554 727 in
3574 674 3843 731 meridiem
3865 676 4033 742 libem,

852 756 888 831 ἢ
918 755 1194 837 ἀργέστην,
1225 756 1375 817 νότου
1407 754 1461 815 δὲ
1490 755 1617 838 πρὸς
1666 755 1760 833 μὲν
1808 756 2063 825 ἀνατολὰς
2110 756 2395 836 εὖρόνοτον,

846 851 917 914 ὡς
946 843 1000 906 δὲ
1028 844 1153 926 πρὸς
1182 844 1349 913 δύσεις
1376 844 1662 906 λιὸόνοτον.
1716 846 1825 906 Καί
1871 848 1970 905 εἶσι
2013 846 2279 926 διάμετροι
2309 846 2398 905 καὶ

791 944 817 985 ⁸
846 935 1197 1001 άντιπνίοντες
1215 934 1491 1007 ἀλλήλοις,-
1503 930 1809 1005 ἀπηλιώτης
1825 934 1919 1009 μὲν
1934 932 2135 1016 ζεφύρῳ
2150 979 2165 1006 ,
2186 931 2397 1002 καικίας

842 1023 896 1084 δὲ
924 1022 1032 1083 λιὸὶ
1047 1068 1065 1099 ,
1090 1020 1272 1102 βορέας
1296 1021 1349 1081 δὲ
1370 1021 1619 1102 λιὸονότῳ
1636 1066 1655 1099 ,
1681 1021 1770 1081 καὶ
1794 1023 2085 1103 ἀπαρκτίας
2114 1022 2210 1100 μὲν
2236 1022 2391 1104 νότῳ,

840 1109 1083 1192 θρασκίας
1112 1110 1165 1171 δὲ
1196 1110 1475 1191 εὗρονότῳ,
1506 1111 1597 1169 καὶ
1627 1108 1785 1178 ἶάπιιξ
1814 1108 1969 1191 εὔρῳ.

929 1247 1059 1298 xm.
1090 1245 1204 1307 Περὶ
1227 1245 1413 1308 μήκους,
1428 1244 1507 1293 καὶ
1547 1243 1746 1301 πλάτους
1770 1248 1853 1303 τῆς
1876 1242 1984 1302 ὅλης
2008 1244 2298 1313 οἰκουμένῃς.

910 1385 983 1427 3ο.
1029 1365 1330 1445 Ἀναγκαῖον
1362 1362 1417 1421 δὲ
1444 1362 1535 1424 καὶ
1564 1362 1683 1444 περὶ
1714 1361 1909 1439 μήκους
1940 1361 2029 1421 καὶ
2051 1361 2278 1431 πλάτους
2297 1365 2391 1433 τῆς

758 1470 807 1513 ιο
832 1454 956 1528 ὅλης
986 1451 1288 1530 οἰκουμένης
1316 1454 1501 1514 εἰπεῖν.
1535 1451 1612 1512 Τὸ
1642 1454 1808 1529 μῆκος
1836 1450 2005 1511 τοίνυν
2034 1451 2194 1523 αὐτῆς
2223 1448 2387 1532 ληψό-

831 1548 997 1622 μεθα,
1030 1543 1086 1601 οὗ
1114 1540 1175 1601 τὸ
1212 1542 1617 1601 συνακολουθοῢν
1659 1542 1735 1622 τῷ
1779 1538 2067 1622 ῥομὸοειδεῖ
2111 1538 2384 1619 σχήματι,

831 1630 969 1691 ἀλλά
996 1653 1097 1690 τινι
1125 1630 1317 1690 κύκλου
1348 1628 1621 1709 τμήματι,
1653 1627 1683 1689 δ
1711 1632 1814 1688 τῶν
1846 1628 2017 1689 ἄλλων
2047 1632 2151 1688 τῶν
2182 1627 2246 1686 δι’
2267 1626 2388 1687 ὅλου

828 1726 920 1781 τοῦ
952 1720 1149 1799 μήκους
1178 1721 1340 1791 αὐτῆς
1384 1717 1679 1799 ἐρχομένων
1731 1717 1977 1779 ἁπάντων
2027 1716 2136 1778 ἐστὶ
2187 1720 2379 1793 μεῖζον·

824 1808 1003 1885 ὅμοιόν
1031 1830 1087 1867 τε
1116 1807 1217 1888 γὰρ
1260 1804 1343 1891 [τὸ
1373 1807 1481 1889 lvci]
1514 1812 1607 1867 τοῦ
1638 1811 1938 1887 ἶσημερινοῦ
1985 1804 2236 1866 ἔκπιπτον
2282 1807 2386 1864 άπὸ

748 1908 801 1950 ¹⁵
825 1898 1037 1976 δυσμῶν
1063 1894 1149 1957 ἰπὶ
1179 1894 1435 1964 ἀνατολὰς
1458 1897 1664 1978 ἰδείχθη
1693 1901 1785 1955 τοῦ
1807 1892 2131 1973 ἐγνωσμένου
2164 1894 2253 1953 καὶ
2276 1889 2380 1977 [τὸ]

826 1985 959 2046 πολὺ
989 1983 1382 2067 προτιρώτατον
1415 1985 1503 2043 ἐπὶ
1532 1988 1633 2044 τῶν
1674 2006 1735 2043 τε
1763 1981 2077 2063 νοτιωτίρων
2110 1978 2238 2063 [καὶ
2278 1986 2382 2041 τῶν

814 2070 1182 2157 “βορειοτίρων]
1213 2071 1422 2134 τούτου.
1470 2071 1572 2147 Eia
1604 2072 1649 2131 δ’
1678 2070 1745 2131 ἃν
1774 2073 1833 2130 τὸ
1861 2077 1951 2130 τοῦ
1983 2068 2267 2150 ἀπέχοντος
2297 2068 2382 2129 ἐπὶ

825 2161 895 2220 τὰ
918 2162 1096 2245 βόρεια
1114 2168 1203 2224 τοῦ
1228 2166 1528 2244 ἷσημερινοῧ
1553 2160 1733 2243 μοίρας
1758 2160 1919 2221 εἴκοσι
1938 2168 2073 2239 τρεῖς
2099 2157 2191 2219 καὶ
2213 2158 2283 2229 ι’,
2317 2157 2379 2215 δ’·

827 2251 1062 2333 διαφορεῖ
1090 2250 1144 2311 δὲ
1179 2250 1309 2331 (καὶ)
1362 2256 1513 2310 τοῦτο
1564 2252 1699 2331 [τοῦ]
1734 2249 1977 2329 μεγίστου
2019 2246 2233 2329 [κύκλου
2266 2246 2379 2327 ὥρᾳ

744 2354 802 2395 20
829 2341 929 2421 μία
957 2339 1170 2416 ἡμίσει,
1212 2344 1381 2419 μῆκος
1410 2342 1465 2399 δὲ
1495 2338 1606 2420 ἔχει
1638 2340 1844 2417 στάδια]
1880 2338 2039 2417 μύρια
2070 2334 2236 2409 ὀκτὼ,
2266 2338 2322 2417 ,β
2351 2359 2380 2392 τ

824 2452 867 2487 π
890 2425 960 2509 β’·
983 2426 1118 2486 ὥστε
1141 2426 1356 2506 ἔγγιστα
1377 2426 1423 2487 θ’
1450 2429 1716 2508 μυριάδων
1736 2417 1865 2486 εἶναι
1889 2423 2113 2484 σταδίων
2132 2422 2189 2481 τὸ
2212 2427 2380 2499 μῆκος

822 2512 909 2574 διὸ
938 2518 1027 2573 τοῦ
1075 2514 1174 2575 ὑπὸ
1205 2510 1339 2595 [τοῦ]
1392 2513 1638 2591 μεγίστου
1668 2511 1859 2572 κύκλου
1898 2506 2272 2593 περιεχομένου
2318 2507 2378 2569 τὸ

820 2599 1164 2683 ἐγνωσμένον.
1214 2601 1291 2662 Τὸ
1337 2602 1391 2660 δὲ
1424 2600 1620 2669 πλάτος
1652 2599 1737 2660 ἐπὶ
1768 2598 2150 2680 μεσημὸρινοῦ,
2179 2619 2374 2676 γραφο·

817 2689 975 2768 μίνου
1026 2687 1121 2770 (δὲ)
1175 2689 1260 2750 διὰ
1309 2691 1411 2747 τῶν
1458 2687 1715 2749 Ἱππικῶν
1754 2690 1851 2759 τῆς
1878 2684 2185 2767 Σαρματίας
2213 2686 2372 2764 ὀρῶν,

734 2804 786 2843 25
816 2776 1003 2837 στάδια
1053 2776 1333 2856 τρισμύρια
1380 2777 1609 2856 δισχίλια
1652 2773 1726 2857 φ’,
1759 2774 1879 2849 ἤτοι
1922 2774 2110 2851 μιλίων
2137 2772 2372 2853 χιλιάδες

811 2867 857 2947 ,δ
883 2864 976 2924 καὶ
1004 2865 1137 2943 τλγ’.

879 3088 909 3154 S
930 3084 1317 3155 39.-1l..Quae
1338 3084 1491 3137 uncis
1508 3080 1853 3136 includuntur
1878 3078 2131 3151 supplevi.
2150 3078 2271 3131 Post
2290 3074 2372 3129 ἔκ-

813 3181 988 3217 πιπτον
1014 3163 1069 3214 in
1093 3159 1251 3216 codd.
1282 3162 1381 3233 legi
1404 3162 1464 3217 ‘rb
1486 3161 1617 3215 dicit
1636 3158 2025 3230 Bernhardyus.
2049 3159 2169 3211 Hoc
2194 3158 2237 3209 si
2256 3165 2336 3209 est
2351 3194 2368 3220 ,

736 3294 741 3299 ,
807 3258 904 3311 ego
933 3248 1145 3293 enotare
1162 3236 1357 3292 oblitus
1376 3241 1627 3309 συσκη-
1658 3242 1721 3291 16
1735 3278 1748 3293 .
1770 3237 1849 3291 ἒπὶ
1870 3242 1967 3289 τῶν
1990 3238 2065 3303 τε]
2102 3234 2183 3289 ἐπὶ
2202 3232 2262 3287 τὰ
2284 3233 2370 3305 μὲν

805 3329 860 3373 et
880 3317 959 3373 ἐπὶ
978 3316 1041 3372 τὰ
1063 3322 1159 3371 τῶν
1180 3316 1342 3373 codd.
1373 3318 1397 3389 [Ι
1422 3348 1497 3359 -
1524 3320 1607 3373 18.
1635 3315 1790 3370 εἴκοσι
1805 3317 1936 3387 τρεῖς
1958 3315 2085 3386 etc.]
2104 3312 2191 3369 Cf.
2212 3330 2369 3383 supra

806 3401 1114 3471 Anonymus
1140 3400 1171 3466 S
1208 3400 1291 3461 14.
1326 3414 1385 3468 p.
1416 3400 1541 3467 492,
1568 3397 1658 3451 25.
1683 3394 1953 3449 Iudicatur
1980 3391 2253 3466 parallelus
2276 3410 2370 3463 per

808 3478 1011 3551 Syenen
1059 3475 1265 3534 ductus.
1313 3475 1537 3533 Ptolem.
1584 3492 1637 3545 7,
1689 3474 1741 3541 5,
1800 3476 1861 3530 15
1906 3482 1923 3500 ⁶
1958 3474 2038 3529 ἐπὶ
2080 3473 2135 3529 δὲ
2170 3478 2259 3528 τοῦ
2288 3472 2370 3526 διὰ

809 3557 999 3626 Συήνης
1021 3556 1419 3629 (παραλλήλου),
1450 3557 1506 3620 ’ὸς
1540 3555 1713 3627 ἀπέχει
1746 3559 1835 3608 τοῦ
1876 3554 2159 3628 ἰσημερινοῧ
2199 3554 2369 3627 μοίρας

809 3639 905 3710 κγ’,
932 3636 993 3705 κ’,
1016 3636 1069 3710 γ’
1088 3635 1169 3706 (κ’,
1201 3635 1567 3710 δἈιιουγηι.)
1596 3637 1741 3708 μέσος
1761 3656 1864 3699 πως
1880 3636 2101 3708 κείμενος
2130 3640 2218 3690 τοῦ
2248 3636 2368 3689 ὅλου

806 3717 1041 3782 πλάτους,
1070 3716 1151 3785 (τὸ
1183 3715 1497 3789 ἐγνωσμένον
1528 3718 1615 3783 τῆς
1649 3718 1743 3787 γῆς
1778 3716 1931 3788 μῆκός
1970 3713 2095 3789 ἐστι)
2124 3716 2367 3788 μυριάδων

808 3795 1133 3872 δκτὼ,βτλς’,
1150 3795 1277 3850 κατὰ
1290 3795 1381 3863 τὴν
1392 3803 1489 3850 τῶν
1507 3795 1775 3867 εἰρημένων
1794 3794 2129 3867 παραλλήλων
2149 3794 2266 3867 πρὸς
2278 3794 2363 3849 τδν

810 3877 1083 3949 ἰσημερινὸν
1107 3876 1402 3947 ἀναλογίαν.
1430 3877 1452 3945 ss
1475 3905 1550 3917 —
1576 3892 1659 3945 19.
1683 3873 1768 3927 καὶ
1788 3886 1909 3928 ante
1935 3878 2082 3927 τοῦτο
2108 3873 2362 3927 abundat.

812 3958 912 4025 ΙΙ-
921 3973 1007 4010 20.
1022 3952 1204 4030 ,βτπὸἹ
1222 3955 1269 4008 Ε
1281 3953 1564 4009 Ptolemaeo
1576 3953 1940 4026 reponendum
1957 3954 2163 4008 videtur
2172 3952 2362 4027 ,βτλςῖ

806 4038 945 4093 Post.
977 4055 1028 4091 v·
1056 4037 1113 4092 ‘cb
1142 4040 1296 4108 μῆκος
1338 4036 1393 4089 in
1436 4041 1487 4092 E
1514 4036 1705 4105 legitur
1738 4035 1843 4089 κδ’.
1875 4037 2139 4088 Lacunam
2178 4044 2366 4089 notant

806 4114 956 4172 editt.
987 4116 1011 4186 ss
1041 4144 1105 4156 -
1133 4131 1222 4169 21.
1248 4113 1457 4185 ἔγγιστα
1482 4112 1528 4168 0'
1550 4112 1818 4185 μυριάδων]
1840 4111 2174 4169 Cf..Ptolem.
2209 4110 2245 4165 l.
2272 4111 2310 4165 l.
2345 4129 2358 4165 :

806 4196 933 4247 ὥστε
951 4194 1239 4265 συνάγεσθαι
1265 4192 1323 4245 τὸ
1351 4191 1659 4264 ἐγνωσμένον
1688 4191 1833 4259 αὐτῆς
1866 4195 2019 4264 μῆκος
2044 4188 2125 4244 ἐπὶ
2152 4188 2239 4262 μὲν
2274 4195 2362 4243 τοῦ

808 4271 934 4327 κατὰ
957 4272 1042 4327 τὸν
1068 4272 1345 4343 ἰσημερινὸν
1383 4270 1638 4343 τμήματος
1680 4271 2079 4343 ἔννακισμυρίων.
2118 4270 2141 4341 ss
2180 4302 2247 4312 —
2268 4288 2357 4326 22.

808 4349 893 4403 διὰ
919 4355 1003 4406 τοῦ
1028 4352 1152 4423 etc.]
1172 4350 1253 4403 διὰ
1280 4350 1338 4404 τὸ
1363 4349 1457 4404 ὑπὸ
1482 4349 1716 4423 μεγίστου
1744 4350 1924 4404 κύκλου
1968 4350 2277 4421 περιέχεσθαι
2303 4351 2360 4405 τὸ

810 4430 1113 4503 ἐγνωσμένον
1141 4429 1296 4483 codd.
1320 4439 1369 4481 et
1392 4428 1564 4495 editt.;
1585 4446 1702 4501 quae
1724 4447 1877 4484 sensu
1901 4428 2094 4485 idoneo
2121 4440 2317 4487 carent.
2330 4432 2352 4501 ss

807 4538 882 4548 —-
898 4508 987 4563 23.
1004 4509 1305 4579 γραφομένου
1323 4506 1376 4559 ’δὲ
1396 4506 1496 4579 διὰ]
1518 4518 1608 4561 aut
1624 4507 1675 4561 δὲ
1688 4507 1990 4573 delendum,
2002 4516 2095 4561 aut
2106 4518 2225 4561 ante
2248 4507 2358 4561 haec

808 4586 969 4641 verba
995 4587 1121 4640 alius
1142 4585 1413 4639 meridiani
1444 4588 1637 4640 mentio
1658 4587 1870 4644 excidit.
1906 4589 1927 4657 ss
1950 4616 2025 4627 —
2050 4588 2139 4640 25.
2171 4586 2280 4657 χιλ.
2312 4587 2360 4639 δ’

806 4666 891 4719 καὶ
912 4664 1047 4737 τλγ’]
1070 4665 1175 4735 χιλ.
1201 4662 1285 4717 λ6’
1312 4666 1396 4719 καὶ
1415 4666 1527 4737 τλγ’
1551 4671 1704 4722 ABD
1727 4676 1806 4733 et,
1838 4668 1996 4720 misso
2033 4665 2148 4734 καὶ,
2184 4670 2262 4728 Ε,
2304 4668 2357 4720 in

804 4744 1003 4818 quibus
1024 4745 1132 4815 χιλ.
1164 4742 1247 4797 λ6’
1267 4763 1331 4798 ex
1356 4747 1494 4799 varia
1516 4748 1771 4820 scriptura
1789 4746 1992 4800 numeri
2020 4744 2358 4818 praecedentis

804 4826 1063 4899 τρισμύρια
1090 4827 1223 4895 δισχ.
1269 4837 1446 4879 ortum
1479 4836 1574 4880 est.
1600 4826 1665 4879 In
1689 4836 1884 4883 antece.
1910 4827 2100 4879 Noster
2125 4823 2355 4894 longitu-

802 4906 985 4960 dinem
1020 4916 1173 4959 terrae
1199 4903 1299 4958 sub
1326 4914 1584 4975 aequatore
1618 4922 1727 4958 esse
1761 4922 1930 4974 90000
1959 4904 2249 4957 stadiorum
2277 4906 2357 4957 di-

802 4996 951 5039 ·‹erat
981 5002 1045 5037 ex
1075 4984 1332 5037 sententia
1365 4982 1641 5037 Ptolemaei.
1679 4984 2063 5055 Exspectaveris
2092 4982 2253 5052 igitur
2274 5000 2356 5034 se·

799 5062 1041 5118 cundum
1084 5062 1319 5133 ejusdem
1361 5060 1620 5115 Ptolemaei
1644 5063 1867 5117 rationes
1902 5060 2163 5116 latitudini
2194 5060 2352 5114 tribui

797 5142 966 5197 stadia
994 5146 1168 5207 40000
1195 5145 1305 5196 sive
1340 5140 1530 5213 gradus
1558 5144 1655 5207 80,
1685 5142 1776 5214 qui
1804 5144 2125 5213 pertinerent
2164 5142 2287 5197 inde
2324 5162 2352 5197 a

799 5224 896 5274 (33⁰
917 5222 1005 5275 lat.
1040 5223 1155 5277 bor.
1182 5225 1293 5276 sive
1319 5241 1350 5276 a
1376 5224 1425 5275 'l'
1426 5222 1571 5275 hules
1592 5222 1830 5293 parallelo
1859 5240 2017 5294 usquc
2056 5222 2123 5275 ad
2154 5226 2243 5292 ¹7⁰
2263 5222 2351 5276 lat.

809 5302 1026 5356 susti-al.
1044 5344 1058 5369 ‚
1090 5304 1179 5371 qui
1211 5303 1467 5356 terminus
1490 5300 1697 5356 duobus
1726 5301 1969 5371 gradibus
1987 5302 2259 5356 australior
2282 5315 2360 5357 est

2487 754 2556 810 ad
2581 757 2960 827 septentriones
2995 757 3232 831 iapygem
3261 757 3340 811 vel
3379 768 3643 829 urgentem
3669 758 3895 833 denique
3931 764 4037 817 noti

2489 844 2542 897 in
2566 844 2822 898 orientem
2845 855 3194 909 euronotum,
3223 857 3276 901 et
3297 845 3590 900 libonotum
3617 848 3674 900 in
3700 848 4035 907 occidentem.

2487 930 2556 984 Et
2587 931 2665 984 sic
2705 929 2923 1002 quidem
2949 930 3050 991 sibi
3081 932 3306 1003 oppositi
3341 941 3397 985 et
3435 950 3498 985 ex
3535 930 3756 987 adverso
3792 937 4045 1007 spirantes

2485 1030 2632 1086 sunt,
2662 1017 2908 1090 apeliotes
2932 1019 3162 1093 zephyro
3177 1058 3194 1085 ,
3220 1021 3399 1081 caecias
3419 1018 3542 1089 libi,
3569 1019 3757 1082 boreas
3789 1020 4039 1095 libonoto,

2485 1109 2736 1178 aparctias
2764 1118 2892 1161 noto
2908 1146 2922 1172 ,
2941 1106 3194 1161 thrascias
3211 1117 3472 1163 euronoto
3496 1118 3549 1161 et
3575 1106 3730 1180 iapyx
3755 1126 3906 1165 euro.

2553 1255 2678 1299 xm.
2709 1256 2776 1298 De
2793 1253 3078 1311 longitudine
3097 1264 3151 1299 ac
3169 1253 3412 1301 latitudine
3431 1256 3570 1300 totins
3589 1257 3724 1299 terra
3749 1252 3979 1300 habitata.

2553 1372 2642 1442 39.
2681 1371 2985 1426 Necessario
3011 1382 3186 1426 autem
3214 1372 3370 1427 etiam
3398 1372 3557 1426 verba
3571 1382 3696 1426 sunt
3723 1370 3956 1425 facienda
3979 1373 4046 1427 de

2479 1452 2807 1523 longitudine
2830 1453 3002 1526 deque
3020 1453 3296 1509 latitudine
3320 1454 3578 1509 universae
3604 1465 3757 1508 terrae
3779 1452 4039 1509 habitatae.

2481 1538 2894 1608 Longitudinem
2921 1555 3048 1609 ergo
3069 1536 3182 1610 ejus
3210 1538 3474 1610 capiemus
3492 1578 3508 1602 ,
3535 1555 3641 1592 nou
3671 1536 3888 1608 quidem
3921 1556 4046 1593 con·

2478 1622 2772 1674 venientem
2810 1620 2994 1674 formas
3022 1630 3174 1674 terrae
3205 1620 3492 1675 rhombum
3515 1619 3792 1684 referenti,
3817 1620 3910 1675 sed
3933 1625 4042 1677 cui-

2477 1703 2597 1764 dam
2629 1702 2810 1757 circuli
2853 1714 3152 1774 segmento,
3194 1703 3340 1775 quod
3377 1702 3490 1757 aliis
3516 1703 3764 1757 omnibus
3799 1721 3918 1777 quae
3951 1723 4044 1778 per

2476 1799 2638 1843 totam
2675 1784 3056 1857 longitudinem
3104 1784 3216 1857 ejus
3244 1795 3544 1849 transeunt,
3575 1796 3655 1840 est
3681 1784 3870 1858 majus.
3911 1789 4042 1843 Nam

2473 1871 2640 1925 simile
2665 1886 2778 1923 esse
2807 1867 3223 1924 demonstratum
3249 1882 3327 1925 est
3357 1870 3410 1924 id
3441 1870 3586 1942 quod
3614 1870 3670 1925 in
3695 1872 4044 1944 aequinoctiali

2474 1954 2606 2008 linea
2647 1951 2715 2007 ab
2750 1961 2876 2007 ortu
2913 1950 2982 2007 ad
3026 1970 3271 2007 occasum
3317 1964 3470 2007 terrae
3509 1955 3732 2025 cognite
3776 1957 4038 2019 excurrit,

2473 2050 2629 2110 atque
2663 2036 2720 2091 id
2757 2034 2904 2109 quod
2931 2034 3010 2090 vel
3065 2036 3366 2107 longissime
3406 2035 3472 2091 ab
3511 2037 3862 2109 equinoctiali
3887 2036 4041 2093 distat

2474 2122 2526 2174 in
2547 2118 2799 2192 parallelis
2816 2118 2903 2173 illa
2921 2118 3002 2172 vel
3017 2117 3417 2173 australioribus
3437 2118 3513 2173 vel
3533 2118 3699 2189 magis
3720 2118 4042 2179 borealibus.

2471 2206 2733 2257 Ponamus
2758 2212 3087 2273 segmentum
3127 2200 3358 2273 paralleli
3384 2200 3562 2256 circuli
3589 2202 3680 2273 qui
3705 2200 3773 2255 ab
3802 2203 4038 2274 aequino-

2471 2286 2608 2341 ctiali
2632 2286 2848 2341 boream
2871 2304 3054 2341 versus
3080 2287 3242 2340 distat
3267 2284 3516 2357 gradibus
3539 2285 3606 2339 23
3627 2296 3680 2340 et
3703 2287 3769 2350 45
3799 2288 4037 2355 minutis;

2469 2369 2646 2427 differt
2667 2370 2771 2424 hoc
2804 2387 2835 2424 a
2861 2369 3061 2424 circulo
3089 2370 3322 2425 maximo
3350 2388 3454 2424 una
3474 2368 3608 2423 bora
3641 2380 3696 2424 et
3718 2368 3962 2438 dimidia,
3990 2386 4043 2429 et

2469 2452 2891 2526 longitutidinem
2939 2454 3098 2508 habet
3143 2452 3436 2509 stadiorum
3487 2454 3686 2517 32,382
3740 2454 3942 2524 (32336
3957 2457 4004 2527 ἒ)
4021 2501 4036 2525 ,

2468 2538 2599 2595 adeo
2628 2549 2690 2593 ut
2730 2554 2928 2609 9o,ooo
2956 2536 3064 2592 sere
3090 2536 3384 2591 stadiorum
3412 2536 3691 2606 longitudo
3733 2539 3940 2608 cognita
3975 2542 4042 2595 sit

2469 2640 2563 2693 per
2577 2640 2692 2677 eam
2715 2633 2865 2681 teri-ze
2887 2630 3088 2693 partem
3110 2638 3226 2691 quae
3245 2619 3444 2672 circulo
3465 2622 3694 2673 maximo
3717 2622 4036 2677 continetur.

2470 2703 2716 2759 Latitudo
2737 2714 2909 2757 autem
2932 2713 3084 2756 terrae
3111 2703 3164 2755 in
3189 2702 3482 2755 meridiano
3507 2720 3604 2773 per
3630 2704 3884 2775 Hippicos
3912 2706 4034 2759 Sar-

2471 2786 2642 2839 matiae
2659 2794 2865 2837 montes
2883 2782 3045 2835 ducto
3063 2792 3140 2834 est
3167 2779 3457 2834 stadiorum
3485 2782 3660 2835 32500
3687 2784 3794 2835 sive
3814 2784 4034 2839 millium

2467 2880 2712 2936 passuum
2743 2862 2906 2925 4333.

2463 3092 2622 3143 Praso
2653 3088 2830 3160 Libyae
2857 3086 3223 3159 promontorio
3251 3085 3438 3139 ultimo
3469 3086 3633 3157 (15⁰).
3664 3089 3736 3139 At
3759 3086 3912 3157 longe
3933 3086 4032 3140 alia

2465 3170 2778 3237 Anonymus
2791 3164 3019 3237 prodens
3033 3162 3237 3217 diversa
3253 3164 3522 3217 miscuisse
3540 3162 3762 3221 videtur.
3775 3166 3842 3217 Ni
3857 3163 4028 3230 fallor,

2464 3244 2520 3295 τὸ
2537 3243 2723 3306 πλάτος
2747 3246 2834 3309 τῆς
2847 3241 3130 3313 οἰκουμένης
3147 3239 3295 3293 dedit
3321 3239 3380 3294 τὸ
3409 3240 3794 3295 συνακολουθῶν
3814 3248 3886 3315 τῷ
3908 3242 4033 3316 ῥομ-

2464 3322 2652 3376 Εοειδεΐ
2680 3322 2930 3394 σχήματι,
2961 3320 3112 3393 cujus
3147 3320 3291 3375 orbis
3321 3330 3579 3375 terrarum
3607 3320 3788 3391 figure
3813 3322 3870 3375 in
3897 3322 4028 3378 defi·

2464 3401 2651 3456 nienda
2683 3400 3014 3472 longitudine
3043 3400 3240 3454 nullam
3271 3418 3328 3453 se
3355 3401 3610 3453 rationem
3641 3400 3834 3455 habere
3871 3399 4026 3457 dixit.

2458 3481 2679 3536 Noverit
2709 3483 2869 3553 igitur
2893 3490 3080 3535 auctor
3104 3489 3296 3553 praeter
3329 3478 3556 3533 tabulam
3585 3478 3730 3533 orbis
3762 3480 4032 3535 Ptolemai-

2460 3561 2618 3617 etiam
2656 3560 2811 3617 aliam
2849 3578 2964 3633 quae
3002 3570 3194 3615 terram
3223 3558 3512 3632 ῥομδοειδεῖ
3530 3558 3754 3631 σχήματι
3779 3559 3854 3614 ita
3878 3558 4028 3615 exhi·

2460 3638 2645 3707 bebat,
2676 3651 2740 3697 ut
2781 3639 3003 3696 latitudo
3047 3639 3159 3711 ejus
3194 3650 3328 3692 esset
3372 3637 3664 3692 stadiorum
3701 3638 3878 3694 32500
3917 3641 4029 3694 sive

2459 3718 2720 3789 graduum
2743 3722 2809 3774 65
2834 3722 2889 3774 in
2911 3718 3204 3773 meridiano
3222 3718 3315 3789 qui
3337 3717 3550 3772 ducitur
3570 3735 3666 3789 per
3683 3728 3889 3773 montes
3903 3718 4030 3792 mp-

2457 3798 2623 3869 picos.
2665 3802 2771 3853 Iste
2815 3798 3106 3853 stadiorum
3157 3814 3411 3851 numerus
3441 3796 3683 3869 proxime
3726 3794 3928 3851 accedit
3958 3797 4026 3852 ad

2457 3877 2622 3933 stadia
2641 3879 2726 3933 illa
2754 3878 2925 3943 33064
2957 3877 3113 3950 (4133
3144 3894 3219 3931 m.
3245 3873 3328 3947 p.)
3347 3914 3364 3939 ‚
3391 3893 3510 3946 quae
3533 3873 3935 3941 Artemidorus,
3965 3888 4026 3930 ut

2455 3973 2612 4029 supra
2635 3957 2863 4011 vidimus
2879 3996 2894 4021 ‚
2919 3957 3140 4026 cognitae
3157 3954 3302 4009 orbis
3319 3952 3584 4008 latitudini
3603 3953 3885 4024 assignavit
3901 3955 4024 4009 inde

2453 4054 2485 4089 a
2507 4036 2755 4091 Tanaidis
2775 4036 2920 4089 fluvii
2946 4036 3083 4088 ostio
3101 4050 3268 4105 usque
3285 4032 3354 4086 ad
3373 4050 3628 4087 oceanum
3643 4032 4020 4106 AEthiopicum,

2454 4131 2608 4185 quem
2640 4116 2778 4173 5000
2804 4113 2984 4169 stadiis
3009 4132 3041 4168 a
3071 4115 3280 4167 Meroen
3311 4110 3554 4183 parallelo
3583 4111 3762 4166 abesse
3807 4114 3989 4167 statuit
4002 4153 4019 4180 ,

2453 4191 2586 4248 adeo
2617 4206 2677 4250 ut
2701 4192 3058 4249 meridionalis
3093 4203 3246 4246 terrae
3279 4191 3536 4246 terminus
3562 4189 3742 4245 decem
3772 4190 3883 4246 sere
3905 4210 4027 4262 gra·

2450 4271 2608 4328 dibus
2637 4274 2983 4348 Hipparcheis
3013 4274 3082 4326 sit
3108 4282 3374 4344 aequatore
3402 4270 3876 4343 septentrionalior.
3915 4273 4022 4353 ἵζο-

2450 4371 2572 4409 rum
2599 4355 2644 4409 si
2667 4354 2816 4409 hunc
2841 4356 3016 4426 ipsum
3032 4349 3358 4407 Artemidori
3378 4359 3686 4421 computum
3710 4352 4026 4422 Anonymus

2450 4444 2630 4487 noster
2660 4434 2956 4505 exprimere
2997 4430 3274 4493 voluisset,
3310 4427 3662 4483 meridianum
3703 4446 4022 4483 commemo-

2448 4522 2613 4565 rasset
2643 4530 2740 4583 per
2765 4508 3140 4566 Alexandriam
3175 4518 3230 4562 et
3253 4506 3500 4562 Rhodum
3529 4506 3610 4560 vel
3651 4524 3747 4578 per
3768 4506 4020 4561 Tanaidis

2449 4591 2582 4643 osti'a
2596 4589 2842 4658 ductum,
2856 4608 2962 4643 non
2978 4606 3104 4642 vero
3123 4604 3220 4660 per
3235 4588 3488 4659 Hippicos
3506 4596 3710 4639 montes
3729 4586 4015 4650 Sarmatioe,

2448 4684 2582 4738 quos
2605 4667 2918 4724 Ptolemaeus
2944 4666 3100 4740 pouit
3121 4667 3178 4720 in
3209 4668 3304 4735 74⁰
3332 4664 3474 4735 long.
3500 4673 3555 4717 ct
3581 4664 3678 4727 54⁰
3697 4661 3807 4727 lat..
3831 4665 3940 4717 sive
3963 4666 4017 4718 in

2450 4745 2636 4802 cadem
2671 4746 2780 4802 sere
2807 4746 3083 4801 latitudine
3103 4746 3158 4799 in
3179 4762 3283 4817 qua
3313 4754 3439 4798 sunt
3463 4744 3598 4799 ostia
3623 4741 3872 4797 Tanaidis
3897 4744 4016 4812 (54⁰

2449 4826 2571 4899 30),
2601 4827 2740 4882 ultra
2765 4846 2882 4899 quae
2912 4837 3106 4881 terram
3131 4825 3452 4895 incognitam
3493 4841 3604 4878 esse
3635 4822 3788 4877 multi
3823 4832 4017 4877 statue-

2448 4916 2602 4972 runt;
2645 4907 2970 4961 meridianus
3009 4916 3184 4959 autem
3239 4904 3501 4958 montium
3557 4903 3906 4976 Hippicorum
3960 4902 4013 4954 in

2448 4986 2613 5059 Libya
2658 4987 2972 5061 pratringit
3009 4985 3276 5056 Rhaptum
3317 4984 3742 5056 promontorium
3779 4982 3896 5049 (73⁰
3932 4980 4018 5035 50⁹

2446 5065 2612 5138 long„
2644 5070 2705 5123 8⁰
2737 5064 2826 5120 25'
2855 5065 2944 5122 lat.
2973 5066 3186 5133 austra),
3221 5060 3370 5136 quod
3397 5062 3642 5117 ultimum
3675 5071 3828 5115 terrae
3856 5061 4012 5113 meri·

2448 5134 2671 5200 dionalis
2725 5144 3009 5200 terminum
3056 5143 3326 5214 cognitum
3373 5160 3484 5196 esse
3525 5160 3632 5195 non
3679 5139 3850 5194 multo
3893 5149 4017 5193 ante

2448 5222 2710 5277 Ptolemaei
2732 5240 2900 5276 aevum
2923 5224 3105 5276 statuit
3121 5231 3306 5276 auctor
3330 5220 3520 5293 Peripli
3541 5218 3700 5272 maris
3719 5216 4007 5289 Erythran

2449 5322 2619 5375 neque
2649 5303 2797 5356 aliter
2826 5303 3066 5356 statuisse
3109 5301 3238 5355 mihi
3281 5298 3486 5354 videtur
3527 5308 3712 5353 auctor
3745 5314 3858 5369 quo
3889 5312 4004 5350 usu.
