4584 6284
729 497 844 550 296

721 619 958 681 Ἄκταία.
991 620 1228 695 Ἐκλήθη
1262 620 1316 682 δὲ
1343 620 1512 680 πάλαι
1541 619 1670 682 ποτὶ
1697 625 1731 694 ἡ
1753 618 1967 694 ’Axi-mk
1994 625 2085 683 καὶ
2106 623 2285 698 Ἀκτὴ,

2119 491 2531 556 EUSTATfln

2378 645 2485 681 non
2511 627 2793 684 Posidonia
2834 640 2887 684 et
2913 630 3133 686 Athenae
3172 649 3205 686 a
3243 635 3482 705 personis
3506 637 3940 706 cognominibus»,

716 708 807 770 ναὶ
835 709 940 786 μὴν
977 709 1066 768 καὶ
1099 708 1429 770 Ποσειδωνία
1471 707 1565 770 καὶ
1592 708 1802 782 Ἀθῆναι
1843 710 1950 772 ἀπὸ
1994 713 2286 792 ὁμωνύμων
2377 711 2609 785 itemque
2645 715 2795 771 Ionia
2830 714 2899 770 ab
2938 717 3072 770 Ione
3109 716 3281 771 Xuthi
3321 716 3462 784 filio,
3502 729 3559 773 et
3596 721 3873 792 Mopsopia
3915 738 3946 776 a

716 799 1034 878 προσώπων,
1056 799 1146 858 καὶ
1169 798 1350 861 Ἰωνία
1377 796 1435 858 δὲ
1463 797 1572 860 ἀπὸ
1592 794 1778 867 Ἴωνος
1807 805 1895 859 τοῦ
1926 801 2132 861 Ξούθου
2150 847 2166 876 ,
2196 803 2288 862 καὶ

716 887 1006 968 Μοψοπία,
1033 887 1138 948 ἀπὸ
1166 887 1359 968 Μόψου
1384 885 1548 948 ἄλλου
1578 886 1728 967 παρὰ
1748 885 1834 946 τὸν
1862 889 2048 965 μάντιν
2075 890 2162 948 τὸν
2195 895 2288 949 τοῦ

661 988 688 1027 ⁵
715 974 1006 1056 Τειρεσίου.
1041 973 1262 1053 Κραναὴ
1299 973 1479 1047 μέντοι
1501 978 1533 1046 ἡ
1554 972 1762 1046 Ἀττικὴ
1789 978 1848 1034 οὗ
1881 977 2034 1052 μόνον
2065 976 2170 1038 ἀπὸ
2197 985 2288 1041 τοῦ

718 1064 967 1143 Κραναοῦ
989 1108 1004 1137 ,
1033 1063 1105 1129 ὧς
1133 1060 1316 1140 ἐρρέθη
1338 1108 1354 1135 ,
1387 1058 1527 1122 ἄλλα
1550 1060 1644 1120 καὶ
1672 1061 1800 1121 διότι
1827 1064 2046 1144 τραχεῖα
2063 1111 2081 1140 ,
2104 1065 2196 1124 καὶ
2227 1065 2288 1126 τὸ

713 1150 896 1210 πλεῖον
942 1151 1009 1209 αὖ
1019 1153 1104 1222 τῆς
1153 1147 1324 1227 ὄρεσιν
1373 1149 1747 1212 ὗποπέπτωκε.
1791 1150 1907 1223 Τὴν
1945 1149 1999 1210 δὲ
2049 1153 2290 1234 ἀνωτέρω

713 1243 1006 1318 γραφεῖσαν
1033 1235 1244 1296 Ἀτθίδα
1283 1233 1634 1319 πρεσὸυτάτῳ
1666 1241 1739 1318 τῷ
1782 1239 2016 1320 Κραναῷ
2051 1242 2288 1316 γενέσθαι

717 1324 898 1402 φασὶν,
927 1321 994 1397 ἣν
1020 1321 1277 1404 παρθένον
1310 1317 1470 1383 οὖσαν
1498 1323 1588 1383 καὶ
1611 1324 1807 1404 ὡραίαν
1833 1327 2006 1405 γάμου
2029 1333 2288 1388 θανοῦσαν

640 1424 694 1466 1⁰
719 1411 892 1494 θάψας
907 1414 1167 1492 λαμπρῶς
1181 1411 1210 1468 6
1227 1409 1404 1490 πατὴρ
1421 1411 1513 1470 ἀπ’
1531 1413 1691 1485 αὐτῆς
1707 1413 1802 1488 τὴν
1819 1412 2000 1495 χώραν
2017 1414 2282 1493 ὠνόμασε.

720 1502 774 1560 Τ
774 1499 840 1572 ὴν
887 1500 943 1559 δὲ
987 1501 1091 1558 τῶν
1136 1497 1424 1572 Ἀθηναίων
1473 1500 1756 1578 ἀκρόπολιν
1807 1501 2109 1582 Κεκροπίαν
2159 1503 2286 1564 ποτὲ

719 1583 982 1660 κληθῆναί
1026 1607 1181 1666 φασι,
1210 1585 1364 1645 πόλιν
1397 1576 1556 1646 οὖσαν
1595 1585 1722 1666 μίαν
1755 1591 1858 1648 τῶν
1889 1589 1977 1650 tul
2019 1590 2286 1671 Κέκροπος

721 1679 1066 1759 ἔκτισμένων.
1091 1676 1218 1743 Ὅτι
1250 1680 1304 1740 δὲ
1327 1679 1419 1741 καὶ
1438 1680 1619 1752 Ἴωνες
1639 1675 1706 1757 ἦν
1734 1681 1818 1744 ὅτε
1847 1688 1896 1744 οἱ
1919 1685 2140 1747 Ἀττικοὶ
2163 1691 2283 1748 ixa·

721 1768 923 1842 λοῦντο,
940 1773 1134 1848 ἱστορεῖ
1150 1768 1242 1827 καὶ
1255 1774 1284 1830 6
1299 1769 1613 1854 Γεωγράφος
1626 1770 1790 1849 λέγων
1805 1773 1882 1832 ὅτι
1896 1772 1988 1834 καὶ
2002 1777 2031 1833 6
2051 1775 2286 1849 Ποιητὴς

641 1865 694 1908 1⁶
725 1859 776 1915 ἐν
800 1858 876 1938 τῷ
901 1883 927 1909 ι
961 1855 1178 1917 Βοιωτοὶ
1217 1855 1307 1916 καὶ
1338 1855 1515 1925 Ἴωνες
1547 1885 1572 1912 ι
1605 1857 1793 1928 Ἴωνας
1835 1859 1953 1929 τοὺς
1990 1860 2284 1932 Ἀθηναίους

721 1945 849 2027 φησί
866 1968 881 1983 ·
905 1944 995 2004 καὶ
1012 1942 1093 2005 ὅτι
1116 1949 1164 2005 οῖ
1189 1949 1240 2006 ἒν
1262 1945 1313 2007 Ἀ
1323 1945 1412 2028 σία
1432 1945 1612 2016 Ἴωνες
1627 1946 1820 2009 τούτων
1845 1951 1946 2012 εἶσὶ
1965 1949 2054 2011 καὶ
2075 1951 2282 2013 ἄποικοι

719 2034 812 2094 καὶ
835 2032 1129 2111 ὁμώνυμοι·
1152 2033 1245 2094 καὶ
1272 2033 1456 2116 ὅτιπερ
1479 2039 1513 2108 ἡ
1545 2033 1682 2113 Ἰὰς,
1707 2035 1822 2110 ἤτοι
1859 2041 1892 2110 ἡ
1923 2039 2132 2114 Ἰωνικὴ
2165 2039 2282 2100 διά-

717 2123 898 2190 λεκτος
911 2165 930 2196 ,
951 2125 986 2196 ἡ
1010 2120 1145 2194 αὖτή
1167 2123 1278 2182 ἐστι
1301 2126 1367 2204 τῇ
1385 2125 1591 2206 παλαιᾷ
1613 2123 1820 2188 Ἀτθίδι.
1840 2123 1972 2190 Ὀτι
1988 2127 2044 2189 δὲ
2066 2128 2278 2192 ἄποικοι

719 2207 1004 2284 Ἀθηναίων
1039 2213 1084 2270 οἱ
1119 2213 1173 2270 ἐν
1205 2214 1271 2292 τῇ
1301 2209 1447 2291 Ἀσίᾳ
1468 2207 1678 2286 Ἴωνες,
1701 2214 1852 2288 δηλοῖ
1867 2215 1958 2276 καὶ
1982 2220 2011 2276 6
2033 2217 2180 2299 παρὰ
2203 2224 2280 2302 τῷ

637 2313 693 2355 ω
723 2298 992 2382 Ἡροδότῳ
1038 2299 1429 2377 Θεμιστοκλῆς,
1473 2299 1707 2378 πατέρας
1739 2307 1844 2364 τῶν
1875 2303 2070 2366 Ἰώνων
2111 2306 2277 2385 λέγων

714 2388 833 2456 τοὺς
874 2386 1190 2462 Ἀθηναίους.
1222 2387 1447 2470 Ἱστορεῖ
1489 2391 1544 2449 δὲ
1583 2393 1612 2449 6
1645 2390 1799 2460 αὐτὸς
1821 2392 1911 2453 καὶ
1941 2391 2022 2454 ὅτι
2045 2397 2094 2455 οἱ
2122 2394 2277 2469 Ἀθη-

713 2488 853 2538 ναῖοι
877 2477 1111 2558 Κραναοὶ
1135 2475 1447 2554 καλούμενοι
1463 2475 1607 2556 ὅμως
1627 2479 1715 2540 ἐπὶ
1736 2481 2026 2560 Πελασγῶν
2050 2483 2278 2563 ἐχόντων

711 2567 808 2642 τὴν
832 2565 1065 2626 Ἐλλάδα
1102 2564 1370 2642 Πελασγοὶ
1411 2566 1750 2643 ὀνομάζοντα,
1787 2569 1875 2628 ἐπὶ
1910 2571 1966 2628 δὲ
2012 2571 2276 2650 Κέκροπος

713 2651 1006 2727 ἒκλήθησαν
1039 2649 1400 2734 Κεκροπίδαι,
1429 2650 1527 2724 τὴν
1555 2650 1614 2712 δὲ
1654 2651 1822 2734 ἀρχὴν
1853 2654 2150 2736 Ἐρεχθέως
2189 2659 2275 2716 ἐκ·

628 2755 681 2793 28
711 2740 990 2818 δεξαμένου
1019 2739 1278 2812 Ἀθηναῖοι
1315 2739 1834 2817 μετωνομάσθησαν,
1863 2738 2046 2812 Ἴωνος
2088 2743 2143 2803 δὲ
2181 2751 2273 2804 τοῦ

705 2827 909 2888 Ξούθου
949 2825 1282 2908 στρατάρχου
1311 2823 1593 2906 γενομένω
1613 2871 1631 2905 ,
1664 2827 1960 2901 ἐκλήθησαν
1992 2831 2086 2890 ἀπ’
2114 2833 2274 2891 αὐτοῦ

705 2913 904 2981 Ἴωνες.

781 3022 883 3066 ⁴20.
923 2997 1054 3063 e'Ort
1103 3000 1238 3065 οὕτω
1279 3002 1418 3062 πάνυ
1454 3002 1748 3088 ἐπέδραμεν
1781 3009 2006 3066 ἐνταῦθα
2055 3011 2276 3068 tumu-

705 3090 1004 3150 στικώτατα
1023 3089 1220 3170 ,ἤγουν
1251 3092 1653 3170 συντομώτατα,
1685 3099 1713 3152 6
1737 3095 2104 3175 Περιηγητὴς,
2136 3095 2273 3158 ὥστε

624 3194 678 3234 ³0
707 3180 970 3255 τεσσάρων
992 3179 1234 3258 μεγάλων
1264 3179 1422 3238 ἐθνῶν
1449 3181 1696 3258 μνησθεὶς
1727 3184 1970 3242 Βοιωτῶν
1987 3229 2005 3261 ,
2026 3187 2269 3264 Λοκρῶν,

709 3265 1005 3327 Θεσσαλῶν
1023 3310 1040 3343 ,
1093 3265 1448 3337 Μακεδόνων,
1493 3267 1724 3346 ἠρκέσθη
1766 3269 1924 3344 μόνον
1974 3271 2268 3348 ἀριθμῆσαι

713 3351 851 3413 αὗτὲι
876 3352 1006 3433 πρὸς
1038 3351 1228 3430 ὄνομα,
1259 3351 1424 3430 μηδέν
1461 3377 1514 3412 τι
1550 3355 1706 3414 πλέον
1735 3355 1895 3416 εἰπὼν
1929 3356 2048 3437 περὶ
2077 3358 2268 3421 αὐτῶν.

708 3439 859 3515 Φησὶ
885 3439 988 3520 γάρ
1015 3467 1040 3494 κ
1065 3441 1311 3500 Βοιωτῶν
1333 3439 1490 3500 πέδον
1522 3443 1614 3501 καὶ
1645 3443 1836 3523 Λοκρὶς
1864 3441 2093 3524 ἄρουρα,
2124 3446 2272 3507 Θεσ-

711 3527 870 3602 σαλίη
896 3551 956 3588 τε
999 3526 1340 3602 Μακηδονίης
1376 3550 1436 3588 τε
1474 3528 1669 3603 πόληες
1705 3553 1748 3584 ι·
1790 3534 1825 3603 ἡ
1868 3531 1924 3590 δὲ
1967 3529 2271 3614 παρεκὸολὴ

629 3633 683 3672 ²⁵
708 3616 958 3766 ὄρειῑᾶττιιρὶ
968 3613 1874 3785 οὲἱκάέῒῶττοῖὗτιῗιαῗοιῖἒῖθῗέέξεῖἷῖό
1918 3731 2054 3778 τινος
2104 3710 2275 3770 Βοιω-

708 3798 804 3852 τοῦ
853 3793 1176 3874 καλουμένου
1194 3839 1213 3874 ,
1248 3792 1306 3854 ὃν
1353 3801 1388 3867 ἡ
1437 3794 1616 3876 μήτηρ
1640 3792 1800 3878 Ἄρνη
1841 3796 2008 3877 λάθρα
2046 3800 2272 3856 τεκοῦσα

708 3878 831 3963 περὶ
872 3883 1006 3962 βοῶν
1045 3879 1190 3942 ἔθετο
1232 3881 1483 3965 κόπρους,
1511 3883 1566 3952 ἐξ
1605 3876 1666 3943 οὗ
1692 3884 1781 3944 καὶ
1809 3883 1870 3944 τὸ
1894 3881 2059 3962 ὄνομα
2090 3882 2265 3965 ἔσχεν,

708 3969 782 4035 ὡς
813 3967 975 4051 §ipsis
1017 3969 1151 4051 ἀμφὶ
1196 3968 1316 4038 τοὺς
1355 3969 1502 4051 βόας·
1539 3968 1576 4043 ἦ
1617 3971 1723 4030 ἀπὸ
1763 3975 1860 4045 τῆς
1889 3969 2009 4051 βοὸς
2041 3977 2075 4046 ἡ
2111 3970 2265 4052 χώρα

2376 796 2664 868 Mopsopo‚
2688 795 2898 853 diverso
2924 797 3017 854 illo
3051 817 3083 853 a
3111 801 3305 872 Mopso
3340 811 3459 856 vate
3487 801 3705 857 Mantus
3740 804 3947 858 Tiresia

2378 887 2511 933 naue
2530 877 2657 934 filio.
2724 881 2924 935 Cranae
2950 891 3125 936 tamen
3147 882 3324 938 Attica
3342 900 3451 937 non
3480 883 3644 938 modo
3665 902 3698 940 a
3718 885 3945 953 Ounno,

2378 971 2438 1015 ut
2458 960 2659 1018 dictum
2684 974 2763 1019 est
2778 1006 2793 1030 ,
2824 963 2916 1020 sed
2942 966 3099 1021 etiam
3126 969 3251 1038 quia
3275 985 3457 1041 aspera
3493 979 3575 1023 est
3612 979 3667 1024 et
3692 967 3946 1044 majorem

2378 1056 2582 1118 partem
2620 1051 2891 1106 montibus
2918 1049 3172 1125 subjecta.
3204 1052 3481 1109 Atthidem
3511 1063 3687 1108 autem
3701 1093 3717 1120 ‚
3748 1054 3816 1109 de
3842 1073 3945 1126 qua

2379 1145 2537 1202 supra
2576 1133 2937 1205 meminimus,
2976 1145 3155 1191 natam
3197 1135 3379 1190 semnt
3414 1138 3621 1192 Cranao
3638 1177 3654 1203 ‚
3696 1154 3865 1210 quum
3902 1139 3947 1191 is

2382 1217 2609 1270 maxime
2620 1216 2805 1288 grandi
2818 1229 2951 1274 esset
2964 1229 3114 1274 aetate
3129 1239 3145 1286 ς
3168 1237 3327 1292 quam
3342 1218 3519 1275 adhuc
3536 1219 3791 1290 virginem
3804 1223 3945 1276 viro-

2379 1311 2483 1366 que
2501 1295 2613 1368 jam
2636 1309 2893 1355 maturam
2919 1299 3249 1356 demortuam
3278 1317 3447 1372 quum
3472 1299 3765 1355 honorifice
3798 1311 3949 1374 pater

2376 1380 2718 1452 sepelivisset,
2758 1385 3023 1454 regionem
3047 1383 3116 1439 ab
3140 1401 3203 1439 ea
3250 1384 3566 1440 nominavit.
3660 1383 3947 1440 Athenien·

2376 1463 2512 1517 sium
2541 1480 2703 1537 porro
2738 1484 2907 1522 arcem
2936 1478 3172 1522 vocatam
3200 1468 3327 1522 olim
3362 1467 3521 1523 fuisse
3556 1467 3707 1522 siunt
3751 1469 3944 1523 Cecro-

2376 1545 2549 1618 piam,
2569 1564 2789 1619 eamque
2806 1565 2965 1605 unam
2986 1549 3054 1604 de
3078 1550 3141 1604 iis
3165 1550 3387 1605 urbibus
3410 1549 3569 1606 fuisse
3590 1567 3707 1623 quat
3729 1550 3831 1604 sub
3849 1552 3948 1605 Ce-

2376 1647 2535 1702 crope
2560 1631 2839 1687 edificata.
2875 1635 3129 1688 Praeterea
3152 1651 3277 1688 vero
3302 1635 3507 1689 Atticos
3539 1645 3752 1689 vocatos
3787 1635 3945 1689 etiam

2373 1711 2655 1784 aliquando
2676 1712 2995 1770 fuisselones
3007 1725 3185 1769 narrat
3198 1715 3545 1787 Geographus
3560 1716 3643 1790 (p.
3669 1716 3821 1787 392),
3850 1716 3943 1770 ubi

2372 1796 2447 1848 ait
2466 1797 2680 1851 Poetam
2700 1815 2911 1869 quoque
2933 1798 3027 1867 (11.
3054 1818 3101 1862 ν,
3122 1798 3247 1870 585)
3268 1798 3445 1853 inillis
3466 1815 3482 1853 ι
3502 1799 3667 1854 emoti
3692 1811 3745 1854 et
3762 1805 3938 1866 Iones,

2372 1880 2563 1933 Ionum
2595 1881 2811 1934 nomine
2840 1879 3179 1934 Athenienses
3216 1879 3483 1948 indicare3
3518 1881 3749 1954 itemque
3783 1884 3941 1936 Iones

2372 1960 2629 2016 Asiaticos
2644 1961 2835 2017 horum
2850 1980 2961 2017 esse
2978 1962 3234 2017 coloniam
3254 1972 3309 2016 et
3324 1963 3691 2034 cognomine23
3710 1962 3943 2037 denique

2370 2042 2605 2098 Ionicum
2626 2041 2907 2099 dialectum
2943 2043 3163 2098 eandem
3200 2061 3315 2099 esse
3357 2056 3513 2119 atque
3546 2056 3777 2102 veterem
3801 2051 3940 2106 Atti·

2370 2143 2505 2182 cam.
2544 2126 2941 2183 Atheniensium
2977 2137 3154 2182 autem
3194 2127 3455 2184 coloniam
3490 2146 3605 2185 esse
3640 2132 3796 2186 Iones
3822 2131 3939 2188 illos

2305 2207 2314 2216 “
2370 2209 2655 2276 Asiaticos,
2685 2210 2852 2284 palam
2882 2213 3037 2266 etiam
3062 2210 3185 2265 sacit
3204 2211 3576 2268 Themistocles
3600 2211 3742 2287 apud
3768 2215 3940 2270 Hero·

2368 2292 2555 2350 dotum
2599 2293 2675 2368 (8,
2721 2294 2843 2368 aa),
2873 2294 2967 2349 ubi
3006 2295 3353 2350 Athenienses
3391 2295 3583 2354 Ionum
3626 2307 3802 2368 patres
3844 2317 3938 2372 ap·

2368 2377 2541 2448 pellat.
2578 2378 2727 2433 Idem
2769 2379 2844 2452 (8,
2868 2378 2959 2450 44)
3002 2387 3181 2432 narrat
3206 2379 3365 2433 etiam
3380 2378 3751 2450 Athenienses,
3772 2399 3939 2455 quum

2368 2463 2557 2519 Cranai
2605 2463 2976 2526 vocitarentur,
3026 2470 3203 2516 tamen
3219 2503 3235 2530 ‚
3288 2479 3399 2535 quo
3450 2472 3689 2536 tempore
3739 2465 3939 2538 Pelasgi

2366 2542 2625 2598 Gra-ciam
2671 2541 3049 2606 obtinuerunt,
3094 2539 3337 2612 Pelasgos
3392 2541 3698 2598 nominattis
3742 2541 3937 2611 fuisse,

2364 2620 2557 2676 deinde
2587 2621 2687 2674 sub
2722 2622 2953 2692 Cecrope
2983 2629 3191 2674 vocatos
3227 2637 3341 2675 esse
3379 2620 3720 2695 Cecropides,
3756 2633 3939 2696 postea

2365 2718 2493 2756 vero
2532 2718 2691 2773 quam
2740 2699 3020 2772 imperium
3063 2698 3391 2754 Erechtheus
3434 2701 3691 2773 suscepit,
3730 2713 3937 2758 mutato

2364 2797 2455 2835 eos
2498 2781 2715 2834 nomine
2758 2777 2925 2832 dictos
2953 2796 3065 2832 esse
3094 2777 3471 2845 Athenienses3
3517 2777 3763 2846 tandem,
3801 2780 3940 2837 duce

2364 2861 2627 2914 exercitus
2652 2859 2938 2913 constituto
2958 2860 3091 2912 Ione
3114 2857 3283 2911 Xuthi
3304 2857 3440 2924 filio,
3467 2860 3623 2914 Iones
3642 2857 3709 2914 ab
3731 2877 3796 2915 eo
3822 2877 3936 2916 esse

2364 2938 2665 3011 appellatos.

2436 3026 2563 3087 426.
2600 3021 2851 3078 Celeriter
2872 3020 3041 3088 adeo,
3087 3031 3338 3093 tanquam
3365 3021 3422 3075 in
3458 3032 3796 3089 transcursu,
3826 3026 3937 3080 sive

2366 3126 2461 3180 per
2480 3107 2854 3181 compendium
2879 3106 3059 3162 locum
3087 3106 3232 3161 hunc
3254 3108 3517 3178 percurrit
3534 3109 3829 3180 Periegetn,
3855 3121 3933 3179 ut,

2367 3212 2534 3267 quum
2579 3204 2829 3267 quattuor
2868 3210 3081 3264 magnas
3129 3203 3308 3262 gentes
3325 3234 3341 3258 ,
3404 3195 3651 3259 Boeotos,
3698 3197 3929 3264 Locros,

2364 3279 2673 3342 Thessalos.
2720 3278 3036 3334 Macedones
3052 3317 3069 3345 ,
3111 3289 3523 3346 commemoret,
3570 3280 3695 3334 satis
3738 3280 3929 3338 habeat

2368 3367 2585 3436 nomina
2624 3382 2807 3420 earum
2848 3363 3179 3436 apposuisse,
3212 3363 3451 3436 nihilque
3490 3363 3561 3420 de
3599 3365 3665 3420 iis
3705 3368 3931 3439 amplius

2363 3453 2628 3525 loquatur.
2654 3452 2795 3506 Dicit
2816 3452 2959 3506 enim
2992 3467 3006 3506 :
3044 3475 3069 3498 ι
3094 3453 3403 3506 Boeotorum
3426 3469 3641 3524 campus
3660 3462 3716 3508 et
3745 3454 3932 3509 Locri·

2363 3557 2459 3594 cus
2504 3555 2630 3610 ager
2660 3537 3029 3610 Thessaliaque
3068 3547 3123 3592 et
3172 3535 3328 3591 urbes
3375 3536 3717 3596 Macedonioe.
3753 3563 3777 3586 ι
3828 3540 3931 3594 Sed

2364 3626 2772 3683 commentarius
2784 3636 2961 3680 noster
2978 3623 3047 3679 de
3054 3624 3271 3696 sing-ulis
3285 3633 3403 3697 qua·
3414 3625 3661 3681 convenit
3682 3639 3931 3700 exponet.

2442 3717 2641 3772 Boeotis
2677 3732 2867 3770 nomen
2894 3713 3041 3769 dedit
3066 3713 3277 3768 Boeotus
3304 3712 3551 3786 quidam,
3593 3732 3751 3786 quem
3798 3716 3931 3771 clam

2361 3803 2563 3859 editum
2589 3806 2735 3859 Arne
2760 3811 2927 3856 mater
2960 3802 3015 3855 in
3052 3799 3201 3854 fumo
3220 3799 3383 3854 houm
3411 3800 3681 3872 exposuit,
3724 3820 3790 3857 ex
3819 3821 3927 3875 quo

2362 3892 2519 3946 etiam
2542 3907 2736 3944 nomen
2768 3889 2978 3954 habuit,
3010 3897 3262 3961 tanquam
3292 3885 3558 3960 projectus
3584 3889 3723 3944 eirca
3744 3889 3925 3948 boves.

2360 3975 2663 4033 Secundum
2706 3975 2833 4031 alios
2876 3975 3077 4030 Boeotia
3104 3973 3244 4029 dicta
3270 3984 3351 4029 est
3392 3991 3425 4028 a
3464 3973 3601 4030 bove
3644 3993 3763 4049 quse
3790 3979 3925 4032 viam

625 4073 681 4114 οι)
709 4057 934 4117 Βοιωτία
965 4062 1060 4131 τῆς
1088 4057 1529 4138 καθηγησαμένης
1552 4059 1732 4120 αὐτόθι
1751 4062 1828 4142 τῷ
1865 4059 2095 4142 Κάδμῳ·
2126 4063 2176 4121 οἱ
2209 4061 2264 4119 δὲ
2378 4065 2433 4120 bi
2459 4063 2661 4119 Cadmo
2686 4063 2915 4135 praeivit;
2944 4062 3031 4116 alii
3052 4060 3284 4135 denique
3308 4065 3520 4118 Boeotos
3538 4081 3569 4118 a
3590 4062 3727 4118 bove
3754 4069 3927 4119 nomi-

702 4145 850 4226 παρὰ
878 4145 967 4206 τὸν
991 4149 1116 4226 βοῦν
1141 4145 1445 4224 ὠνομάσθαι
1472 4139 1616 4208 εἶπον
1638 4145 1754 4217 τοὺς
1775 4147 2062 4222 Βοιωτοὺς,
2087 4151 2157 4218 ὣς
2185 4147 2260 4228 μὴ
2354 4167 2505 4211 natos
2532 4174 2643 4210 esse
2677 4154 2863 4210 dicunt
2888 4164 3169 4228 propterea
3197 4153 3343 4227 quod
3368 4173 3477 4209 non
3502 4153 3655 4209 valde
3676 4167 3928 4229 prompto

703 4367 946 4440 Stephani
969 4367 1128 4426 cedd.
1151 4370 1278 4423 Mox
1303 4368 1384 4423 int
1408 4387 1518 4426 om.
1547 4375 1607 4426 L.
1637 4371 1659 4438 ΙΙ
1682 4401 1755 4412 --
1777 4387 1825 4424 1.
1852 4370 1934 4424 καὶ
1963 4368 2152 4438 Ἄκτικὴ
2180 4371 2263 4424 καὶ
2303 4377 2317 4428 l
2357 4372 2410 4426 8.
2460 4369 2791 4443 πρεσὸυτάτην
2835 4374 2895 4434 1.,
2922 4369 3099 4423 nescio
3125 4387 3192 4422 au
3230 4379 3391 4424 recte.
3439 4370 3462 4441 ΙΙ
3488 4398 3563 4412 -
3589 4388 3645 4440 9.
3689 4369 3781 4441 πρὸ
3808 4381 3929 4425 ante

711 4444 846 4514 Ἀκτή
869 4450 1020 4514 CDL,
1060 4448 1116 4502 in
1140 4448 1334 4520 quibus
1357 4450 1504 4521 prius
1545 4449 1628 4502 καὶ
1673 4449 1868 4503 mutavi
1909 4450 1964 4503 in
2015 4447 2077 4516 ἧς
2106 4449 2259 4519 vulgo

704 4527 790 4580 aui
815 4524 952 4594 ’Διιτὴ
977 4525 1062 4580 καὶ
1086 4525 1303 4594 navers,
1329 4529 1383 4582 in
1403 4528 1595 4599 quibus
1629 4527 1784 4582 verba
1813 4525 1899 4582 καὶ
1927 4525 2116 4593 ’Ax-ru&
2136 4567 2150 4592 ‚
2183 4539 2266 4581 ut-

701 4617 828 4678 pote
865 4608 1068 4678 spuria‚
1109 4605 1318 4661 inclusit
1371 4605 1758 4678 Bernhardyus.
1810 4607 1834 4677 ΙΙ
1875 4635 1948 4650 —-
1983 4624 2038 4662 α.
2093 4605 2266 4673 Ἀθήνα

704 4683 864 4738 codd.
904 4695 958 4739 et
993 4684 1133 4756 vulg.
1167 4697 1286 4740 ante
1323 4686 1753 4759 Bernhardyum‚
1789 4687 1883 4758 qui
1931 4685 2126 4754 Ἀθῆναι
2165 4703 2265 4758 pro

712 4760 863 4825 Ἀτθίς
904 4763 1010 4818 dici
1044 4774 1224 4818 monet
1263 4765 1321 4818 in
1359 4766 1547 4837 Eurip.
1587 4765 1772 4820 Phoen.
1811 4770 1945 4838 1699
1971 4775 2026 4818 et
2054 4762 2262 4818 Hei-uel.

703 4843 830 4914 839.
867 4845 986 4915 11—-
1011 4847 1064 4910 4.
1095 4843 1330 4899 Debebat
1358 4860 1373 4898 ε
1414 4840 1510 4898 &ab
1536 4843 1963 4912 Μοψόπουᾶλλου
1992 4841 2123 4914 παρὰ
2153 4843 2262 4895 Μό-

697 4923 792 4996 ψον
816 4922 902 4978 τδν
939 4923 1167 4987 Μαντοῦς
1191 4926 1277 4992 τῆς
1299 4923 1563 4996 Τειρεσίου.
1588 4923 1844 4994 Corrupta
1880 4922 1966 4978 illa
1997 4939 2116 4995 quae
2153 4923 2261 4975 Eu·

697 5000 923 5056 stathius
948 5003 1004 5056 iu
1026 5018 1123 5056 suo
1142 5001 1397 5057 Strabone
1416 5001 1565 5073 legit,
1591 5002 1646 5054 in
1671 5003 1859 5055 nostris
1886 5019 2098 5074 quoque
2119 5000 2267 5056 codi-
2303 5049 2305 5052 ,

2355 4448 2521 4519 γάμου
2542 4444 2666 4501 add.
2695 4462 2875 4516 margo
2916 4449 2979 4501 L.
3016 4446 3038 4516 ΙΙ
3070 4474 3144 4488 —
3174 4462 3256 4501 1ο.
3291 4448 3426 4515 Quae
3472 4457 3770 4519 sequuntur
3807 4458 3929 4519 post

2353 4526 2592 4598 λαμπρῶς
2628 4542 2796 4596 usque
2826 4523 2895 4578 ad
2922 4523 3081 4579 verba
3104 4525 3172 4587 ὡς
3216 4522 3348 4580 εἶναι
3370 4542 3429 4597 p.
3466 4541 3594 4599 299,
3639 4543 3673 4581 α
3720 4525 3927 4581 excide·

2355 4615 2483 4660 runt
2506 4607 2563 4660 in
2590 4610 2663 4669 D,
2707 4605 2763 4658 in
2790 4621 2898 4676 quo
2925 4604 3109 4659 solium
3134 4604 3311 4677 periit.
3338 4603 3538 4660 Eadem
3571 4604 3760 4661 lacuna
3802 4605 3929 4661 hine

2356 4685 2561 4740 transiit
2585 4685 2642 4738 iu
2682 4689 2745 4740 L.
2775 4683 2799 4755 ss
2834 4713 2907 4725 --
2933 4699 3025 4753 17.
3059 4681 3090 4751 ἡ
3128 4693 3251 4754 post
3277 4681 3389 4751 ἤτοι
3426 4701 3537 4738 om.
3579 4681 3764 4749 codd„
3806 4701 3923 4738 exc.

2358 4762 2630 4836 CUd.ss—
2654 4778 2740 4834 29.
2771 4762 2918 4834 ὥστε]
2942 4763 3009 4824 ὥς
3038 4763 3211 4832 <2ss—
3236 4761 3325 4819 30.
3357 4761 3507 4816 ἐθνῶν
3538 4761 3768 4833 μνησθεὶς
3784 4767 3847 4818 M
3856 4766 3922 4821 U.

2362 4845 2385 4916 ΙΙ
2409 4875 2478 4885 —-
2501 4844 2591 4909 34.
2610 4843 2815 4911 Μακηό.
2840 4846 2893 4906 C,
2910 4842 3100 4896 Μακεδ.
3116 4841 3300 4913 vulg03
3316 4839 3572 4914 παραδολὴ
3607 4845 3674 4898 U.
3696 4842 3719 4912 ΙΙ
3741 4871 3813 4884 --
3832 4843 3918 4913 37.

2352 4919 2411 4977 οὗ
2437 4920 2648 4996 ἡμήτηρ
2678 4921 2853 4993 Π.ΙΙ-
2870 4923 2960 4977 38.
2986 4922 3113 4994 περὶ]
3126 4921 3256 4993 παρὰ
3283 4921 3475 4979 CEFd.
3492 4923 3629 4976 Dein
3658 4921 3921 4993 κόπροιςᾶ.

2353 5003 2439 5062 Cf.
2462 5003 2755 5076 Stephanus
2778 5018 2829 5057 v.
2849 5001 3090 5067 Βοιωτία,
3110 4999 3203 5055 ubi
3230 5002 3284 5054 in
3302 4999 3661 5073 Euphorionis
3686 4999 3922 5056 versibus

695 5079 849 5134 cibus
873 5079 1136 5152 plerisque
1161 5080 1402 5152 leguntur
1423 5097 1478 5152 p.
1508 5081 1610 5145 443
1640 5081 1780 5144 Cas..
1815 5099 1872 5152 p.
1911 5081 2034 5145 381,
2069 5097 2134 5136 10
2171 5079 2257 5134 ed.
2350 5082 2579 5154 legitur:
2609 5104 2634 5134 ι
2660 5079 2874 5134 Βοιωτδν
2894 5079 2941 5133 δ’
2954 5079 3197 5150 ὀνόμηνε·
3227 5078 3286 5133 τὸ
3307 5077 3404 5151 γὰρ
3423 5077 3695 5133 καλέσαντο
3718 5081 3914 5149 νομῆες,

695 5157 882 5215 Didot.
914 5164 1004 5214 τοῦ
1035 5171 1157 5214 ante
1219 5177 1271 5216 v.
1307 5158 1553 5230 Τειρεσίου
1589 5177 1698 5216 om.
1741 5163 1944 5215 CDFM
1949 5163 2015 5215 U.
2048 5161 2070 5231 ΙΙ
2095 5189 2169 5201 -
2204 5161 2256 5214 5.

694 5235 894 5308 Κραναὴ
917 5239 1102 5311 μέντοι]
1125 5238 1350 5311 Παραλία
1371 5237 1424 5292 δὲ
1446 5237 1629 5306 ἒκλήθη
1648 5242 1711 5302 1.,·
1727 5237 1782 5311 ἡ]
1806 5238 1888 5293 καὶ
1907 5237 1964 5302 d;
1988 5236 2105 5311 ἀπὸ]
2130 5236 2261 5309 παρὰ

692 5329 762 5389 L.·
787 5330 875 5380 τοῦ·
894 5345 1005 5383 om.
1027 5331 1151 5385 EN.
1184 5326 1206 5396 ΙΙ
1233 5330 1371 5383 -6.
1390 5324 1567 5400 ἐρρήθη
1599 5329 1734 5392 ΜΠ,
1770 5324 1956 5398 εἴρηται
1975 5329 2100 5382 ΕΝ.
2133 5327 2156 5396 ss
2187 5353 2260 5366 —

2352 5161 2497 5216 Ὀττι
2520 5161 2582 5234 ῥα
2606 5161 2855 5232 πατρῴῃσι
2882 5159 3012 5230 βοῶν
3039 5157 3319 5224 ἀπεθήκατο
3346 5159 3561 5230 κόπροις.
3590 5179 3614 5208 ι
3646 5156 3753 5211 Καὶ
3774 5157 3920 5228 Εὗρι·

2349 5244 2515 5311 πίόης·
2552 5264 2577 5293 α
2610 5240 2696 5296 τὸν
2726 5240 2770 5293 δ’
2799 5238 2919 5313 ἀμφὶ
2944 5239 3058 5310 βοῦς
3080 5237 3273 5311 ῥιφέντα
3299 5237 3517 5292 Βοιωτὸν
3554 5237 3747 5290 καλεῖν.
3785 5237 3807 5307 ΙΙ
3847 5266 3915 5279 —-

2349 5327 2439 5388 4ο.
2464 5321 2497 5391 ἡ
2537 5322 2681 5394 χώρα
2708 5320 2739 5390 ἡ
2762 5322 2822 5378 Β.
2871 5324 2925 5375 C.
2961 5321 2984 5391 ΙΙ
3016 5349 3089 5362 -
3110 5324 3198 5383 41.
3228 5317 3379 5390 παρὰ]
3414 5316 3525 5390 περὶ
3550 5320 3672 5374 FK.
3710 5313 3915 5370 Deinde
