<?xml version="1.0" encoding="UTF-8"?>
<!DOCTYPE html PUBLIC "-//W3C//DTD XHTML 1.0 Transitional//EN"
    "http://www.w3.org/TR/xhtml1/DTD/xhtml1-transitional.dtd">
<html xmlns="http://www.w3.org/1999/xhtml" xml:lang="en" lang="en">
 <head>
  <title>
</title>
<meta http-equiv="Content-Type" content="text/html;charset=utf-8" />
  <meta name='ocr-system' content='tesseract 3.04.00' />
  <meta name='ocr-capabilities' content='ocr_page ocr_carea ocr_par ocr_line ocrx_word'/>
</head>
<body>
  <div class='ocr_page' id='page_1' title='image "./geographigraeci05mlgoog_0110.png"; bbox 0 0 4584 6284; ppageno 0'>
   <div class='ocr_carea' id='block_1_1' title="bbox 626 534 2595 615">
    <p class='ocr_par' dir='ltr' id='par_1_1' title="bbox 626 534 2595 615">
     <span class='ocr_line' id='line_1_1' title="bbox 626 534 2595 615; baseline -0.01 -2"><span class='ocrx_word' id='word_1_1' title='bbox 626 562 701 615; x_wconf 74' lang='grc'>36</span> <span class='ocrx_word' id='word_1_2' title='bbox 1846 537 2188 601; x_wconf 85' lang='lat' dir='ltr'>DlONYSll</span> <span class='ocrx_word' id='word_1_3' title='bbox 2233 535 2534 597; x_wconf 74' lang='lat' dir='ltr'><strong>BYZANT</strong></span> <span class='ocrx_word' id='word_1_4' title='bbox 2542 534 2595 593; x_wconf 86' lang='lat'>11</span> 
     </span>
    </p>
   </div>
   <div class='ocr_carea' id='block_1_2' title="bbox 612 674 2188 4138">
    <p class='ocr_par' dir='ltr' id='par_1_2' title="bbox 612 674 2188 4138">
     <span class='ocr_line' id='line_1_2' title="bbox 614 674 2167 757; baseline -0.009 -16"><span class='ocrx_word' id='word_1_5' title='bbox 614 684 878 757; x_wconf 82' lang='lat' dir='ltr'>Anaplum</span> <span class='ocrx_word' id='word_1_6' title='bbox 896 701 1007 737; x_wconf 86' lang='lat' dir='ltr'>esse</span> <span class='ocrx_word' id='word_1_7' title='bbox 1023 681 1091 737; x_wconf 91' lang='lat' dir='ltr'>ad</span> <span class='ocrx_word' id='word_1_8' title='bbox 1114 681 1536 756; x_wconf 73' lang='lat' dir='ltr'>promontorium</span> <span class='ocrx_word' id='word_1_9' title='bbox 1556 678 1782 741; x_wconf 79' lang='lat' dir='ltr'>Bestias,</span> <span class='ocrx_word' id='word_1_10' title='bbox 1800 675 1903 731; x_wconf 94' lang='lat' dir='ltr'>hoc</span> <span class='ocrx_word' id='word_1_11' title='bbox 1919 674 2167 729; x_wconf 85' lang='lat' dir='ltr'>duntaxat</span> 
     </span>
     <span class='ocr_line' id='line_1_3' title="bbox 614 762 2171 841; baseline -0.008 -16"><span class='ocrx_word' id='word_1_12' title='bbox 614 770 960 841; x_wconf 76' lang='lat' dir='ltr'>assequimur,</span> <span class='ocrx_word' id='word_1_13' title='bbox 990 769 1251 841; x_wconf 89' lang='lat' dir='ltr'>Daphnen</span> <span class='ocrx_word' id='word_1_14' title='bbox 1289 766 1603 820; x_wconf 81' lang='lat' dir='ltr'>suburbium</span> <span class='ocrx_word' id='word_1_15' title='bbox 1646 780 1757 817; x_wconf 85' lang='lat' dir='ltr'>csse</span> <span class='ocrx_word' id='word_1_16' title='bbox 1796 762 1934 816; x_wconf 80' lang='lat' dir='ltr'>inter</span> <span class='ocrx_word' id='word_1_17' title='bbox 1972 762 2171 833; x_wconf 78' lang='lat' dir='ltr'>Byzan·</span> 
     </span>
     <span class='ocr_line' id='line_1_4' title="bbox 612 848 2169 929; baseline -0.008 -17"><span class='ocrx_word' id='word_1_18' title='bbox 612 860 751 912; x_wconf 91' lang='lat' dir='ltr'>tium</span> <span class='ocrx_word' id='word_1_19' title='bbox 778 868 831 911; x_wconf 92' lang='lat' dir='ltr'>ct</span> <span class='ocrx_word' id='word_1_20' title='bbox 853 856 1283 929; x_wconf 67' lang='lat' dir='ltr'>promontorium</span> <span class='ocrx_word' id='word_1_21' title='bbox 1319 854 1523 907; x_wconf 85' lang='lat' dir='ltr'>Hestias</span> <span class='ocrx_word' id='word_1_22' title='bbox 1537 892 1552 917; x_wconf 89' lang='lat'><strong><em>,</em></strong></span> <span class='ocrx_word' id='word_1_23' title='bbox 1583 848 1879 921; x_wconf 82' lang='lat' dir='ltr'>nulliusque</span> <span class='ocrx_word' id='word_1_24' title='bbox 1904 849 2169 921; x_wconf 86' lang='lat' dir='ltr'>scriptoris</span> 
     </span>
     <span class='ocr_line' id='line_1_5' title="bbox 614 936 2167 1017; baseline -0.01 -16"><span class='ocrx_word' id='word_1_25' title='bbox 614 944 901 1001; x_wconf 71' lang='lat' dir='ltr'>traditione</span> <span class='ocrx_word' id='word_1_26' title='bbox 970 944 1195 1017; x_wconf 90' lang='lat' dir='ltr'>propius</span> <span class='ocrx_word' id='word_1_27' title='bbox 1241 939 1418 995; x_wconf 84' lang='lat' dir='ltr'>accedi</span> <span class='ocrx_word' id='word_1_28' title='bbox 1478 948 1651 1012; x_wconf 86' lang='lat' dir='ltr'>potest</span> <span class='ocrx_word' id='word_1_29' title='bbox 1698 936 1765 991; x_wconf 89' lang='lat' dir='ltr'>ad</span> <span class='ocrx_word' id='word_1_30' title='bbox 1824 936 2167 1007; x_wconf 78' lang='lat' dir='ltr'>cognitionem</span> 
     </span>
     <span class='ocr_line' id='line_1_6' title="bbox 614 1020 2168 1103; baseline -0.009 -17"><span class='ocrx_word' id='word_1_31' title='bbox 614 1031 874 1103; x_wconf 70' lang='lat' dir='ltr'>Daphnin,</span> <span class='ocrx_word' id='word_1_32' title='bbox 894 1047 1054 1102; x_wconf 85' lang='lat' dir='ltr'>quam</span> <span class='ocrx_word' id='word_1_33' title='bbox 1076 1046 1143 1082; x_wconf 84' lang='lat' dir='ltr'>ex</span> <span class='ocrx_word' id='word_1_34' title='bbox 1164 1026 1249 1082; x_wconf 88' lang='lat' dir='ltr'>his</span> <span class='ocrx_word' id='word_1_35' title='bbox 1268 1044 1388 1099; x_wconf 82' lang='lat' dir='ltr'>quae</span> <span class='ocrx_word' id='word_1_36' title='bbox 1412 1024 1573 1079; x_wconf 88' lang='lat' dir='ltr'>modo</span> <span class='ocrx_word' id='word_1_37' title='bbox 1596 1021 1842 1095; x_wconf 80' lang='lat' dir='ltr'>Stephani</span> <span class='ocrx_word' id='word_1_38' title='bbox 1859 1032 1912 1076; x_wconf 92' lang='lat' dir='ltr'>et</span> <span class='ocrx_word' id='word_1_39' title='bbox 1933 1020 2168 1092; x_wconf 77' lang='lat' dir='ltr'>Procopii</span> 
     </span>
     <span class='ocr_line' id='line_1_7' title="bbox 617 1111 2169 1187; baseline -0.008 -13"><span class='ocrx_word' id='word_1_40' title='bbox 617 1118 771 1174; x_wconf 84' lang='lat' dir='ltr'>attuli</span> <span class='ocrx_word' id='word_1_41' title='bbox 794 1134 809 1173; x_wconf 73' lang='grc' dir='ltr'>ε</span> <span class='ocrx_word' id='word_1_42' title='bbox 836 1128 892 1173; x_wconf 91' lang='lat' dir='ltr'>at</span> <span class='ocrx_word' id='word_1_43' title='bbox 917 1134 1043 1171; x_wconf 85' lang='lat' dir='ltr'>vero</span> <span class='ocrx_word' id='word_1_44' title='bbox 1061 1114 1346 1187; x_wconf 78' lang='lat' dir='ltr'>Dionysius</span> <span class='ocrx_word' id='word_1_45' title='bbox 1368 1111 1433 1168; x_wconf 89' lang='lat' dir='ltr'>ad</span> <span class='ocrx_word' id='word_1_46' title='bbox 1457 1113 1619 1186; x_wconf 85' lang='lat' dir='ltr'>ipsius</span> <span class='ocrx_word' id='word_1_47' title='bbox 1646 1112 1913 1166; x_wconf 88' lang='lat' dir='ltr'>notionem</span> <span class='ocrx_word' id='word_1_48' title='bbox 1932 1126 2029 1163; x_wconf 88' lang='lat' dir='ltr'>nos</span> <span class='ocrx_word' id='word_1_49' title='bbox 2042 1148 2059 1176; x_wconf 86' lang='lat'><strong><em>,</em></strong></span> <span class='ocrx_word' id='word_1_50' title='bbox 2085 1118 2169 1161; x_wconf 86' lang='lat' dir='ltr'>aut</span> 
     </span>
     <span class='ocr_line' id='line_1_8' title="bbox 620 1194 2169 1280; baseline -0.008 -19"><span class='ocrx_word' id='word_1_51' title='bbox 620 1224 784 1279; x_wconf 84' lang='lat' dir='ltr'>quam</span> <span class='ocrx_word' id='word_1_52' title='bbox 806 1206 1075 1280; x_wconf 81' lang='lat' dir='ltr'>proxime,</span> <span class='ocrx_word' id='word_1_53' title='bbox 1100 1201 1365 1277; x_wconf 82' lang='lat' dir='ltr'>perducit.</span> <span class='ocrx_word' id='word_1_54' title='bbox 1394 1203 1669 1275; x_wconf 85' lang='lat' dir='ltr'>Quispiam</span> <span class='ocrx_word' id='word_1_55' title='bbox 1700 1198 1913 1253; x_wconf 70' lang='lat' dir='ltr'>fortasse</span> <span class='ocrx_word' id='word_1_56' title='bbox 1945 1194 2169 1269; x_wconf 89' lang='lat' dir='ltr'>objiciet,</span> 
     </span>
     <span class='ocr_line' id='line_1_9' title="bbox 620 1282 2168 1359; baseline -0.007 -11"><span class='ocrx_word' id='word_1_57' title='bbox 620 1295 679 1349; x_wconf 86' lang='lat' dir='ltr'>in</span> <span class='ocrx_word' id='word_1_58' title='bbox 707 1294 811 1347; x_wconf 89' lang='lat' dir='ltr'>hoc</span> <span class='ocrx_word' id='word_1_59' title='bbox 852 1291 1066 1346; x_wconf 81' lang='lat' dir='ltr'>sinistro</span> <span class='ocrx_word' id='word_1_60' title='bbox 1104 1290 1264 1345; x_wconf 81' lang='lat' dir='ltr'>latere</span> <span class='ocrx_word' id='word_1_61' title='bbox 1299 1288 1456 1343; x_wconf 77' lang='lat' dir='ltr'>fuisse</span> <span class='ocrx_word' id='word_1_62' title='bbox 1482 1290 1609 1343; x_wconf 89' lang='lat' dir='ltr'>item</span> <span class='ocrx_word' id='word_1_63' title='bbox 1645 1286 1900 1359; x_wconf 75' lang='lat' dir='ltr'>Daphnen</span> <span class='ocrx_word' id='word_1_64' title='bbox 1945 1282 2168 1347; x_wconf 72' lang='lat' dir='ltr'>Medeae,</span> 
     </span>
     <span class='ocr_line' id='line_1_10' title="bbox 622 1369 2171 1451; baseline -0.006 -19"><span class='ocrx_word' id='word_1_65' title='bbox 622 1396 787 1451; x_wconf 88' lang='lat' dir='ltr'>quam</span> <span class='ocrx_word' id='word_1_66' title='bbox 810 1387 991 1450; x_wconf 85' lang='lat' dir='ltr'>postea</span> <span class='ocrx_word' id='word_1_67' title='bbox 1012 1392 1075 1431; x_wconf 76' lang='lat' dir='ltr'>ex</span> <span class='ocrx_word' id='word_1_68' title='bbox 1095 1375 1349 1448; x_wconf 80' lang='lat' dir='ltr'>Dionysio</span> <span class='ocrx_word' id='word_1_69' title='bbox 1376 1373 1645 1429; x_wconf 87' lang='lat' dir='ltr'>ostendam</span> <span class='ocrx_word' id='word_1_70' title='bbox 1675 1372 1829 1425; x_wconf 78' lang='lat' dir='ltr'>luisse</span> <span class='ocrx_word' id='word_1_71' title='bbox 1850 1372 1986 1425; x_wconf 88' lang='lat' dir='ltr'>inter</span> <span class='ocrx_word' id='word_1_72' title='bbox 2003 1369 2171 1424; x_wconf 90' lang='lat' dir='ltr'>locum</span> 
     </span>
     <span class='ocr_line' id='line_1_11' title="bbox 624 1457 2173 1537; baseline -0.006 -17"><span class='ocrx_word' id='word_1_73' title='bbox 624 1474 991 1537; x_wconf 87' lang='lat' dir='ltr'>nuncupatum</span> <span class='ocrx_word' id='word_1_74' title='bbox 1020 1464 1207 1518; x_wconf 81' lang='lat' dir='ltr'>Senem</span> <span class='ocrx_word' id='word_1_75' title='bbox 1248 1463 1506 1515; x_wconf 87' lang='lat' dir='ltr'>marinum</span> <span class='ocrx_word' id='word_1_76' title='bbox 1535 1472 1589 1515; x_wconf 93' lang='lat' dir='ltr'>et</span> <span class='ocrx_word' id='word_1_77' title='bbox 1618 1458 2037 1532; x_wconf 84' lang='lat' dir='ltr'>promontorium</span> <span class='ocrx_word' id='word_1_78' title='bbox 2068 1457 2173 1511; x_wconf 82' lang='lat' dir='ltr'>He-</span> 
     </span>
     <span class='ocr_line' id='line_1_12' title="bbox 626 1541 2175 1620; baseline -0.007 -14"><span class='ocrx_word' id='word_1_79' title='bbox 626 1552 751 1606; x_wconf 84' lang='lat' dir='ltr'>stias</span> <span class='ocrx_word' id='word_1_80' title='bbox 772 1551 831 1605; x_wconf 89' lang='lat' dir='ltr'>in</span> <span class='ocrx_word' id='word_1_81' title='bbox 856 1549 985 1604; x_wconf 75' lang='lat' dir='ltr'>valle</span> <span class='ocrx_word' id='word_1_82' title='bbox 1004 1588 1021 1616; x_wconf 88' lang='lat'><strong>,</strong></span> <span class='ocrx_word' id='word_1_83' title='bbox 1040 1550 1097 1603; x_wconf 92' lang='lat' dir='ltr'>in</span> <span class='ocrx_word' id='word_1_84' title='bbox 1124 1565 1231 1620; x_wconf 83' lang='lat' dir='ltr'>qua</span> <span class='ocrx_word' id='word_1_85' title='bbox 1244 1548 1399 1602; x_wconf 89' lang='lat' dir='ltr'>etiam</span> <span class='ocrx_word' id='word_1_86' title='bbox 1417 1565 1560 1602; x_wconf 90' lang='lat' dir='ltr'>nunc</span> <span class='ocrx_word' id='word_1_87' title='bbox 1581 1548 1819 1600; x_wconf 78' lang='lat' dir='ltr'>visuntur</span> <span class='ocrx_word' id='word_1_88' title='bbox 1836 1541 2029 1599; x_wconf 88' lang='lat' dir='ltr'>rudera</span> <span class='ocrx_word' id='word_1_89' title='bbox 2052 1542 2175 1598; x_wconf 72' lang='lat' dir='ltr'>oedis</span> 
     </span>
     <span class='ocr_line' id='line_1_13' title="bbox 628 1634 2173 1707; baseline -0.006 -13"><span class='ocrx_word' id='word_1_90' title='bbox 628 1638 977 1694; x_wconf 82' lang='lat' dir='ltr'>Demetrianae</span> <span class='ocrx_word' id='word_1_91' title='bbox 993 1677 1009 1703; x_wconf 89' lang='lat'>,</span> <span class='ocrx_word' id='word_1_92' title='bbox 1062 1634 1387 1707; x_wconf 86' lang='lat' dir='ltr'>dubiumque</span> <span class='ocrx_word' id='word_1_93' title='bbox 1438 1634 1537 1689; x_wconf 86' lang='lat' dir='ltr'>sibi</span> <span class='ocrx_word' id='word_1_94' title='bbox 1586 1644 1742 1706; x_wconf 89' lang='lat' dir='ltr'>atque</span> <span class='ocrx_word' id='word_1_95' title='bbox 1783 1642 2173 1688; x_wconf 80' lang='lat' dir='ltr'>controversum</span> 
     </span>
     <span class='ocr_line' id='line_1_14' title="bbox 633 1720 2171 1796; baseline -0.005 -17"><span class='ocrx_word' id='word_1_96' title='bbox 633 1722 802 1779; x_wconf 83' lang='lat' dir='ltr'>videri</span> <span class='ocrx_word' id='word_1_97' title='bbox 828 1722 995 1790; x_wconf 87' lang='lat' dir='ltr'>dicet,</span> <span class='ocrx_word' id='word_1_98' title='bbox 1016 1734 1137 1778; x_wconf 90' lang='lat' dir='ltr'>utra</span> <span class='ocrx_word' id='word_1_99' title='bbox 1157 1722 1378 1796; x_wconf 89' lang='lat' dir='ltr'>Daphne</span> <span class='ocrx_word' id='word_1_100' title='bbox 1400 1721 1556 1776; x_wconf 81' lang='lat' dir='ltr'>fuerit</span> <span class='ocrx_word' id='word_1_101' title='bbox 1580 1720 1892 1776; x_wconf 82' lang='lat' dir='ltr'>suburbium</span> <span class='ocrx_word' id='word_1_102' title='bbox 1919 1720 2171 1793; x_wconf 82' lang='lat' dir='ltr'>Byzantii.</span> 
     </span>
     <span class='ocr_line' id='line_1_15' title="bbox 629 1805 2173 1883; baseline -0.005 -17"><span class='ocrx_word' id='word_1_103' title='bbox 629 1810 768 1866; x_wconf 82' lang='lat' dir='ltr'>Mihi</span> <span class='ocrx_word' id='word_1_104' title='bbox 804 1828 929 1865; x_wconf 81' lang='lat' dir='ltr'>vero</span> <span class='ocrx_word' id='word_1_105' title='bbox 954 1808 1172 1883; x_wconf 88' lang='lat' dir='ltr'>propius</span> <span class='ocrx_word' id='word_1_106' title='bbox 1202 1808 1407 1862; x_wconf 76' lang='lat' dir='ltr'>videtur</span> <span class='ocrx_word' id='word_1_107' title='bbox 1429 1808 1705 1881; x_wconf 72' lang='lat' dir='ltr'>Byzantios</span> <span class='ocrx_word' id='word_1_108' title='bbox 1724 1805 1981 1880; x_wconf 88' lang='lat' dir='ltr'>Daphnen</span> <span class='ocrx_word' id='word_1_109' title='bbox 2007 1823 2173 1859; x_wconf 87' lang='lat' dir='ltr'>aram·</span> 
     </span>
     <span class='ocr_line' id='line_1_16' title="bbox 631 1891 2174 1970; baseline -0.003 -19"><span class='ocrx_word' id='word_1_110' title='bbox 631 1915 737 1970; x_wconf 87' lang='lat' dir='ltr'>que</span> <span class='ocrx_word' id='word_1_111' title='bbox 763 1896 1011 1969; x_wconf 79' lang='lat' dir='ltr'>Apollinis</span> <span class='ocrx_word' id='word_1_112' title='bbox 1035 1894 1255 1951; x_wconf 82' lang='lat' dir='ltr'>coluisse</span> <span class='ocrx_word' id='word_1_113' title='bbox 1279 1905 1331 1949; x_wconf 90' lang='lat' dir='ltr'>et</span> <span class='ocrx_word' id='word_1_114' title='bbox 1354 1894 1705 1967; x_wconf 77' lang='lat' dir='ltr'>frequentasse</span> <span class='ocrx_word' id='word_1_115' title='bbox 1738 1912 1896 1967; x_wconf 88' lang='lat' dir='ltr'>quam</span> <span class='ocrx_word' id='word_1_116' title='bbox 1921 1891 2174 1967; x_wconf 82' lang='lat' dir='ltr'>Daphnen</span> 
     </span>
     <span class='ocr_line' id='line_1_17' title="bbox 628 1980 2175 2057; baseline -0.005 -16"><span class='ocrx_word' id='word_1_117' title='bbox 628 1983 831 2041; x_wconf 79' lang='lat' dir='ltr'>Medeae</span> <span class='ocrx_word' id='word_1_118' title='bbox 853 1981 1223 2057; x_wconf 87' lang='lat' dir='ltr'>pharmacidis.</span> <span class='ocrx_word' id='word_1_119' title='bbox 1250 1983 1434 2038; x_wconf 89' lang='lat' dir='ltr'>Cultus</span> <span class='ocrx_word' id='word_1_120' title='bbox 1456 1984 1597 2038; x_wconf 84' lang='lat' dir='ltr'>enim</span> <span class='ocrx_word' id='word_1_121' title='bbox 1623 1982 1843 2037; x_wconf 87' lang='lat' dir='ltr'>deorum</span> <span class='ocrx_word' id='word_1_122' title='bbox 1866 1980 1980 2036; x_wconf 89' lang='lat' dir='ltr'>loca</span> <span class='ocrx_word' id='word_1_123' title='bbox 1997 1980 2175 2036; x_wconf 86' lang='lat' dir='ltr'>incolis</span> 
     </span>
     <span class='ocr_line' id='line_1_18' title="bbox 630 2068 2175 2145; baseline -0.004 -18"><span class='ocrx_word' id='word_1_124' title='bbox 630 2072 926 2145; x_wconf 82' lang='lat' dir='ltr'>frequentia</span> <span class='ocrx_word' id='word_1_125' title='bbox 948 2071 1156 2127; x_wconf 82' lang='lat' dir='ltr'>efficere</span> <span class='ocrx_word' id='word_1_126' title='bbox 1180 2070 1328 2125; x_wconf 89' lang='lat' dir='ltr'>solet.</span> <span class='ocrx_word' id='word_1_127' title='bbox 1358 2072 1435 2125; x_wconf 91' lang='lat' dir='ltr'>Ut</span> <span class='ocrx_word' id='word_1_128' title='bbox 1450 2073 1591 2125; x_wconf 85' lang='lat' dir='ltr'>enim</span> <span class='ocrx_word' id='word_1_129' title='bbox 1620 2070 1897 2125; x_wconf 84' lang='lat' dir='ltr'>Antiochia</span> <span class='ocrx_word' id='word_1_130' title='bbox 1920 2068 2175 2143; x_wconf 84' lang='lat' dir='ltr'>Daphnen</span> 
     </span>
     <span class='ocr_line' id='line_1_19' title="bbox 631 2144 2175 2229; baseline -0.003 -17"><span class='ocrx_word' id='word_1_131' title='bbox 631 2144 947 2213; x_wconf 77' lang='lat' dir='ltr'>suburbium</span> <span class='ocrx_word' id='word_1_132' title='bbox 972 2156 1308 2229; x_wconf 75' lang='lat' dir='ltr'>frequentans</span> <span class='ocrx_word' id='word_1_133' title='bbox 1332 2155 1506 2211; x_wconf 75' lang='lat' dir='ltr'>effecit</span> <span class='ocrx_word' id='word_1_134' title='bbox 1523 2154 1698 2210; x_wconf 89' lang='lat' dir='ltr'>nobile</span> <span class='ocrx_word' id='word_1_135' title='bbox 1726 2165 1778 2210; x_wconf 90' lang='lat' dir='ltr'>et</span> <span class='ocrx_word' id='word_1_136' title='bbox 1799 2155 2085 2209; x_wconf 80' lang='lat' dir='ltr'>maximum</span> <span class='ocrx_word' id='word_1_137' title='bbox 2107 2153 2175 2207; x_wconf 92' lang='lat' dir='ltr'>ob</span> 
     </span>
     <span class='ocr_line' id='line_1_20' title="bbox 630 2240 2175 2318; baseline -0.004 -19"><span class='ocrx_word' id='word_1_138' title='bbox 630 2243 835 2299; x_wconf 87' lang='lat' dir='ltr'>cultum</span> <span class='ocrx_word' id='word_1_139' title='bbox 862 2243 1119 2318; x_wconf 74' lang='lat' dir='ltr'>Apollinis</span> <span class='ocrx_word' id='word_1_140' title='bbox 1154 2242 1413 2314; x_wconf 90' lang='lat' dir='ltr'>Daphnici</span> <span class='ocrx_word' id='word_1_141' title='bbox 1454 2260 1467 2298; x_wconf 74' lang='grc' dir='ltr'>ε</span> <span class='ocrx_word' id='word_1_142' title='bbox 1496 2242 1568 2297; x_wconf 90' lang='lat' dir='ltr'>ita</span> <span class='ocrx_word' id='word_1_143' title='bbox 1589 2242 1895 2313; x_wconf 77' lang='lat' dir='ltr'>Byzantium</span> <span class='ocrx_word' id='word_1_144' title='bbox 1920 2240 2175 2312; x_wconf 87' lang='lat' dir='ltr'>Daphnen</span> 
     </span>
     <span class='ocr_line' id='line_1_21' title="bbox 631 2328 2173 2404; baseline -0.002 -18"><span class='ocrx_word' id='word_1_145' title='bbox 631 2348 881 2403; x_wconf 85' lang='lat' dir='ltr'>aramque</span> <span class='ocrx_word' id='word_1_146' title='bbox 906 2329 1162 2404; x_wconf 80' lang='lat' dir='ltr'>Apollinis</span> <span class='ocrx_word' id='word_1_147' title='bbox 1204 2328 1461 2403; x_wconf 67' lang='lat' dir='ltr'>frequenti</span> <span class='ocrx_word' id='word_1_148' title='bbox 1488 2328 1631 2384; x_wconf 90' lang='lat' dir='ltr'>cultu</span> <span class='ocrx_word' id='word_1_149' title='bbox 1659 2328 1831 2383; x_wconf 80' lang='lat' dir='ltr'>effecit</span> <span class='ocrx_word' id='word_1_150' title='bbox 1861 2328 2173 2383; x_wconf 78' lang='lat' dir='ltr'>suburbium</span> 
     </span>
     <span class='ocr_line' id='line_1_22' title="bbox 632 2413 2177 2490; baseline -0.002 -18"><span class='ocrx_word' id='word_1_151' title='bbox 632 2417 893 2490; x_wconf 85' lang='lat' dir='ltr'>Daphnen</span> <span class='ocrx_word' id='word_1_152' title='bbox 914 2418 968 2471; x_wconf 93' lang='lat' dir='ltr'>in</span> <span class='ocrx_word' id='word_1_153' title='bbox 984 2415 1198 2490; x_wconf 84' lang='lat' dir='ltr'>planitie</span> <span class='ocrx_word' id='word_1_154' title='bbox 1212 2415 1535 2488; x_wconf 89' lang='lat' dir='ltr'>Diplocionis</span> <span class='ocrx_word' id='word_1_155' title='bbox 1561 2413 1749 2487; x_wconf 87' lang='lat' dir='ltr'>ampla,</span> <span class='ocrx_word' id='word_1_156' title='bbox 1767 2414 1903 2468; x_wconf 87' lang='lat' dir='ltr'>culta</span> <span class='ocrx_word' id='word_1_157' title='bbox 1917 2453 1934 2480; x_wconf 88' lang='lat'>‚</span> <span class='ocrx_word' id='word_1_158' title='bbox 1954 2414 2177 2487; x_wconf 90' lang='lat' dir='ltr'>urbique</span> 
     </span>
     <span class='ocr_line' id='line_1_23' title="bbox 630 2503 2172 2574; baseline -0.003 -14"><span class='ocrx_word' id='word_1_159' title='bbox 630 2506 822 2573; x_wconf 79' lang='lat' dir='ltr'>vicina,</span> <span class='ocrx_word' id='word_1_160' title='bbox 842 2505 1056 2559; x_wconf 85' lang='lat' dir='ltr'>mitibus</span> <span class='ocrx_word' id='word_1_161' title='bbox 1072 2514 1127 2558; x_wconf 87' lang='lat' dir='ltr'>et</span> <span class='ocrx_word' id='word_1_162' title='bbox 1142 2503 1356 2557; x_wconf 77' lang='lat' dir='ltr'>vitiferis</span> <span class='ocrx_word' id='word_1_163' title='bbox 1377 2503 1595 2559; x_wconf 88' lang='lat' dir='ltr'>collibus</span> <span class='ocrx_word' id='word_1_164' title='bbox 1612 2504 1798 2566; x_wconf 84' lang='lat' dir='ltr'>cincta,</span> <span class='ocrx_word' id='word_1_165' title='bbox 1819 2503 1993 2574; x_wconf 89' lang='lat' dir='ltr'>potius</span> <span class='ocrx_word' id='word_1_166' title='bbox 2018 2521 2172 2574; x_wconf 86' lang='lat' dir='ltr'>quam</span> 
     </span>
     <span class='ocr_line' id='line_1_24' title="bbox 630 2587 2174 2661; baseline -0.004 -14"><span class='ocrx_word' id='word_1_167' title='bbox 630 2595 689 2647; x_wconf 90' lang='lat' dir='ltr'>in</span> <span class='ocrx_word' id='word_1_168' title='bbox 718 2590 948 2646; x_wconf 81' lang='lat' dir='ltr'>vallicula</span> <span class='ocrx_word' id='word_1_169' title='bbox 966 2590 1300 2645; x_wconf 88' lang='lat' dir='ltr'>Demetriana</span> <span class='ocrx_word' id='word_1_170' title='bbox 1324 2600 1542 2661; x_wconf 76' lang='lat' dir='ltr'>angusta</span> <span class='ocrx_word' id='word_1_171' title='bbox 1556 2628 1572 2655; x_wconf 88' lang='lat'><strong>,</strong></span> <span class='ocrx_word' id='word_1_172' title='bbox 1598 2587 1835 2659; x_wconf 87' lang='lat' dir='ltr'>undique</span> <span class='ocrx_word' id='word_1_173' title='bbox 1861 2591 2053 2661; x_wconf 87' lang='lat' dir='ltr'>asperis</span> <span class='ocrx_word' id='word_1_174' title='bbox 2076 2588 2174 2643; x_wconf 89' lang='lat' dir='ltr'>col·</span> 
     </span>
     <span class='ocr_line' id='line_1_25' title="bbox 628 2674 2174 2748; baseline -0.003 -14"><span class='ocrx_word' id='word_1_175' title='bbox 628 2678 765 2734; x_wconf 90' lang='lat' dir='ltr'>libus</span> <span class='ocrx_word' id='word_1_176' title='bbox 783 2677 1147 2748; x_wconf 87' lang='lat' dir='ltr'>circumclusa,</span> <span class='ocrx_word' id='word_1_177' title='bbox 1163 2674 1399 2731; x_wconf 88' lang='lat' dir='ltr'>nondum</span> <span class='ocrx_word' id='word_1_178' title='bbox 1425 2675 1757 2741; x_wconf 78' lang='lat' dir='ltr'>exaediticata,</span> <span class='ocrx_word' id='word_1_179' title='bbox 1779 2675 1931 2747; x_wconf 71' lang='lat' dir='ltr'>longe</span> <span class='ocrx_word' id='word_1_180' title='bbox 1954 2676 2022 2731; x_wconf 88' lang='lat' dir='ltr'>ab</span> <span class='ocrx_word' id='word_1_181' title='bbox 2044 2676 2174 2731; x_wconf 89' lang='lat' dir='ltr'>urbe</span> 
     </span>
     <span class='ocr_line' id='line_1_26' title="bbox 626 2762 2175 2838; baseline -0.003 -17"><span class='ocrx_word' id='word_1_182' title='bbox 626 2766 916 2822; x_wconf 83' lang='lat' dir='ltr'>remotiori.</span> <span class='ocrx_word' id='word_1_183' title='bbox 971 2768 1227 2819; x_wconf 69' lang='lat' dir='ltr'>Praeterea</span> <span class='ocrx_word' id='word_1_184' title='bbox 1266 2765 1323 2817; x_wconf 92' lang='lat' dir='ltr'>in</span> <span class='ocrx_word' id='word_1_185' title='bbox 1374 2765 1697 2838; x_wconf 87' lang='lat' dir='ltr'>Diplocionis</span> <span class='ocrx_word' id='word_1_186' title='bbox 1741 2762 1954 2835; x_wconf 87' lang='lat' dir='ltr'>planitie</span> <span class='ocrx_word' id='word_1_187' title='bbox 2002 2764 2175 2838; x_wconf 88' lang='lat' dir='ltr'>potius</span> 
     </span>
     <span class='ocr_line' id='line_1_27' title="bbox 625 2851 2173 2926; baseline -0.001 -19"><span class='ocrx_word' id='word_1_188' title='bbox 625 2872 787 2926; x_wconf 89' lang='lat' dir='ltr'>quam</span> <span class='ocrx_word' id='word_1_189' title='bbox 815 2855 870 2906; x_wconf 91' lang='lat' dir='ltr'>in</span> <span class='ocrx_word' id='word_1_190' title='bbox 894 2851 1021 2907; x_wconf 84' lang='lat' dir='ltr'>valle</span> <span class='ocrx_word' id='word_1_191' title='bbox 1047 2853 1377 2907; x_wconf 87' lang='lat' dir='ltr'>Demetriana</span> <span class='ocrx_word' id='word_1_192' title='bbox 1402 2851 1561 2907; x_wconf 82' lang='lat' dir='ltr'>fuisse</span> <span class='ocrx_word' id='word_1_193' title='bbox 1580 2851 1893 2906; x_wconf 84' lang='lat' dir='ltr'>suburbium</span> <span class='ocrx_word' id='word_1_194' title='bbox 1916 2852 2173 2925; x_wconf 84' lang='lat' dir='ltr'>Daphnen</span> 
     </span>
     <span class='ocr_line' id='line_1_28' title="bbox 622 2938 2173 3011; baseline -0.002 -17"><span class='ocrx_word' id='word_1_195' title='bbox 622 2938 847 3011; x_wconf 83' lang='lat' dir='ltr'>conjicio</span> <span class='ocrx_word' id='word_1_196' title='bbox 885 2955 951 2992; x_wconf 82' lang='lat' dir='ltr'>ex</span> <span class='ocrx_word' id='word_1_197' title='bbox 984 2938 1201 2993; x_wconf 86' lang='lat' dir='ltr'>historia</span> <span class='ocrx_word' id='word_1_198' title='bbox 1244 2939 1455 3009; x_wconf 76' lang='lat' dir='ltr'>Euagrii</span> <span class='ocrx_word' id='word_1_199' title='bbox 1493 2940 1753 2993; x_wconf 87' lang='lat' dir='ltr'>narrantis</span> <span class='ocrx_word' id='word_1_200' title='bbox 1794 2939 2173 2993; x_wconf 86' lang='lat' dir='ltr'>Mammianum</span> 
     </span>
     <span class='ocr_line' id='line_1_29' title="bbox 622 3026 2179 3099; baseline 0 -19"><span class='ocrx_word' id='word_1_201' title='bbox 622 3027 880 3097; x_wconf 83' lang='lat' dir='ltr'>insignem</span> <span class='ocrx_word' id='word_1_202' title='bbox 905 3036 1201 3080; x_wconf 77' lang='lat' dir='ltr'>senatorem</span> <span class='ocrx_word' id='word_1_203' title='bbox 1218 3026 1274 3078; x_wconf 89' lang='lat' dir='ltr'>in</span> <span class='ocrx_word' id='word_1_204' title='bbox 1300 3026 1524 3099; x_wconf 88' lang='lat' dir='ltr'>Daphne</span> <span class='ocrx_word' id='word_1_205' title='bbox 1540 3026 1800 3081; x_wconf 90' lang='lat' dir='ltr'>suburbio</span> <span class='ocrx_word' id='word_1_206' title='bbox 1826 3028 2179 3083; x_wconf 83' lang='lat' dir='ltr'>construxisse</span> 
     </span>
     <span class='ocr_line' id='line_1_30' title="bbox 623 3112 2179 3186; baseline -0.001 -17"><span class='ocrx_word' id='word_1_207' title='bbox 623 3112 955 3186; x_wconf 69' lang='lat' dir='ltr'>Antipharon</span> <span class='ocrx_word' id='word_1_208' title='bbox 981 3131 1012 3167; x_wconf 92' lang='lat' dir='ltr'>e</span> <span class='ocrx_word' id='word_1_209' title='bbox 1058 3112 1271 3185; x_wconf 78' lang='lat' dir='ltr'>regione</span> <span class='ocrx_word' id='word_1_210' title='bbox 1299 3112 1694 3186; x_wconf 74' lang='lat' dir='ltr'>balnei‚publici</span> <span class='ocrx_word' id='word_1_211' title='bbox 1709 3153 1726 3179; x_wconf 86' lang='lat'><strong>,</strong></span> <span class='ocrx_word' id='word_1_212' title='bbox 1756 3115 1811 3167; x_wconf 91' lang='lat' dir='ltr'>in</span> <span class='ocrx_word' id='word_1_213' title='bbox 1845 3131 1955 3186; x_wconf 92' lang='lat' dir='ltr'>quo</span> <span class='ocrx_word' id='word_1_214' title='bbox 1989 3124 2179 3167; x_wconf 85' lang='lat' dir='ltr'>statuta</span> 
     </span>
     <span class='ocr_line' id='line_1_31' title="bbox 622 3199 2177 3273; baseline -0.001 -19"><span class='ocrx_word' id='word_1_215' title='bbox 622 3210 759 3254; x_wconf 71' lang='lat' dir='ltr'>esset</span> <span class='ocrx_word' id='word_1_216' title='bbox 782 3200 1053 3255; x_wconf 84' lang='lat' dir='ltr'>Ammiani</span> <span class='ocrx_word' id='word_1_217' title='bbox 1098 3216 1243 3254; x_wconf 79' lang='lat' dir='ltr'>aenea</span> <span class='ocrx_word' id='word_1_218' title='bbox 1264 3209 1453 3254; x_wconf 84' lang='lat' dir='ltr'>statua.</span> <span class='ocrx_word' id='word_1_219' title='bbox 1499 3199 1833 3273; x_wconf 86' lang='lat' dir='ltr'>Antipharon</span> <span class='ocrx_word' id='word_1_220' title='bbox 1872 3200 2177 3273; x_wconf 82' lang='lat' dir='ltr'>appellatam</span> 
     </span>
     <span class='ocr_line' id='line_1_32' title="bbox 624 3282 2178 3358; baseline 0 -19"><span class='ocrx_word' id='word_1_221' title='bbox 624 3283 857 3339; x_wconf 81' lang='lat' dir='ltr'>arbitror</span> <span class='ocrx_word' id='word_1_222' title='bbox 880 3303 945 3339; x_wconf 84' lang='lat' dir='ltr'>ex</span> <span class='ocrx_word' id='word_1_223' title='bbox 972 3302 1038 3339; x_wconf 90' lang='lat' dir='ltr'>eo</span> <span class='ocrx_word' id='word_1_224' title='bbox 1065 3282 1211 3357; x_wconf 90' lang='lat' dir='ltr'>quod</span> <span class='ocrx_word' id='word_1_225' title='bbox 1233 3284 1331 3339; x_wconf 87' lang='lat' dir='ltr'>sita</span> <span class='ocrx_word' id='word_1_226' title='bbox 1356 3294 1489 3338; x_wconf 88' lang='lat' dir='ltr'>esset</span> <span class='ocrx_word' id='word_1_227' title='bbox 1527 3295 1710 3339; x_wconf 88' lang='lat' dir='ltr'>contra</span> <span class='ocrx_word' id='word_1_228' title='bbox 1734 3285 1962 3340; x_wconf 86' lang='lat' dir='ltr'>Pharum</span> <span class='ocrx_word' id='word_1_229' title='bbox 1977 3325 1994 3351; x_wconf 89' lang='lat'><strong>,</strong></span> <span class='ocrx_word' id='word_1_230' title='bbox 2022 3304 2178 3358; x_wconf 86' lang='lat' dir='ltr'>quam</span> 
     </span>
     <span class='ocr_line' id='line_1_33' title="bbox 624 3367 2183 3443; baseline 0 -18"><span class='ocrx_word' id='word_1_231' title='bbox 624 3370 958 3425; x_wconf 79' lang='lat' dir='ltr'>Marcellinus</span> <span class='ocrx_word' id='word_1_232' title='bbox 981 3368 1113 3423; x_wconf 90' lang='lat' dir='ltr'>dicit</span> <span class='ocrx_word' id='word_1_233' title='bbox 1132 3367 1289 3423; x_wconf 77' lang='lat' dir='ltr'>fuisse</span> <span class='ocrx_word' id='word_1_234' title='bbox 1302 3371 1535 3441; x_wconf 78' lang='lat' dir='ltr'>Byzantii</span> <span class='ocrx_word' id='word_1_235' title='bbox 1553 3372 1611 3424; x_wconf 89' lang='lat' dir='ltr'>in</span> <span class='ocrx_word' id='word_1_236' title='bbox 1633 3372 1995 3443; x_wconf 88' lang='lat' dir='ltr'>promontorio</span> <span class='ocrx_word' id='word_1_237' title='bbox 2020 3371 2183 3443; x_wconf 83' lang='lat' dir='ltr'>Chry-</span> 
     </span>
     <span class='ocr_line' id='line_1_34' title="bbox 630 3454 2185 3531; baseline 0.001 -20"><span class='ocrx_word' id='word_1_238' title='bbox 630 3474 812 3511; x_wconf 86' lang='lat' dir='ltr'>socera</span> <span class='ocrx_word' id='word_1_239' title='bbox 848 3466 1154 3529; x_wconf 82' lang='lat' dir='ltr'>nuncupato</span> <span class='ocrx_word' id='word_1_240' title='bbox 1172 3494 1187 3521; x_wconf 88' lang='lat'><strong>,</strong></span> <span class='ocrx_word' id='word_1_241' title='bbox 1230 3454 1375 3528; x_wconf 89' lang='lat' dir='ltr'>quod</span> <span class='ocrx_word' id='word_1_242' title='bbox 1414 3457 1699 3531; x_wconf 74' lang='lat' dir='ltr'>Dionysius</span> <span class='ocrx_word' id='word_1_243' title='bbox 1734 3456 1955 3529; x_wconf 90' lang='lat' dir='ltr'>appellat</span> <span class='ocrx_word' id='word_1_244' title='bbox 1988 3460 2185 3529; x_wconf 85' lang='lat' dir='ltr'>Bospo-</span> 
     </span>
     <span class='ocr_line' id='line_1_35' title="bbox 632 3542 2180 3610; baseline -0.002 -10"><span class='ocrx_word' id='word_1_245' title='bbox 632 3546 798 3600; x_wconf 88' lang='lat' dir='ltr'>rium.</span> <span class='ocrx_word' id='word_1_246' title='bbox 834 3543 928 3598; x_wconf 80' lang='lat' dir='ltr'>Illa</span> <span class='ocrx_word' id='word_1_247' title='bbox 958 3544 1005 3597; x_wconf 90' lang='lat' dir='ltr'>si</span> <span class='ocrx_word' id='word_1_248' title='bbox 1040 3542 1226 3598; x_wconf 84' lang='lat' dir='ltr'>suisset</span> <span class='ocrx_word' id='word_1_249' title='bbox 1258 3544 1539 3598; x_wconf 84' lang='lat' dir='ltr'>constituta</span> <span class='ocrx_word' id='word_1_250' title='bbox 1562 3545 1620 3599; x_wconf 90' lang='lat' dir='ltr'>in</span> <span class='ocrx_word' id='word_1_251' title='bbox 1646 3543 1775 3599; x_wconf 75' lang='lat' dir='ltr'>valle</span> <span class='ocrx_word' id='word_1_252' title='bbox 1820 3545 2180 3610; x_wconf 85' lang='lat' dir='ltr'>Demetriana‚</span> 
     </span>
     <span class='ocr_line' id='line_1_36' title="bbox 634 3629 2179 3707; baseline -0.002 -18"><span class='ocrx_word' id='word_1_253' title='bbox 634 3651 747 3689; x_wconf 91' lang='lat' dir='ltr'>non</span> <span class='ocrx_word' id='word_1_254' title='bbox 772 3630 895 3687; x_wconf 87' lang='lat' dir='ltr'>urbi</span> <span class='ocrx_word' id='word_1_255' title='bbox 918 3630 1135 3688; x_wconf 78' lang='lat' dir='ltr'>adversa</span> <span class='ocrx_word' id='word_1_256' title='bbox 1155 3629 1354 3697; x_wconf 81' lang='lat' dir='ltr'>fuisset,</span> <span class='ocrx_word' id='word_1_257' title='bbox 1382 3630 1475 3687; x_wconf 83' lang='lat' dir='ltr'>sed</span> <span class='ocrx_word' id='word_1_258' title='bbox 1500 3649 1715 3707; x_wconf 84' lang='lat' dir='ltr'>prorsus</span> <span class='ocrx_word' id='word_1_259' title='bbox 1737 3631 1805 3687; x_wconf 86' lang='lat' dir='ltr'>ab</span> <span class='ocrx_word' id='word_1_260' title='bbox 1828 3631 1962 3687; x_wconf 88' lang='lat' dir='ltr'>urbe</span> <span class='ocrx_word' id='word_1_261' title='bbox 1983 3649 2179 3699; x_wconf 79' lang='lat' dir='ltr'>aversa,</span> 
     </span>
     <span class='ocr_line' id='line_1_37' title="bbox 635 3716 2188 3791; baseline 0 -17"><span class='ocrx_word' id='word_1_262' title='bbox 635 3720 791 3789; x_wconf 77' lang='lat' dir='ltr'>longe</span> <span class='ocrx_word' id='word_1_263' title='bbox 812 3719 982 3791; x_wconf 88' lang='lat' dir='ltr'>posita</span> <span class='ocrx_word' id='word_1_264' title='bbox 999 3728 1145 3773; x_wconf 79' lang='lat' dir='ltr'>extra</span> <span class='ocrx_word' id='word_1_265' title='bbox 1170 3728 1507 3791; x_wconf 87' lang='lat' dir='ltr'>conspectum</span> <span class='ocrx_word' id='word_1_266' title='bbox 1526 3718 1674 3773; x_wconf 90' lang='lat' dir='ltr'>urbis</span> <span class='ocrx_word' id='word_1_267' title='bbox 1693 3716 2004 3791; x_wconf 88' lang='lat' dir='ltr'>impeditum</span> <span class='ocrx_word' id='word_1_268' title='bbox 2027 3720 2188 3774; x_wconf 85' lang='lat' dir='ltr'>inter-</span> 
     </span>
     <span class='ocr_line' id='line_1_38' title="bbox 636 3802 2185 3878; baseline -0.001 -16"><span class='ocrx_word' id='word_1_269' title='bbox 636 3806 815 3862; x_wconf 89' lang='lat' dir='ltr'>medio</span> <span class='ocrx_word' id='word_1_270' title='bbox 837 3805 967 3860; x_wconf 89' lang='lat' dir='ltr'>colle</span> <span class='ocrx_word' id='word_1_271' title='bbox 992 3804 1193 3859; x_wconf 84' lang='lat' dir='ltr'>excelso</span> <span class='ocrx_word' id='word_1_272' title='bbox 1215 3802 1388 3860; x_wconf 87' lang='lat' dir='ltr'>Clidio</span> <span class='ocrx_word' id='word_1_273' title='bbox 1411 3804 1686 3878; x_wconf 84' lang='lat' dir='ltr'>appellato.</span> <span class='ocrx_word' id='word_1_274' title='bbox 1712 3805 1993 3877; x_wconf 76' lang='lat' dir='ltr'>Agathium</span> <span class='ocrx_word' id='word_1_275' title='bbox 2021 3805 2185 3861; x_wconf 89' lang='lat' dir='ltr'>histo-</span> 
     </span>
     <span class='ocr_line' id='line_1_39' title="bbox 636 3890 2186 3965; baseline 0.001 -19"><span class='ocrx_word' id='word_1_276' title='bbox 636 3893 809 3948; x_wconf 87' lang='lat' dir='ltr'>ricum</span> <span class='ocrx_word' id='word_1_277' title='bbox 834 3890 1195 3945; x_wconf 84' lang='lat' dir='ltr'>suburbanum</span> <span class='ocrx_word' id='word_1_278' title='bbox 1214 3890 1457 3945; x_wconf 87' lang='lat' dir='ltr'>habuisse</span> <span class='ocrx_word' id='word_1_279' title='bbox 1476 3892 1531 3945; x_wconf 87' lang='lat' dir='ltr'>in</span> <span class='ocrx_word' id='word_1_280' title='bbox 1554 3892 1672 3945; x_wconf 78' lang='lat' dir='ltr'>vico</span> <span class='ocrx_word' id='word_1_281' title='bbox 1694 3892 1914 3965; x_wconf 87' lang='lat' dir='ltr'>Daphne</span> <span class='ocrx_word' id='word_1_282' title='bbox 1929 3892 2186 3965; x_wconf 78' lang='lat' dir='ltr'>conjicere</span> 
     </span>
     <span class='ocr_line' id='line_1_40' title="bbox 638 3975 2187 4052; baseline 0.003 -21"><span class='ocrx_word' id='word_1_283' title='bbox 638 3995 919 4052; x_wconf 83' lang='lat' dir='ltr'>possumus</span> <span class='ocrx_word' id='word_1_284' title='bbox 944 3996 1007 4031; x_wconf 82' lang='lat' dir='ltr'>ex</span> <span class='ocrx_word' id='word_1_285' title='bbox 1045 3975 1157 4049; x_wconf 88' lang='lat' dir='ltr'>ejus</span> <span class='ocrx_word' id='word_1_286' title='bbox 1193 3978 1579 4049; x_wconf 75' lang='lat' dir='ltr'>Epigrammate</span> <span class='ocrx_word' id='word_1_287' title='bbox 1612 3978 1863 4049; x_wconf 88' lang='lat' dir='ltr'>inscripto</span> <span class='ocrx_word' id='word_1_288' title='bbox 1896 3979 1950 4032; x_wconf 91' lang='lat' dir='ltr'>in</span> <span class='ocrx_word' id='word_1_289' title='bbox 1976 3979 2187 4035; x_wconf 87' lang='lat' dir='ltr'>hortum</span> 
     </span>
     <span class='ocr_line' id='line_1_41' title="bbox 642 4064 1729 4138; baseline -0.003 -16"><span class='ocrx_word' id='word_1_290' title='bbox 642 4068 963 4122; x_wconf 89' lang='lat' dir='ltr'>maritimum</span> <span class='ocrx_word' id='word_1_291' title='bbox 988 4064 1227 4136; x_wconf 88' lang='lat' dir='ltr'>(Anthol.</span> <span class='ocrx_word' id='word_1_292' title='bbox 1255 4082 1334 4136; x_wconf 76' lang='lat' dir='ltr'>gr.</span> <span class='ocrx_word' id='word_1_293' title='bbox 1360 4082 1411 4119; x_wconf 83' lang='lat' dir='ltr'>c.</span> <span class='ocrx_word' id='word_1_294' title='bbox 1430 4067 1528 4132; x_wconf 82' lang='lat' dir='ltr'>IX,</span> <span class='ocrx_word' id='word_1_295' title='bbox 1560 4065 1683 4138; x_wconf 84' lang='lat'>665)</span> <span class='ocrx_word' id='word_1_296' title='bbox 1716 4082 1729 4119; x_wconf 75' lang='grc' dir='ltr'><strong>ι</strong></span> 
     </span>
    </p>
   </div>
   <div class='ocr_carea' id='block_1_3' title="bbox 762 4200 2033 4623">
    <p class='ocr_par' dir='ltr' id='par_1_3' title="bbox 762 4200 1929 4337">
     <span class='ocr_line' id='line_1_42' title="bbox 762 4200 1929 4265; baseline 0.003 -14"><span class='ocrx_word' id='word_1_297' title='bbox 762 4202 899 4259; x_wconf 78' lang='grc' dir='ltr'><strong>Εἶξον</strong></span> <span class='ocrx_word' id='word_1_298' title='bbox 920 4202 1025 4263; x_wconf 76' lang='grc' dir='ltr'><strong>ἐμοὶ</strong></span> <span class='ocrx_word' id='word_1_299' title='bbox 1044 4200 1213 4263; x_wconf 73' lang='grc' dir='ltr'><strong>δάφνης</strong></span> <span class='ocrx_word' id='word_1_300' title='bbox 1226 4202 1345 4265; x_wconf 74' lang='grc' dir='ltr'><strong>ἱερὸν</strong></span> <span class='ocrx_word' id='word_1_301' title='bbox 1366 4203 1554 4263; x_wconf 80' lang='grc' dir='ltr'><strong>ιιλέτας,</strong></span> <span class='ocrx_word' id='word_1_302' title='bbox 1576 4203 1727 4252; x_wconf 76' lang='grc' dir='ltr'><strong>ἔκτοθι</strong></span> <span class='ocrx_word' id='word_1_303' title='bbox 1752 4202 1929 4254; x_wconf 76' lang='grc' dir='ltr'><strong>Πόντου</strong></span> 
     </span>
     <span class='ocr_line' id='line_1_43' title="bbox 825 4270 1831 4337; baseline 0.004 -18"><span class='ocrx_word' id='word_1_304' title='bbox 825 4270 1035 4333; x_wconf 67' lang='grc' dir='ltr'><strong>κείμενον</strong></span> <span class='ocrx_word' id='word_1_305' title='bbox 1048 4306 1063 4331; x_wconf 89' lang='grc'><strong>,</strong></span> <span class='ocrx_word' id='word_1_306' title='bbox 1084 4270 1317 4334; x_wconf 80' lang='grc' dir='ltr'><strong>ἀγραύλου</strong></span> <span class='ocrx_word' id='word_1_307' title='bbox 1344 4272 1511 4331; x_wconf 72' lang='grc' dir='ltr'><strong>κάλλος</strong></span> <span class='ocrx_word' id='word_1_308' title='bbox 1530 4273 1831 4337; x_wconf 71' lang='grc' dir='ltr'><strong>ἐρημοούνης.</strong></span> 
     </span>
    </p>

    <p class='ocr_par' dir='ltr' id='par_1_4' title="bbox 764 4338 1961 4475">
     <span class='ocr_line' id='line_1_44' title="bbox 764 4338 1961 4406; baseline 0.003 -16"><span class='ocrx_word' id='word_1_309' title='bbox 764 4338 953 4390; x_wconf 58' lang='lat' dir='ltr'>&#39;zm</span> <span class='ocrx_word' id='word_1_310' title='bbox 980 4341 1069 4403; x_wconf 85' lang='grc' dir='ltr'>γὰρ</span> <span class='ocrx_word' id='word_1_311' title='bbox 1084 4340 1255 4403; x_wconf 79' lang='grc' dir='ltr'><strong>νύμφαι</strong></span> <span class='ocrx_word' id='word_1_312' title='bbox 1279 4341 1542 4403; x_wconf 75' lang='grc' dir='ltr'><strong>δινδρίτιδες</strong></span> <span class='ocrx_word' id='word_1_313' title='bbox 1555 4377 1570 4402; x_wconf 89' lang='grc'><strong>,</strong></span> <span class='ocrx_word' id='word_1_314' title='bbox 1602 4340 1693 4391; x_wconf 71' lang='grc' dir='ltr'><strong>αἵτ’</strong></span> <span class='ocrx_word' id='word_1_315' title='bbox 1709 4341 1774 4391; x_wconf 76' lang='grc' dir='ltr'><strong>ἐνὶ</strong></span> <span class='ocrx_word' id='word_1_316' title='bbox 1791 4341 1961 4406; x_wconf 79' lang='grc' dir='ltr'><strong>Πόντῳ</strong></span> 
     </span>
     <span class='ocr_line' id='line_1_45' title="bbox 824 4411 1679 4475; baseline 0 -13"><span class='ocrx_word' id='word_1_317' title='bbox 824 4411 1037 4475; x_wconf 68' lang='grc' dir='ltr'><strong>Νηρεΐδες</strong></span> <span class='ocrx_word' id='word_1_318' title='bbox 1059 4412 1191 4471; x_wconf 67' lang='grc' dir='ltr'><strong>ξυνῆν</strong></span> <span class='ocrx_word' id='word_1_319' title='bbox 1214 4412 1341 4463; x_wconf 77' lang='grc' dir='ltr'><strong>θέντο</strong></span> <span class='ocrx_word' id='word_1_320' title='bbox 1366 4414 1649 4472; x_wconf 80' lang='grc' dir='ltr'><strong>συνηλυσίην</strong></span> <span class='ocrx_word' id='word_1_321' title='bbox 1665 4428 1679 4443; x_wconf 89' lang='grc'><em>·</em></span> 
     </span>
    </p>

    <p class='ocr_par' dir='ltr' id='par_1_5' title="bbox 766 4482 2033 4623">
     <span class='ocr_line' id='line_1_46' title="bbox 766 4482 2033 4551; baseline 0.004 -19"><span class='ocrx_word' id='word_1_322' title='bbox 766 4482 875 4547; x_wconf 75' lang='grc' dir='ltr'>ἀμφ’</span> <span class='ocrx_word' id='word_1_323' title='bbox 898 4483 981 4548; x_wconf 70' lang='grc' dir='ltr'>ἐμὲ</span> <span class='ocrx_word' id='word_1_324' title='bbox 1002 4485 1092 4549; x_wconf 82' lang='grc' dir='ltr'>γὰρ</span> <span class='ocrx_word' id='word_1_325' title='bbox 1111 4483 1359 4549; x_wconf 77' lang='grc' dir='ltr'><strong>μάρναντο·</strong></span> <span class='ocrx_word' id='word_1_326' title='bbox 1385 4485 1585 4537; x_wconf 60' lang='lat' dir='ltr'>bimos</span> <span class='ocrx_word' id='word_1_327' title='bbox 1614 4485 1664 4536; x_wconf 72' lang='grc' dir='ltr'>δὲ</span> <span class='ocrx_word' id='word_1_328' title='bbox 1684 4486 2033 4551; x_wconf 77' lang='grc' dir='ltr'><strong>Κυανοχαίτης,</strong></span> 
     </span>
     <span class='ocr_line' id='line_1_47' title="bbox 826 4553 1923 4623; baseline 0.003 -19"><span class='ocrx_word' id='word_1_329' title='bbox 826 4554 907 4604; x_wconf 72' lang='grc' dir='ltr'>καὶ</span> <span class='ocrx_word' id='word_1_330' title='bbox 926 4554 984 4618; x_wconf 68' lang='grc' dir='ltr'>μὲ</span> <span class='ocrx_word' id='word_1_331' title='bbox 1004 4553 1115 4619; x_wconf 80' lang='grc' dir='ltr'><strong>παρ’</strong></span> <span class='ocrx_word' id='word_1_332' title='bbox 1133 4554 1407 4621; x_wconf 71' lang='grc' dir='ltr'><strong>ἀμφοτέραις</strong></span> <span class='ocrx_word' id='word_1_333' title='bbox 1428 4556 1603 4620; x_wconf 77' lang='grc' dir='ltr'><strong>μέσσον</strong></span> <span class='ocrx_word' id='word_1_334' title='bbox 1625 4556 1784 4617; x_wconf 66' lang='grc' dir='ltr'><strong>ἔθηκεν</strong></span> <span class='ocrx_word' id='word_1_335' title='bbox 1802 4556 1923 4623; x_wconf 79' lang='grc' dir='ltr'><strong>ὅρον.</strong></span> 
     </span>
    </p>
   </div>
   <div class='ocr_carea' id='block_1_4' title="bbox 642 4694 2195 5237">
    <p class='ocr_par' dir='ltr' id='par_1_6' title="bbox 642 4694 2195 5237">
     <span class='ocr_line' id='line_1_48' title="bbox 642 4694 2190 4771; baseline 0.003 -21"><span class='ocrx_word' id='word_1_336' title='bbox 642 4694 737 4766; x_wconf 80' lang='lat' dir='ltr'>(si</span> <span class='ocrx_word' id='word_1_337' title='bbox 763 4694 969 4765; x_wconf 76' lang='lat' dir='ltr'>Agathii</span> <span class='ocrx_word' id='word_1_338' title='bbox 991 4706 1231 4768; x_wconf 80' lang='lat' dir='ltr'>poemata</span> <span class='ocrx_word' id='word_1_339' title='bbox 1243 4735 1260 4764; x_wconf 87' lang='lat'>,</span> <span class='ocrx_word' id='word_1_340' title='bbox 1280 4714 1397 4768; x_wconf 77' lang='lat' dir='ltr'>quae</span> <span class='ocrx_word' id='word_1_341' title='bbox 1411 4698 1675 4771; x_wconf 88' lang='lat' dir='ltr'>inscripsit</span> <span class='ocrx_word' id='word_1_342' title='bbox 1690 4698 1979 4770; x_wconf 85' lang='lat' dir='ltr'>Daphnica,</span> <span class='ocrx_word' id='word_1_343' title='bbox 2009 4710 2190 4755; x_wconf 87' lang='lat' dir='ltr'>nactus</span> 
     </span>
     <span class='ocr_line' id='line_1_49' title="bbox 648 4779 2192 4854; baseline 0.004 -19"><span class='ocrx_word' id='word_1_344' title='bbox 648 4780 859 4837; x_wconf 79' lang='lat' dir='ltr'>fuissem</span> <span class='ocrx_word' id='word_1_345' title='bbox 876 4821 891 4847; x_wconf 91' lang='lat'>,</span> <span class='ocrx_word' id='word_1_346' title='bbox 924 4792 1181 4837; x_wconf 79' lang='lat' dir='ltr'>scmtatus</span> <span class='ocrx_word' id='word_1_347' title='bbox 1206 4779 1477 4854; x_wconf 77' lang='lat' dir='ltr'>diligenter</span> <span class='ocrx_word' id='word_1_348' title='bbox 1501 4802 1665 4839; x_wconf 88' lang='lat' dir='ltr'>essem</span> <span class='ocrx_word' id='word_1_349' title='bbox 1682 4824 1698 4850; x_wconf 89' lang='lat'>,</span> <span class='ocrx_word' id='word_1_350' title='bbox 1726 4802 1854 4839; x_wconf 88' lang='lat' dir='ltr'>num</span> <span class='ocrx_word' id='word_1_351' title='bbox 1880 4803 1912 4839; x_wconf 91' lang='lat' dir='ltr'>a</span> <span class='ocrx_word' id='word_1_352' title='bbox 1936 4786 2192 4841; x_wconf 88' lang='lat' dir='ltr'>suburbio</span> 
     </span>
     <span class='ocr_line' id='line_1_50' title="bbox 648 4866 2191 4945; baseline 0.005 -25"><span class='ocrx_word' id='word_1_353' title='bbox 648 4866 871 4939; x_wconf 87' lang='lat' dir='ltr'>Daphne</span> <span class='ocrx_word' id='word_1_354' title='bbox 898 4866 1170 4939; x_wconf 85' lang='lat' dir='ltr'>Daphnica</span> <span class='ocrx_word' id='word_1_355' title='bbox 1187 4886 1280 4922; x_wconf 90' lang='lat' dir='ltr'>sua</span> <span class='ocrx_word' id='word_1_356' title='bbox 1305 4876 1542 4941; x_wconf 80' lang='lat' dir='ltr'>poemata</span> <span class='ocrx_word' id='word_1_357' title='bbox 1566 4870 1955 4945; x_wconf 80' lang='lat' dir='ltr'>appellaverit.)</span> <span class='ocrx_word' id='word_1_358' title='bbox 1982 4876 2065 4927; x_wconf 82' lang='lat' dir='ltr'>Ex</span> <span class='ocrx_word' id='word_1_359' title='bbox 2085 4874 2191 4929; x_wconf 87' lang='lat' dir='ltr'>hoc</span> 
     </span>
     <span class='ocr_line' id='line_1_51' title="bbox 647 4950 2194 5027; baseline 0.005 -20"><span class='ocrx_word' id='word_1_360' title='bbox 647 4950 905 5025; x_wconf 78' lang='lat' dir='ltr'>Apollinis</span> <span class='ocrx_word' id='word_1_361' title='bbox 928 4951 1047 5009; x_wconf 91' lang='lat' dir='ltr'>luco</span> <span class='ocrx_word' id='word_1_362' title='bbox 1068 4953 1328 5027; x_wconf 86' lang='lat' dir='ltr'>tripodem</span> <span class='ocrx_word' id='word_1_363' title='bbox 1353 4954 1498 5011; x_wconf 89' lang='lat' dir='ltr'>illum</span> <span class='ocrx_word' id='word_1_364' title='bbox 1524 4956 1715 5012; x_wconf 73' lang='lat' dir='ltr'>iactum</span> <span class='ocrx_word' id='word_1_365' title='bbox 1742 4956 1898 5013; x_wconf 78' lang='lat' dir='ltr'>fuisse</span> <span class='ocrx_word' id='word_1_366' title='bbox 1919 4960 2194 5015; x_wconf 78' lang='lat' dir='ltr'>verisimile</span> 
     </span>
     <span class='ocr_line' id='line_1_52' title="bbox 648 5036 2195 5119; baseline 0.007 -28"><span class='ocrx_word' id='word_1_367' title='bbox 648 5037 876 5105; x_wconf 83' lang='lat' dir='ltr'>videtur,</span> <span class='ocrx_word' id='word_1_368' title='bbox 898 5036 1049 5111; x_wconf 82' lang='lat' dir='ltr'>cujus</span> <span class='ocrx_word' id='word_1_369' title='bbox 1068 5041 1381 5095; x_wconf 81' lang='lat' dir='ltr'>Sozomsaus</span> <span class='ocrx_word' id='word_1_370' title='bbox 1396 5040 1417 5115; x_wconf 94' lang='lat'>(</span> <span class='ocrx_word' id='word_1_371' title='bbox 1430 5042 1588 5111; x_wconf 81' lang='lat'>6‚25)</span> <span class='ocrx_word' id='word_1_372' title='bbox 1609 5044 1845 5099; x_wconf 88' lang='lat' dir='ltr'>meminit</span> <span class='ocrx_word' id='word_1_373' title='bbox 1864 5056 1905 5101; x_wconf 80' lang='lat'>⁸.</span> <span class='ocrx_word' id='word_1_374' title='bbox 1933 5046 2195 5119; x_wconf 87' lang='lat' dir='ltr'>Tempore</span> 
     </span>
     <span class='ocr_line' id='line_1_53' title="bbox 645 5124 2194 5237; baseline 0.005 -57"><span class='ocrx_word' id='word_1_375' title='bbox 645 5124 881 5181; x_wconf 81' lang='lat' dir='ltr'>Valentis</span> <span class='ocrx_word' id='word_1_376' title='bbox 920 5126 1277 5237; x_wconf 55' lang='lat' dir='ltr'>imperatoris,</span> <span class='ocrx_word' id='word_1_377' title='bbox 1321 5128 1519 5202; x_wconf 89' lang='lat' dir='ltr'>inquit,</span> <span class='ocrx_word' id='word_1_378' title='bbox 1557 5130 1793 5186; x_wconf 84' lang='lat' dir='ltr'>Hellenes</span> <span class='ocrx_word' id='word_1_379' title='bbox 1831 5132 2084 5205; x_wconf 86' lang='lat' dir='ltr'>quosdam</span> <span class='ocrx_word' id='word_1_380' title='bbox 2139 5136 2194 5187; x_wconf 89' lang='lat' dir='ltr'>in</span> 
     </span>
    </p>
   </div>
   <div class='ocr_carea' id='block_1_5' title="bbox 2260 662 3824 1175">
    <p class='ocr_par' dir='ltr' id='par_1_7' title="bbox 2260 662 3824 1175">
     <span class='ocr_line' id='line_1_54' title="bbox 2261 662 3821 745; baseline -0.006 -20"><span class='ocrx_word' id='word_1_381' title='bbox 2261 668 2587 745; x_wconf 88' lang='lat' dir='ltr'>philosophia</span> <span class='ocrx_word' id='word_1_382' title='bbox 2627 677 2928 741; x_wconf 73' lang='lat' dir='ltr'>praestantes</span> <span class='ocrx_word' id='word_1_383' title='bbox 2946 665 3155 721; x_wconf 88' lang='lat' dir='ltr'>habitos</span> <span class='ocrx_word' id='word_1_384' title='bbox 3172 704 3187 730; x_wconf 90' lang='lat'>,</span> <span class='ocrx_word' id='word_1_385' title='bbox 3217 664 3481 735; x_wconf 71' lang='lat' dir='ltr'>religionis</span> <span class='ocrx_word' id='word_1_386' title='bbox 3519 662 3821 717; x_wconf 60' lang='lat' dir='ltr'>christiana</span> 
     </span>
     <span class='ocr_line' id='line_1_55' title="bbox 2264 748 3812 825; baseline -0.006 -14"><span class='ocrx_word' id='word_1_387' title='bbox 2264 760 2583 811; x_wconf 86' lang='lat' dir='ltr'>incrementa</span> <span class='ocrx_word' id='word_1_388' title='bbox 2621 770 2755 825; x_wconf 68' lang='lat' dir='ltr'>:egre</span> <span class='ocrx_word' id='word_1_389' title='bbox 2789 752 3011 806; x_wconf 81' lang='lat' dir='ltr'>serentes</span> <span class='ocrx_word' id='word_1_390' title='bbox 3028 792 3044 816; x_wconf 86' lang='lat'><em>,</em></span> <span class='ocrx_word' id='word_1_391' title='bbox 3087 750 3220 804; x_wconf 88' lang='lat' dir='ltr'>scire</span> <span class='ocrx_word' id='word_1_392' title='bbox 3259 748 3526 803; x_wconf 73' lang='lat' dir='ltr'>studentes</span> <span class='ocrx_word' id='word_1_393' title='bbox 3563 749 3680 819; x_wconf 88' lang='lat' dir='ltr'>quis</span> <span class='ocrx_word' id='word_1_394' title='bbox 3705 750 3812 802; x_wconf 79' lang='lat' dir='ltr'>Va-</span> 
     </span>
     <span class='ocr_line' id='line_1_56' title="bbox 2260 835 3820 906; baseline -0.007 -7"><span class='ocrx_word' id='word_1_395' title='bbox 2260 844 2386 899; x_wconf 88' lang='lat' dir='ltr'>lenti</span> <span class='ocrx_word' id='word_1_396' title='bbox 2410 858 2742 897; x_wconf 84' lang='lat' dir='ltr'>successurus</span> <span class='ocrx_word' id='word_1_397' title='bbox 2773 850 2932 906; x_wconf 85' lang='lat' dir='ltr'>esset,</span> <span class='ocrx_word' id='word_1_398' title='bbox 2958 837 3206 893; x_wconf 87' lang='lat' dir='ltr'>omnibus</span> <span class='ocrx_word' id='word_1_399' title='bbox 3239 835 3698 891; x_wconf 77' lang='lat' dir='ltr'>vaticinationibus</span> <span class='ocrx_word' id='word_1_400' title='bbox 3728 853 3820 889; x_wconf 87' lang='lat' dir='ltr'>ex-</span> 
     </span>
     <span class='ocr_line' id='line_1_57' title="bbox 2261 920 3824 1003; baseline -0.006 -19"><span class='ocrx_word' id='word_1_401' title='bbox 2261 930 2561 1003; x_wconf 73' lang='lat' dir='ltr'>quisivisse3</span> <span class='ocrx_word' id='word_1_402' title='bbox 2590 925 2818 998; x_wconf 88' lang='lat' dir='ltr'>denique</span> <span class='ocrx_word' id='word_1_403' title='bbox 2842 924 3102 998; x_wconf 84' lang='lat' dir='ltr'>tripodem</span> <span class='ocrx_word' id='word_1_404' title='bbox 3134 923 3366 994; x_wconf 73' lang='lat' dir='ltr'>ligneum</span> <span class='ocrx_word' id='word_1_405' title='bbox 3401 940 3468 976; x_wconf 80' lang='lat' dir='ltr'>ex</span> <span class='ocrx_word' id='word_1_406' title='bbox 3505 920 3655 977; x_wconf 88' lang='lat' dir='ltr'>lauro</span> <span class='ocrx_word' id='word_1_407' title='bbox 3690 939 3824 975; x_wconf 86' lang='lat' dir='ltr'>con·</span> 
     </span>
     <span class='ocr_line' id='line_1_58' title="bbox 2260 1007 3820 1082; baseline -0.006 -12"><span class='ocrx_word' id='word_1_408' title='bbox 2260 1014 2469 1082; x_wconf 80' lang='lat' dir='ltr'>iecisse,</span> <span class='ocrx_word' id='word_1_409' title='bbox 2505 1025 2560 1069; x_wconf 90' lang='lat' dir='ltr'>et</span> <span class='ocrx_word' id='word_1_410' title='bbox 2593 1012 2893 1067; x_wconf 82' lang='lat' dir='ltr'>nominibus</span> <span class='ocrx_word' id='word_1_411' title='bbox 2913 1022 2967 1066; x_wconf 90' lang='lat' dir='ltr'>et</span> <span class='ocrx_word' id='word_1_412' title='bbox 2999 1009 3201 1075; x_wconf 82' lang='lat' dir='ltr'>verbis,</span> <span class='ocrx_word' id='word_1_413' title='bbox 3241 1007 3437 1081; x_wconf 86' lang='lat' dir='ltr'>quibus</span> <span class='ocrx_word' id='word_1_414' title='bbox 3461 1007 3604 1063; x_wconf 86' lang='lat' dir='ltr'>soliti</span> <span class='ocrx_word' id='word_1_415' title='bbox 3640 1017 3820 1075; x_wconf 86' lang='lat' dir='ltr'>erant,</span> 
     </span>
     <span class='ocr_line' id='line_1_59' title="bbox 2262 1092 3822 1175; baseline -0.004 -19"><span class='ocrx_word' id='word_1_416' title='bbox 2262 1102 2515 1175; x_wconf 78' lang='lat' dir='ltr'>peregisse</span> <span class='ocrx_word' id='word_1_417' title='bbox 2528 1140 2544 1167; x_wconf 85' lang='lat'><strong>,</strong></span> <span class='ocrx_word' id='word_1_418' title='bbox 2595 1110 2657 1155; x_wconf 88' lang='lat' dir='ltr'>ut</span> <span class='ocrx_word' id='word_1_419' title='bbox 2697 1098 3161 1171; x_wconf 87' lang='lat' dir='ltr'>comprehensione</span> <span class='ocrx_word' id='word_1_420' title='bbox 3206 1095 3480 1150; x_wconf 85' lang='lat' dir='ltr'>literarum</span> <span class='ocrx_word' id='word_1_421' title='bbox 3527 1092 3822 1149; x_wconf 85' lang='lat' dir='ltr'>secundum</span> 
     </span>
    </p>
   </div>
   <div class='ocr_carea' id='block_1_6' title="bbox 2238 1182 3822 1261">
    <p class='ocr_par' dir='ltr' id='par_1_8' title="bbox 2238 1182 3822 1261">
     <span class='ocr_line' id='line_1_60' title="bbox 2238 1182 3822 1261; baseline -0.006 -15"><span class='ocrx_word' id='word_1_422' title='bbox 2238 1252 2240 1255; x_wconf 10' lang='grc' dir='ltr'><em>Α</em></span> <span class='ocrx_word' id='word_1_423' title='bbox 2270 1186 2687 1261; x_wconf 87' lang='lat' dir='ltr'>unumquodque</span> <span class='ocrx_word' id='word_1_424' title='bbox 2709 1187 3023 1241; x_wconf 88' lang='lat' dir='ltr'>elementum</span> <span class='ocrx_word' id='word_1_425' title='bbox 3049 1184 3149 1239; x_wconf 89' lang='lat' dir='ltr'>sub</span> <span class='ocrx_word' id='word_1_426' title='bbox 3183 1184 3574 1239; x_wconf 87' lang='lat' dir='ltr'>machinatione</span> <span class='ocrx_word' id='word_1_427' title='bbox 3597 1182 3822 1257; x_wconf 86' lang='lat' dir='ltr'>tripodis</span> 
     </span>
    </p>
   </div>
   <div class='ocr_carea' id='block_1_7' title="bbox 2263 1267 3831 2369">
    <p class='ocr_par' dir='ltr' id='par_1_9' title="bbox 2263 1267 3831 2369">
     <span class='ocr_line' id='line_1_61' title="bbox 2263 1267 3824 1343; baseline -0.004 -13"><span class='ocrx_word' id='word_1_428' title='bbox 2263 1287 2318 1330; x_wconf 87' lang='lat' dir='ltr'>et</span> <span class='ocrx_word' id='word_1_429' title='bbox 2349 1273 2725 1330; x_wconf 78' lang='lat' dir='ltr'>vaticinationis</span> <span class='ocrx_word' id='word_1_430' title='bbox 2753 1271 3155 1343; x_wconf 79' lang='lat' dir='ltr'>significantium</span> <span class='ocrx_word' id='word_1_431' title='bbox 3183 1267 3606 1327; x_wconf 85' lang='lat' dir='ltr'>demonstrarent</span> <span class='ocrx_word' id='word_1_432' title='bbox 3627 1287 3824 1324; x_wconf 87' lang='lat' dir='ltr'>nomen</span> 
     </span>
     <span class='ocr_line' id='line_1_62' title="bbox 2264 1354 3824 1433; baseline -0.004 -16"><span class='ocrx_word' id='word_1_433' title='bbox 2264 1364 2418 1433; x_wconf 81' lang='lat' dir='ltr'>regis.</span> <span class='ocrx_word' id='word_1_434' title='bbox 2445 1363 2579 1415; x_wconf 89' lang='lat' dir='ltr'>Cum</span> <span class='ocrx_word' id='word_1_435' title='bbox 2606 1369 2780 1415; x_wconf 90' lang='lat' dir='ltr'>autem</span> <span class='ocrx_word' id='word_1_436' title='bbox 2807 1359 2906 1430; x_wconf 83' lang='lat' dir='ltr'>ipsi</span> <span class='ocrx_word' id='word_1_437' title='bbox 2940 1356 3204 1412; x_wconf 85' lang='lat' dir='ltr'>inhiarent</span> <span class='ocrx_word' id='word_1_438' title='bbox 3225 1354 3512 1413; x_wconf 89' lang='lat' dir='ltr'>Theodoro</span> <span class='ocrx_word' id='word_1_439' title='bbox 3547 1354 3824 1411; x_wconf 70' lang='lat' dir='ltr'>Hellenicoe</span> 
     </span>
     <span class='ocr_line' id='line_1_63' title="bbox 2268 1441 3823 1518; baseline -0.004 -17"><span class='ocrx_word' id='word_1_440' title='bbox 2268 1447 2533 1518; x_wconf 75' lang='lat' dir='ltr'>religionis</span> <span class='ocrx_word' id='word_1_441' title='bbox 2573 1462 2687 1499; x_wconf 78' lang='lat' dir='ltr'>viro</span> <span class='ocrx_word' id='word_1_442' title='bbox 2711 1446 2767 1498; x_wconf 92' lang='lat' dir='ltr'>in</span> <span class='ocrx_word' id='word_1_443' title='bbox 2803 1443 2920 1499; x_wconf 80' lang='lat' dir='ltr'>aula</span> <span class='ocrx_word' id='word_1_444' title='bbox 2955 1444 3098 1514; x_wconf 78' lang='lat' dir='ltr'>regia</span> <span class='ocrx_word' id='word_1_445' title='bbox 3122 1442 3403 1515; x_wconf 68' lang='lat' dir='ltr'>praeclaro,</span> <span class='ocrx_word' id='word_1_446' title='bbox 3445 1442 3578 1497; x_wconf 89' lang='lat' dir='ltr'>inre</span> <span class='ocrx_word' id='word_1_447' title='bbox 3612 1441 3823 1496; x_wconf 86' lang='lat' dir='ltr'>militari</span> 
     </span>
     <span class='ocr_line' id='line_1_64' title="bbox 2266 1527 3826 1601; baseline -0.004 -14"><span class='ocrx_word' id='word_1_448' title='bbox 2266 1533 2460 1587; x_wconf 84' lang='lat' dir='ltr'>eximio</span> <span class='ocrx_word' id='word_1_449' title='bbox 2477 1571 2493 1598; x_wconf 85' lang='lat'><strong>,</strong></span> <span class='ocrx_word' id='word_1_450' title='bbox 2511 1530 2774 1585; x_wconf 88' lang='lat' dir='ltr'>Theodori</span> <span class='ocrx_word' id='word_1_451' title='bbox 2798 1529 3024 1584; x_wconf 91' lang='lat' dir='ltr'>nominis</span> <span class='ocrx_word' id='word_1_452' title='bbox 3048 1527 3314 1582; x_wconf 84' lang='lat' dir='ltr'>literarum</span> <span class='ocrx_word' id='word_1_453' title='bbox 3339 1527 3652 1601; x_wconf 88' lang='lat' dir='ltr'>compositio</span> <span class='ocrx_word' id='word_1_454' title='bbox 3678 1545 3826 1582; x_wconf 89' lang='lat' dir='ltr'>acce-</span> 
     </span>
     <span class='ocr_line' id='line_1_65' title="bbox 2272 1614 3822 1691; baseline -0.003 -17"><span class='ocrx_word' id='word_1_455' title='bbox 2272 1619 2402 1674; x_wconf 89' lang='lat' dir='ltr'>dens</span> <span class='ocrx_word' id='word_1_456' title='bbox 2422 1636 2585 1691; x_wconf 86' lang='lat' dir='ltr'>usque</span> <span class='ocrx_word' id='word_1_457' title='bbox 2600 1615 2667 1672; x_wconf 83' lang='lat' dir='ltr'>ad</span> <span class='ocrx_word' id='word_1_458' title='bbox 2684 1615 2820 1671; x_wconf 85' lang='lat' dir='ltr'>delta</span> <span class='ocrx_word' id='word_1_459' title='bbox 2844 1616 3048 1689; x_wconf 89' lang='lat' dir='ltr'>decepit</span> <span class='ocrx_word' id='word_1_460' title='bbox 3065 1614 3420 1688; x_wconf 88' lang='lat' dir='ltr'>philosophos,</span> <span class='ocrx_word' id='word_1_461' title='bbox 3440 1626 3500 1670; x_wconf 92' lang='lat' dir='ltr'>ut</span> <span class='ocrx_word' id='word_1_462' title='bbox 3517 1632 3679 1687; x_wconf 89' lang='lat' dir='ltr'>quam</span> <span class='ocrx_word' id='word_1_463' title='bbox 3701 1632 3822 1669; x_wconf 84' lang='lat' dir='ltr'>mox</span> 
     </span>
     <span class='ocr_line' id='line_1_66' title="bbox 2264 1702 3827 1777; baseline -0.003 -15"><span class='ocrx_word' id='word_1_464' title='bbox 2264 1705 2604 1761; x_wconf 86' lang='lat' dir='ltr'>Theodorum</span> <span class='ocrx_word' id='word_1_465' title='bbox 2635 1716 2975 1777; x_wconf 75' lang='lat' dir='ltr'>regnaturum</span> <span class='ocrx_word' id='word_1_466' title='bbox 3005 1714 3292 1777; x_wconf 87' lang='lat' dir='ltr'>sperarent.</span> <span class='ocrx_word' id='word_1_467' title='bbox 3330 1706 3542 1759; x_wconf 87' lang='lat' dir='ltr'>Etenim</span> <span class='ocrx_word' id='word_1_468' title='bbox 3575 1704 3679 1758; x_wconf 90' lang='lat' dir='ltr'>hoc</span> <span class='ocrx_word' id='word_1_469' title='bbox 3704 1702 3827 1758; x_wconf 84' lang='lat' dir='ltr'>faci-</span> 
     </span>
     <span class='ocr_line' id='line_1_67' title="bbox 2268 1790 3830 1867; baseline -0.001 -18"><span class='ocrx_word' id='word_1_470' title='bbox 2268 1812 2401 1849; x_wconf 82' lang='lat' dir='ltr'>nore</span> <span class='ocrx_word' id='word_1_471' title='bbox 2425 1793 2708 1867; x_wconf 71' lang='lat' dir='ltr'>patefacto,</span> <span class='ocrx_word' id='word_1_472' title='bbox 2744 1792 2878 1847; x_wconf 84' lang='lat' dir='ltr'>adeo</span> <span class='ocrx_word' id='word_1_473' title='bbox 2912 1791 3107 1847; x_wconf 88' lang='lat' dir='ltr'>Valens</span> <span class='ocrx_word' id='word_1_474' title='bbox 3139 1791 3478 1847; x_wconf 83' lang='lat' dir='ltr'>exacerbatus</span> <span class='ocrx_word' id='word_1_475' title='bbox 3508 1803 3613 1856; x_wconf 87' lang='lat' dir='ltr'>est,</span> <span class='ocrx_word' id='word_1_476' title='bbox 3653 1802 3708 1847; x_wconf 89' lang='lat' dir='ltr'>et</span> <span class='ocrx_word' id='word_1_477' title='bbox 3719 1790 3830 1864; x_wconf 88' lang='lat' dir='ltr'>jus-</span> 
     </span>
     <span class='ocr_line' id='line_1_68' title="bbox 2270 1875 3823 1953; baseline -0.001 -18"><span class='ocrx_word' id='word_1_478' title='bbox 2270 1880 2398 1935; x_wconf 76' lang='lat' dir='ltr'>serit</span> <span class='ocrx_word' id='word_1_479' title='bbox 2436 1877 2810 1953; x_wconf 83' lang='lat' dir='ltr'>comprehendi</span> <span class='ocrx_word' id='word_1_480' title='bbox 2851 1875 3196 1933; x_wconf 87' lang='lat' dir='ltr'>Theodorum</span> <span class='ocrx_word' id='word_1_481' title='bbox 3223 1888 3274 1931; x_wconf 86' lang='lat' dir='ltr'>et</span> <span class='ocrx_word' id='word_1_482' title='bbox 3307 1876 3530 1950; x_wconf 89' lang='lat' dir='ltr'>tripodis</span> <span class='ocrx_word' id='word_1_483' title='bbox 3568 1878 3790 1933; x_wconf 83' lang='lat' dir='ltr'>artifices</span> <span class='ocrx_word' id='word_1_484' title='bbox 3805 1918 3823 1945; x_wconf 88' lang='lat'><strong>,</strong></span> 
     </span>
     <span class='ocr_line' id='line_1_69' title="bbox 2268 1963 3825 2041; baseline -0.002 -19"><span class='ocrx_word' id='word_1_485' title='bbox 2268 1968 2644 2041; x_wconf 86' lang='lat' dir='ltr'>imperaritque</span> <span class='ocrx_word' id='word_1_486' title='bbox 2681 1966 2829 2021; x_wconf 90' lang='lat' dir='ltr'>illum</span> <span class='ocrx_word' id='word_1_487' title='bbox 2854 1965 3070 2039; x_wconf 87' lang='lat' dir='ltr'>quidem</span> <span class='ocrx_word' id='word_1_488' title='bbox 3110 1966 3287 2019; x_wconf 79' lang='lat' dir='ltr'>vivum</span> <span class='ocrx_word' id='word_1_489' title='bbox 3323 1963 3654 2019; x_wconf 81' lang='lat' dir='ltr'>exurendum</span> <span class='ocrx_word' id='word_1_490' title='bbox 3667 2006 3684 2033; x_wconf 86' lang='lat'>,</span> <span class='ocrx_word' id='word_1_491' title='bbox 3711 1966 3825 2021; x_wconf 89' lang='lat' dir='ltr'>illos</span> 
     </span>
     <span class='ocr_line' id='line_1_70' title="bbox 2267 2050 3827 2123; baseline 0.001 -17"><span class='ocrx_word' id='word_1_492' title='bbox 2267 2071 2395 2108; x_wconf 81' lang='lat' dir='ltr'>vero</span> <span class='ocrx_word' id='word_1_493' title='bbox 2417 2054 2586 2107; x_wconf 83' lang='lat' dir='ltr'>securi</span> <span class='ocrx_word' id='word_1_494' title='bbox 2606 2050 2868 2108; x_wconf 76' lang='lat' dir='ltr'>feriendos</span> <span class='ocrx_word' id='word_1_495' title='bbox 2888 2070 3000 2107; x_wconf 71' lang='lat' dir='ltr'>esse</span> <span class='ocrx_word' id='word_1_496' title='bbox 3016 2092 3033 2117; x_wconf 84' lang='lat'>‚</span> <span class='ocrx_word' id='word_1_497' title='bbox 3060 2050 3297 2123; x_wconf 84' lang='lat' dir='ltr'>adeoque</span> <span class='ocrx_word' id='word_1_498' title='bbox 3318 2050 3515 2107; x_wconf 85' lang='lat' dir='ltr'>Valens</span> <span class='ocrx_word' id='word_1_499' title='bbox 3539 2050 3724 2106; x_wconf 76' lang='lat' dir='ltr'>effreni</span> <span class='ocrx_word' id='word_1_500' title='bbox 3749 2053 3827 2108; x_wconf 89' lang='lat' dir='ltr'>ira</span> 
     </span>
     <span class='ocr_line' id='line_1_71' title="bbox 2268 2138 3822 2212; baseline -0.003 -17"><span class='ocrx_word' id='word_1_501' title='bbox 2268 2141 2490 2206; x_wconf 78' lang='lat' dir='ltr'>exarsit,</span> <span class='ocrx_word' id='word_1_502' title='bbox 2533 2149 2593 2194; x_wconf 91' lang='lat' dir='ltr'>ut</span> <span class='ocrx_word' id='word_1_503' title='bbox 2625 2140 2780 2194; x_wconf 87' lang='lat' dir='ltr'>etiam</span> <span class='ocrx_word' id='word_1_504' title='bbox 2823 2140 2878 2194; x_wconf 93' lang='lat' dir='ltr'>in</span> <span class='ocrx_word' id='word_1_505' title='bbox 2916 2158 3006 2195; x_wconf 86' lang='lat' dir='ltr'>eos</span> <span class='ocrx_word' id='word_1_506' title='bbox 3043 2140 3137 2211; x_wconf 93' lang='lat' dir='ltr'>qui</span> <span class='ocrx_word' id='word_1_507' title='bbox 3166 2138 3466 2212; x_wconf 86' lang='lat' dir='ltr'>philosophi</span> <span class='ocrx_word' id='word_1_508' title='bbox 3493 2156 3596 2193; x_wconf 91' lang='lat' dir='ltr'>non</span> <span class='ocrx_word' id='word_1_509' title='bbox 3623 2146 3822 2203; x_wconf 73' lang='lat' dir='ltr'>essent,</span> 
     </span>
     <span class='ocr_line' id='line_1_72' title="bbox 2264 2223 3831 2300; baseline -0.002 -18"><span class='ocrx_word' id='word_1_510' title='bbox 2264 2226 2356 2282; x_wconf 85' lang='lat' dir='ltr'>sed</span> <span class='ocrx_word' id='word_1_511' title='bbox 2381 2227 2536 2281; x_wconf 89' lang='lat' dir='ltr'>simili</span> <span class='ocrx_word' id='word_1_512' title='bbox 2554 2237 2692 2281; x_wconf 73' lang='lat' dir='ltr'>veste</span> <span class='ocrx_word' id='word_1_513' title='bbox 2713 2238 2868 2298; x_wconf 90' lang='lat' dir='ltr'>atque</span> <span class='ocrx_word' id='word_1_514' title='bbox 2881 2225 3181 2300; x_wconf 84' lang='lat' dir='ltr'>philosophi</span> <span class='ocrx_word' id='word_1_515' title='bbox 3198 2236 3492 2292; x_wconf 86' lang='lat' dir='ltr'>uterentur,</span> <span class='ocrx_word' id='word_1_516' title='bbox 3515 2223 3682 2281; x_wconf 73' lang='lat' dir='ltr'>caedes</span> <span class='ocrx_word' id='word_1_517' title='bbox 3702 2243 3831 2298; x_wconf 90' lang='lat' dir='ltr'>pro·</span> 
     </span>
     <span class='ocr_line' id='line_1_73' title="bbox 2263 2314 2492 2369; baseline -0.009 0"><span class='ocrx_word' id='word_1_518' title='bbox 2263 2314 2492 2369; x_wconf 75' lang='lat' dir='ltr'>cesserit.</span> 
     </span>
    </p>
   </div>
   <div class='ocr_carea' id='block_1_8' title="bbox 2385 2472 3794 2547">
    <p class='ocr_par' dir='ltr' id='par_1_10' title="bbox 2385 2472 3794 2547">
     <span class='ocr_line' id='line_1_74' title="bbox 2385 2472 3794 2547; baseline -0.001 -20"><span class='ocrx_word' id='word_1_519' title='bbox 2385 2476 2527 2527; x_wconf 84' lang='lat' dir='ltr'>vm.</span> <span class='ocrx_word' id='word_1_520' title='bbox 2567 2478 2644 2527; x_wconf 90' lang='lat' dir='ltr'>De</span> <span class='ocrx_word' id='word_1_521' title='bbox 2669 2472 2980 2527; x_wconf 74' lang='lat' dir='ltr'>Rhodiorum</span> <span class='ocrx_word' id='word_1_522' title='bbox 2995 2484 3163 2547; x_wconf 79' lang='lat' dir='ltr'>portu</span> <span class='ocrx_word' id='word_1_523' title='bbox 3189 2484 3240 2526; x_wconf 81' lang='lat' dir='ltr'>et</span> <span class='ocrx_word' id='word_1_524' title='bbox 3265 2472 3330 2525; x_wconf 81' lang='lat' dir='ltr'>de</span> <span class='ocrx_word' id='word_1_525' title='bbox 3359 2472 3556 2526; x_wconf 73' lang='lat' dir='ltr'>Archiv</span> <span class='ocrx_word' id='word_1_526' title='bbox 3573 2472 3706 2541; x_wconf 45' lang='lat' dir='ltr'>‚loe-0.</span> <span class='ocrx_word' id='word_1_527' title='bbox 3779 2504 3794 2518; x_wconf 85' lang='lat'><strong>·</strong></span> 
     </span>
    </p>
   </div>
   <div class='ocr_carea' id='block_1_9' title="bbox 2919 2630 3164 2690">
    <p class='ocr_par' dir='ltr' id='par_1_11' title="bbox 2919 2630 3164 2690">
     <span class='ocr_line' id='line_1_75' title="bbox 2919 2630 3164 2690; baseline 0.004 -2"><span class='ocrx_word' id='word_1_528' title='bbox 2919 2630 3019 2688; x_wconf 86' lang='lat' dir='ltr'>Fr.</span> <span class='ocrx_word' id='word_1_529' title='bbox 3067 2637 3164 2690; x_wconf 85' lang='grc'>29.</span> 
     </span>
    </p>
   </div>
   <div class='ocr_carea' id='block_1_10' title="bbox 2262 2782 3831 3633">
    <p class='ocr_par' dir='ltr' id='par_1_12' title="bbox 2262 2782 3830 3275">
     <span class='ocr_line' id='line_1_76' title="bbox 2333 2782 3829 2857; baseline -0.001 -16"><span class='ocrx_word' id='word_1_530' title='bbox 2333 2790 2465 2841; x_wconf 77' lang='lat' dir='ltr'>Post</span> <span class='ocrx_word' id='word_1_531' title='bbox 2525 2783 2796 2841; x_wconf 75' lang='lat' dir='ltr'>Iasonium</span> <span class='ocrx_word' id='word_1_532' title='bbox 2849 2784 3114 2857; x_wconf 82' lang='lat' dir='ltr'>lucumque</span> <span class='ocrx_word' id='word_1_533' title='bbox 3173 2782 3449 2856; x_wconf 80' lang='lat' dir='ltr'>Apollinis</span> <span class='ocrx_word' id='word_1_534' title='bbox 3505 2783 3787 2854; x_wconf 77' lang='lat' dir='ltr'>Dionysius</span> <span class='ocrx_word' id='word_1_535' title='bbox 3805 2826 3829 2848; x_wconf 74' lang='lat'>,</span> 
     </span>
     <span class='ocr_line' id='line_1_77' title="bbox 2263 2869 3821 2951; baseline 0.001 -23"><span class='ocrx_word' id='word_1_536' title='bbox 2263 2874 2536 2949; x_wconf 70' lang='lat' dir='ltr'>Ampium</span> <span class='ocrx_word' id='word_1_537' title='bbox 2554 2871 2882 2937; x_wconf 76' lang='lat' dir='ltr'>continuans,</span> <span class='ocrx_word' id='word_1_538' title='bbox 2896 2871 3051 2947; x_wconf 77' lang='lat' dir='ltr'>ponit</span> <span class='ocrx_word' id='word_1_539' title='bbox 3073 2869 3386 2926; x_wconf 77' lang='lat' dir='ltr'>Rhodiorum</span> <span class='ocrx_word' id='word_1_540' title='bbox 3405 2870 3494 2951; x_wconf 70' lang='grc' dir='ltr'>τὸν</span> <span class='ocrx_word' id='word_1_541' title='bbox 3521 2871 3821 2951; x_wconf 74' lang='grc' dir='ltr'><strong>περίὸολον,</strong></span> 
     </span>
     <span class='ocr_line' id='line_1_78' title="bbox 2262 2955 3829 3034; baseline -0.002 -19"><span class='ocrx_word' id='word_1_542' title='bbox 2262 2959 2342 3015; x_wconf 81' lang='lat' dir='ltr'>ad</span> <span class='ocrx_word' id='word_1_543' title='bbox 2361 2980 2508 3034; x_wconf 81' lang='lat' dir='ltr'>quem</span> <span class='ocrx_word' id='word_1_544' title='bbox 2533 2958 2837 3015; x_wconf 77' lang='lat' dir='ltr'>rudentibus</span> <span class='ocrx_word' id='word_1_545' title='bbox 2861 2978 3019 3013; x_wconf 78' lang='lat' dir='ltr'>naves</span> <span class='ocrx_word' id='word_1_546' title='bbox 3044 2957 3342 3027; x_wconf 75' lang='lat' dir='ltr'>alligabant</span> <span class='ocrx_word' id='word_1_547' title='bbox 3368 2955 3579 3022; x_wconf 74' lang='lat' dir='ltr'>Rhodii,</span> <span class='ocrx_word' id='word_1_548' title='bbox 3607 2969 3829 3012; x_wconf 81' lang='lat' dir='ltr'>metuen-</span> 
     </span>
     <span class='ocr_line' id='line_1_79' title="bbox 2267 3044 3830 3121; baseline -0.002 -18"><span class='ocrx_word' id='word_1_549' title='bbox 2267 3059 2345 3103; x_wconf 85' lang='lat' dir='ltr'>tes</span> <span class='ocrx_word' id='word_1_550' title='bbox 2369 3047 2534 3103; x_wconf 78' lang='lat' dir='ltr'>maris</span> <span class='ocrx_word' id='word_1_551' title='bbox 2560 3059 2929 3121; x_wconf 77' lang='lat' dir='ltr'>tempestatem.</span> <span class='ocrx_word' id='word_1_552' title='bbox 2963 3049 3120 3120; x_wconf 82' lang='lat' dir='ltr'>Cujus</span> <span class='ocrx_word' id='word_1_553' title='bbox 3147 3044 3256 3101; x_wconf 78' lang='lat' dir='ltr'>tria</span> <span class='ocrx_word' id='word_1_554' title='bbox 3275 3064 3414 3101; x_wconf 69' lang='lat' dir='ltr'>saa-a</span> <span class='ocrx_word' id='word_1_555' title='bbox 3429 3045 3506 3100; x_wconf 84' lang='lat' dir='ltr'>ad</span> <span class='ocrx_word' id='word_1_556' title='bbox 3519 3064 3674 3102; x_wconf 84' lang='lat' dir='ltr'>suam</span> <span class='ocrx_word' id='word_1_557' title='bbox 3699 3058 3830 3100; x_wconf 80' lang='lat' dir='ltr'>oeta·</span> 
     </span>
     <span class='ocr_line' id='line_1_80' title="bbox 2270 3108 3828 3206; baseline -0.001 -19"><span class='ocrx_word' id='word_1_558' title='bbox 2270 3144 2374 3188; x_wconf 84' lang='lat' dir='ltr'>tem</span> <span class='ocrx_word' id='word_1_559' title='bbox 2397 3108 2610 3187; x_wconf 51' lang='lat' dir='ltr'>ser-Sata</span> <span class='ocrx_word' id='word_1_560' title='bbox 2636 3132 2902 3187; x_wconf 71' lang='lat' dir='ltr'>exstitisse</span> <span class='ocrx_word' id='word_1_561' title='bbox 2927 3130 3064 3187; x_wconf 81' lang='lat' dir='ltr'>dicit</span> <span class='ocrx_word' id='word_1_562' title='bbox 3079 3172 3094 3197; x_wconf 89' lang='lat'><strong><em>,</em></strong></span> <span class='ocrx_word' id='word_1_563' title='bbox 3125 3131 3324 3205; x_wconf 77' lang='lat' dir='ltr'>reliqua</span> <span class='ocrx_word' id='word_1_564' title='bbox 3341 3130 3610 3205; x_wconf 81' lang='lat' dir='ltr'>permulta</span> <span class='ocrx_word' id='word_1_565' title='bbox 3636 3142 3828 3206; x_wconf 79' lang='lat' dir='ltr'>tempo·</span> 
     </span>
     <span class='ocr_line' id='line_1_81' title="bbox 2271 3216 2917 3275; baseline 0.003 -3"><span class='ocrx_word' id='word_1_566' title='bbox 2271 3217 2350 3272; x_wconf 81' lang='lat' dir='ltr'>ris</span> <span class='ocrx_word' id='word_1_567' title='bbox 2376 3228 2637 3272; x_wconf 82' lang='lat' dir='ltr'>vetustate</span> <span class='ocrx_word' id='word_1_568' title='bbox 2657 3216 2917 3275; x_wconf 66' lang='lat' dir='ltr'>cecidisse.</span> 
     </span>
    </p>

    <p class='ocr_par' dir='ltr' id='par_1_13' title="bbox 2268 3303 3831 3633">
     <span class='ocr_line' id='line_1_82' title="bbox 2338 3303 3829 3369; baseline -0.001 -11"><span class='ocrx_word' id='word_1_569' title='bbox 2338 3306 2500 3359; x_wconf 83' lang='lat' dir='ltr'>Hunc</span> <span class='ocrx_word' id='word_1_570' title='bbox 2536 3303 2816 3359; x_wconf 87' lang='lat' dir='ltr'>Peribolon</span> <span class='ocrx_word' id='word_1_571' title='bbox 2860 3304 3016 3359; x_wconf 82' lang='lat' dir='ltr'>fuisse</span> <span class='ocrx_word' id='word_1_572' title='bbox 3051 3313 3111 3358; x_wconf 90' lang='lat' dir='ltr'>ut</span> <span class='ocrx_word' id='word_1_573' title='bbox 3139 3305 3430 3359; x_wconf 82' lang='lat' dir='ltr'>existimem</span> <span class='ocrx_word' id='word_1_574' title='bbox 3479 3322 3544 3358; x_wconf 91' lang='lat' dir='ltr'>eo</span> <span class='ocrx_word' id='word_1_575' title='bbox 3582 3305 3636 3357; x_wconf 91' lang='lat' dir='ltr'>in</span> <span class='ocrx_word' id='word_1_576' title='bbox 3676 3304 3829 3369; x_wconf 75' lang='lat' dir='ltr'>loco,</span> 
     </span>
     <span class='ocr_line' id='line_1_83' title="bbox 2268 3387 3816 3462; baseline -0.001 -19"><span class='ocrx_word' id='word_1_577' title='bbox 2268 3406 2432 3462; x_wconf 90' lang='lat' dir='ltr'>quem</span> <span class='ocrx_word' id='word_1_578' title='bbox 2471 3390 2572 3443; x_wconf 87' lang='lat' dir='ltr'>hac</span> <span class='ocrx_word' id='word_1_579' title='bbox 2609 3399 2757 3445; x_wconf 73' lang='lat' dir='ltr'>aetate</span> <span class='ocrx_word' id='word_1_580' title='bbox 2793 3390 3077 3461; x_wconf 85' lang='lat' dir='ltr'>piscatores</span> <span class='ocrx_word' id='word_1_581' title='bbox 3119 3388 3397 3443; x_wconf 86' lang='lat' dir='ltr'>nominant</span> <span class='ocrx_word' id='word_1_582' title='bbox 3433 3387 3788 3443; x_wconf 78' lang='lat' dir='ltr'>Rhodacinion</span> <span class='ocrx_word' id='word_1_583' title='bbox 3801 3430 3816 3451; x_wconf 89' lang='lat'><em>,</em></span> 
     </span>
     <span class='ocr_line' id='line_1_84' title="bbox 2272 3473 3831 3545; baseline -0.001 -15"><span class='ocrx_word' id='word_1_584' title='bbox 2272 3493 2380 3530; x_wconf 89' lang='lat' dir='ltr'>non</span> <span class='ocrx_word' id='word_1_585' title='bbox 2398 3475 2562 3532; x_wconf 89' lang='lat' dir='ltr'>modo</span> <span class='ocrx_word' id='word_1_586' title='bbox 2579 3475 2806 3529; x_wconf 88' lang='lat' dir='ltr'>nominis</span> <span class='ocrx_word' id='word_1_587' title='bbox 2821 3473 3128 3542; x_wconf 85' lang='lat' dir='ltr'>similitudo,</span> <span class='ocrx_word' id='word_1_588' title='bbox 3150 3473 3243 3529; x_wconf 87' lang='lat' dir='ltr'>sed</span> <span class='ocrx_word' id='word_1_589' title='bbox 3258 3474 3416 3528; x_wconf 85' lang='lat' dir='ltr'>etiam</span> <span class='ocrx_word' id='word_1_590' title='bbox 3434 3474 3673 3545; x_wconf 78' lang='lat' dir='ltr'>Dionysii</span> <span class='ocrx_word' id='word_1_591' title='bbox 3698 3474 3831 3528; x_wconf 89' lang='lat' dir='ltr'>ordo</span> 
     </span>
     <span class='ocr_line' id='line_1_85' title="bbox 2274 3558 3830 3633; baseline 0 -18"><span class='ocrx_word' id='word_1_592' title='bbox 2274 3561 2524 3616; x_wconf 88' lang='lat' dir='ltr'>narrandi</span> <span class='ocrx_word' id='word_1_593' title='bbox 2564 3560 2921 3615; x_wconf 84' lang='lat' dir='ltr'>antecedentia</span> <span class='ocrx_word' id='word_1_594' title='bbox 2955 3572 3009 3616; x_wconf 85' lang='lat' dir='ltr'>ct</span> <span class='ocrx_word' id='word_1_595' title='bbox 3051 3561 3424 3633; x_wconf 86' lang='lat' dir='ltr'>consequentia</span> <span class='ocrx_word' id='word_1_596' title='bbox 3466 3578 3551 3613; x_wconf 89' lang='lat' dir='ltr'>me</span> <span class='ocrx_word' id='word_1_597' title='bbox 3593 3558 3830 3615; x_wconf 83' lang='lat' dir='ltr'>adducit.</span> 
     </span>
    </p>
   </div>
   <div class='ocr_carea' id='block_1_11' title="bbox 2238 3644 3832 3722">
    <p class='ocr_par' dir='ltr' id='par_1_14' title="bbox 2238 3644 3832 3722">
     <span class='ocr_line' id='line_1_86' title="bbox 2238 3644 3832 3722; baseline 0.002 -24"><span class='ocrx_word' id='word_1_598' title='bbox 2238 3694 2243 3698; x_wconf 88' lang='lat'>.</span> <span class='ocrx_word' id='word_1_599' title='bbox 2272 3648 2389 3703; x_wconf 87' lang='lat' dir='ltr'>Hoc</span> <span class='ocrx_word' id='word_1_600' title='bbox 2397 3648 2540 3703; x_wconf 90' lang='lat' dir='ltr'>enim</span> <span class='ocrx_word' id='word_1_601' title='bbox 2553 3647 2827 3722; x_wconf 87' lang='lat' dir='ltr'>proprium</span> <span class='ocrx_word' id='word_1_602' title='bbox 2839 3646 2999 3702; x_wconf 87' lang='lat' dir='ltr'>habet</span> <span class='ocrx_word' id='word_1_603' title='bbox 3013 3648 3315 3719; x_wconf 88' lang='lat' dir='ltr'>imperitum</span> <span class='ocrx_word' id='word_1_604' title='bbox 3329 3644 3531 3717; x_wconf 71' lang='lat' dir='ltr'>vulgus,</span> <span class='ocrx_word' id='word_1_605' title='bbox 3546 3655 3606 3699; x_wconf 91' lang='lat' dir='ltr'>ut</span> <span class='ocrx_word' id='word_1_606' title='bbox 3620 3647 3832 3701; x_wconf 86' lang='lat' dir='ltr'>nomina</span> 
     </span>
    </p>
   </div>
   <div class='ocr_carea' id='block_1_12' title="bbox 2270 3732 3846 4221">
    <p class='ocr_par' dir='ltr' id='par_1_15' title="bbox 2270 3732 3846 4221">
     <span class='ocr_line' id='line_1_87' title="bbox 2272 3732 3834 3807; baseline -0.002 -17"><span class='ocrx_word' id='word_1_607' title='bbox 2272 3734 2540 3802; x_wconf 85' lang='lat' dir='ltr'>locorum,</span> <span class='ocrx_word' id='word_1_608' title='bbox 2568 3751 2686 3805; x_wconf 78' lang='lat' dir='ltr'>quae</span> <span class='ocrx_word' id='word_1_609' title='bbox 2716 3752 2826 3789; x_wconf 89' lang='lat' dir='ltr'>non</span> <span class='ocrx_word' id='word_1_610' title='bbox 2853 3733 3120 3807; x_wconf 73' lang='lat' dir='ltr'>intelligit,</span> <span class='ocrx_word' id='word_1_611' title='bbox 3161 3734 3527 3789; x_wconf 83' lang='lat' dir='ltr'>immutatione</span> <span class='ocrx_word' id='word_1_612' title='bbox 3562 3732 3834 3789; x_wconf 85' lang='lat' dir='ltr'>literarum</span> 
     </span>
     <span class='ocr_line' id='line_1_88' title="bbox 2272 3816 3836 3892; baseline 0 -19"><span class='ocrx_word' id='word_1_613' title='bbox 2272 3819 2332 3874; x_wconf 89' lang='lat' dir='ltr'>in</span> <span class='ocrx_word' id='word_1_614' title='bbox 2364 3818 2465 3874; x_wconf 85' lang='lat' dir='ltr'>alia</span> <span class='ocrx_word' id='word_1_615' title='bbox 2498 3819 2714 3874; x_wconf 87' lang='lat' dir='ltr'>nomina</span> <span class='ocrx_word' id='word_1_616' title='bbox 2742 3818 2940 3892; x_wconf 85' lang='lat' dir='ltr'>aliquid</span> <span class='ocrx_word' id='word_1_617' title='bbox 2971 3819 3072 3875; x_wconf 85' lang='lat' dir='ltr'>sibi</span> <span class='ocrx_word' id='word_1_618' title='bbox 3107 3829 3291 3874; x_wconf 92' lang='lat' dir='ltr'>notum</span> <span class='ocrx_word' id='word_1_619' title='bbox 3320 3820 3611 3891; x_wconf 61' lang='lat' dir='ltr'>prasertim</span> <span class='ocrx_word' id='word_1_620' title='bbox 3637 3816 3836 3873; x_wconf 85' lang='lat' dir='ltr'>ridicu·</span> 
     </span>
     <span class='ocr_line' id='line_1_89' title="bbox 2270 3900 3836 3975; baseline -0.002 -15"><span class='ocrx_word' id='word_1_621' title='bbox 2270 3903 2385 3960; x_wconf 88' lang='lat' dir='ltr'>lum</span> <span class='ocrx_word' id='word_1_622' title='bbox 2401 3904 2640 3961; x_wconf 75' lang='lat' dir='ltr'>sonantia</span> <span class='ocrx_word' id='word_1_623' title='bbox 2657 3902 2877 3961; x_wconf 80' lang='lat' dir='ltr'>derivet.</span> <span class='ocrx_word' id='word_1_624' title='bbox 2905 3906 3072 3960; x_wconf 84' lang='lat' dir='ltr'>Dicax</span> <span class='ocrx_word' id='word_1_625' title='bbox 3097 3906 3238 3959; x_wconf 89' lang='lat' dir='ltr'>enim</span> <span class='ocrx_word' id='word_1_626' title='bbox 3265 3904 3450 3975; x_wconf 79' lang='lat' dir='ltr'>vulgus</span> <span class='ocrx_word' id='word_1_627' title='bbox 3476 3914 3530 3958; x_wconf 93' lang='lat' dir='ltr'>et</span> <span class='ocrx_word' id='word_1_628' title='bbox 3549 3900 3836 3958; x_wconf 88' lang='lat' dir='ltr'>ridiculum</span> 
     </span>
     <span class='ocr_line' id='line_1_90' title="bbox 2275 3988 3846 4063; baseline -0.002 -16"><span class='ocrx_word' id='word_1_629' title='bbox 2275 4010 2388 4047; x_wconf 85' lang='lat' dir='ltr'>esse</span> <span class='ocrx_word' id='word_1_630' title='bbox 2407 3991 2565 4059; x_wconf 88' lang='lat' dir='ltr'>solet,</span> <span class='ocrx_word' id='word_1_631' title='bbox 2589 3992 2876 4063; x_wconf 63' lang='lat' dir='ltr'>prasertim</span> <span class='ocrx_word' id='word_1_632' title='bbox 2903 3989 3225 4056; x_wconf 70' lang='lat' dir='ltr'>Graeculum,</span> <span class='ocrx_word' id='word_1_633' title='bbox 3250 3988 3396 4062; x_wconf 90' lang='lat' dir='ltr'>quod</span> <span class='ocrx_word' id='word_1_634' title='bbox 3422 3989 3601 4043; x_wconf 89' lang='lat' dir='ltr'>omnia</span> <span class='ocrx_word' id='word_1_635' title='bbox 3621 3991 3846 4044; x_wconf 71' lang='lat' dir='ltr'>nomina,</span> 
     </span>
     <span class='ocr_line' id='line_1_91' title="bbox 2278 4076 3836 4151; baseline -0.003 -16"><span class='ocrx_word' id='word_1_636' title='bbox 2278 4078 2433 4135; x_wconf 79' lang='lat' dir='ltr'>finire</span> <span class='ocrx_word' id='word_1_637' title='bbox 2470 4077 2664 4151; x_wconf 71' lang='lat' dir='ltr'>gaudet</span> <span class='ocrx_word' id='word_1_638' title='bbox 2696 4078 2796 4133; x_wconf 85' lang='lat' dir='ltr'>hac</span> <span class='ocrx_word' id='word_1_639' title='bbox 2828 4080 3198 4133; x_wconf 86' lang='lat' dir='ltr'>terminatione</span> <span class='ocrx_word' id='word_1_640' title='bbox 3222 4076 3404 4141; x_wconf 72' lang='lat' dir='ltr'>asion,</span> <span class='ocrx_word' id='word_1_641' title='bbox 3449 4092 3608 4149; x_wconf 89' lang='lat' dir='ltr'>quam</span> <span class='ocrx_word' id='word_1_642' title='bbox 3645 4076 3836 4131; x_wconf 86' lang='lat' dir='ltr'>literati</span> 
     </span>
     <span class='ocr_line' id='line_1_92' title="bbox 2273 4162 3841 4221; baseline -0.002 0"><span class='ocrx_word' id='word_1_643' title='bbox 2273 4166 2444 4221; x_wconf 82' lang='lat' dir='ltr'>solent</span> <span class='ocrx_word' id='word_1_644' title='bbox 2478 4176 2745 4221; x_wconf 86' lang='lat' dir='ltr'>attenuare</span> <span class='ocrx_word' id='word_1_645' title='bbox 2776 4176 2829 4220; x_wconf 91' lang='lat' dir='ltr'>et</span> <span class='ocrx_word' id='word_1_646' title='bbox 2862 4165 3157 4220; x_wconf 83' lang='lat' dir='ltr'>diminuere</span> <span class='ocrx_word' id='word_1_647' title='bbox 3189 4166 3245 4219; x_wconf 91' lang='lat' dir='ltr'>in</span> <span class='ocrx_word' id='word_1_648' title='bbox 3281 4164 3370 4219; x_wconf 77' lang='lat' dir='ltr'>ion</span> <span class='ocrx_word' id='word_1_649' title='bbox 3408 4163 3491 4218; x_wconf 78' lang='lat' dir='ltr'>vel</span> <span class='ocrx_word' id='word_1_650' title='bbox 3529 4162 3682 4217; x_wconf 82' lang='lat' dir='ltr'>arion</span> <span class='ocrx_word' id='word_1_651' title='bbox 3722 4184 3744 4217; x_wconf 92' lang='lat'>.·</span> <span class='ocrx_word' id='word_1_652' title='bbox 3779 4175 3841 4218; x_wconf 91' lang='lat' dir='ltr'>ut</span> 
     </span>
    </p>
   </div>
   <div class='ocr_carea' id='block_1_13' title="bbox 2274 4250 3842 5124">
    <p class='ocr_par' dir='ltr' id='par_1_16' title="bbox 2274 4250 3842 5124">
     <span class='ocr_line' id='line_1_93' title="bbox 2274 4250 3840 4336; baseline -0.004 -23"><span class='ocrx_word' id='word_1_653' title='bbox 2274 4252 2460 4335; x_wconf 80' lang='grc' dir='ltr'><strong>ψωμὸς</strong></span> <span class='ocrx_word' id='word_1_654' title='bbox 2507 4250 2736 4336; x_wconf 81' lang='grc' dir='ltr'><strong>ψῶμιον,</strong></span> <span class='ocrx_word' id='word_1_655' title='bbox 2778 4262 2902 4319; x_wconf 82' lang='grc' dir='ltr'><strong>παῖς</strong></span> <span class='ocrx_word' id='word_1_656' title='bbox 2946 4252 3155 4312; x_wconf 82' lang='grc' dir='ltr'><strong>παιδίον</strong></span> <span class='ocrx_word' id='word_1_657' title='bbox 3198 4259 3279 4314; x_wconf 80' lang='lat' dir='ltr'>vel</span> <span class='ocrx_word' id='word_1_658' title='bbox 3315 4250 3616 4332; x_wconf 75' lang='grc' dir='ltr'><strong>παιδάριον,</strong></span> <span class='ocrx_word' id='word_1_659' title='bbox 3657 4258 3840 4330; x_wconf 70' lang='lat' dir='ltr'>vulgus</span> 
     </span>
     <span class='ocr_line' id='line_1_94' title="bbox 2274 4348 3841 4431; baseline 0.001 -24"><span class='ocrx_word' id='word_1_660' title='bbox 2274 4348 2571 4431; x_wconf 76' lang='grc' dir='ltr'><strong>ψωμᾶκιον,</strong></span> <span class='ocrx_word' id='word_1_661' title='bbox 2599 4348 2875 4410; x_wconf 78' lang='grc' dir='ltr'><strong>παιδάκιον</strong></span> <span class='ocrx_word' id='word_1_662' title='bbox 2903 4359 3010 4413; x_wconf 87' lang='lat' dir='ltr'>:sic</span> <span class='ocrx_word' id='word_1_663' title='bbox 3037 4348 3252 4409; x_wconf 77' lang='grc' dir='ltr'><strong>Ῥοδίων</strong></span> <span class='ocrx_word' id='word_1_664' title='bbox 3271 4351 3400 4407; x_wconf 78' lang='grc' dir='ltr'><strong>νεῶν</strong></span> <span class='ocrx_word' id='word_1_665' title='bbox 3429 4356 3652 4411; x_wconf 90' lang='lat' dir='ltr'>detorsit</span> <span class='ocrx_word' id='word_1_666' title='bbox 3676 4356 3733 4410; x_wconf 90' lang='lat' dir='ltr'>in</span> <span class='ocrx_word' id='word_1_667' title='bbox 3758 4350 3841 4429; x_wconf 79' lang='grc' dir='ltr'><strong>ῥο-</strong></span> 
     </span>
     <span class='ocr_line' id='line_1_95' title="bbox 2281 4436 3842 4517; baseline 0 -21"><span class='ocrx_word' id='word_1_668' title='bbox 2281 4436 2462 4497; x_wconf 78' lang='grc' dir='ltr'><strong>δάκιον</strong></span> <span class='ocrx_word' id='word_1_669' title='bbox 2489 4441 2638 4499; x_wconf 75' lang='grc' dir='ltr'><strong>νεῶν.</strong></span> <span class='ocrx_word' id='word_1_670' title='bbox 2667 4445 2796 4499; x_wconf 82' lang='lat' dir='ltr'>Haec</span> <span class='ocrx_word' id='word_1_671' title='bbox 2816 4444 3030 4517; x_wconf 88' lang='lat' dir='ltr'>quidem</span> <span class='ocrx_word' id='word_1_672' title='bbox 3056 4443 3280 4498; x_wconf 89' lang='lat' dir='ltr'>nimium</span> <span class='ocrx_word' id='word_1_673' title='bbox 3305 4442 3524 4499; x_wconf 85' lang='lat' dir='ltr'>sortasse</span> <span class='ocrx_word' id='word_1_674' title='bbox 3541 4443 3842 4497; x_wconf 85' lang='lat' dir='ltr'>minutatim</span> 
     </span>
     <span class='ocr_line' id='line_1_96' title="bbox 2276 4531 3839 4607; baseline -0.002 -19"><span class='ocrx_word' id='word_1_675' title='bbox 2276 4550 2510 4602; x_wconf 80' lang='lat' dir='ltr'>excussa,</span> <span class='ocrx_word' id='word_1_676' title='bbox 2530 4531 2623 4587; x_wconf 88' lang='lat' dir='ltr'>sed</span> <span class='ocrx_word' id='word_1_677' title='bbox 2639 4550 2757 4604; x_wconf 80' lang='lat' dir='ltr'>quae</span> <span class='ocrx_word' id='word_1_678' title='bbox 2781 4531 3017 4588; x_wconf 89' lang='lat' dir='ltr'>indicent</span> <span class='ocrx_word' id='word_1_679' title='bbox 3041 4549 3285 4604; x_wconf 79' lang='lat' dir='ltr'>magnam</span> <span class='ocrx_word' id='word_1_680' title='bbox 3301 4531 3727 4607; x_wconf 83' lang='lat' dir='ltr'>depravationem</span> <span class='ocrx_word' id='word_1_681' title='bbox 3746 4549 3839 4585; x_wconf 89' lang='lat' dir='ltr'>an·</span> 
     </span>
     <span class='ocr_line' id='line_1_97' title="bbox 2276 4616 3833 4692; baseline -0.001 -18"><span class='ocrx_word' id='word_1_682' title='bbox 2276 4620 2550 4692; x_wconf 89' lang='lat' dir='ltr'>tiquorum</span> <span class='ocrx_word' id='word_1_683' title='bbox 2591 4619 2889 4675; x_wconf 88' lang='lat' dir='ltr'>nominum.</span> <span class='ocrx_word' id='word_1_684' title='bbox 2936 4621 3056 4675; x_wconf 88' lang='lat' dir='ltr'>Jam</span> <span class='ocrx_word' id='word_1_685' title='bbox 3102 4636 3228 4674; x_wconf 79' lang='lat' dir='ltr'>vero</span> <span class='ocrx_word' id='word_1_686' title='bbox 3273 4616 3422 4691; x_wconf 88' lang='lat' dir='ltr'>quod</span> <span class='ocrx_word' id='word_1_687' title='bbox 3467 4617 3833 4674; x_wconf 85' lang='lat' dir='ltr'>Rhodacinion</span> 
     </span>
     <span class='ocr_line' id='line_1_98' title="bbox 2278 4703 3837 4778; baseline 0 -20"><span class='ocrx_word' id='word_1_688' title='bbox 2278 4705 2558 4778; x_wconf 85' lang='lat' dir='ltr'>appellant,</span> <span class='ocrx_word' id='word_1_689' title='bbox 2585 4703 2718 4759; x_wconf 90' lang='lat' dir='ltr'>nihil</span> <span class='ocrx_word' id='word_1_690' title='bbox 2742 4703 2884 4759; x_wconf 86' lang='lat' dir='ltr'>aliud</span> <span class='ocrx_word' id='word_1_691' title='bbox 2910 4714 2986 4759; x_wconf 87' lang='lat' dir='ltr'>est</span> <span class='ocrx_word' id='word_1_692' title='bbox 3005 4745 3022 4772; x_wconf 86' lang='lat'>,</span> <span class='ocrx_word' id='word_1_693' title='bbox 3051 4722 3211 4777; x_wconf 90' lang='lat' dir='ltr'>quam</span> <span class='ocrx_word' id='word_1_694' title='bbox 3236 4721 3423 4759; x_wconf 80' lang='lat' dir='ltr'>saxum</span> <span class='ocrx_word' id='word_1_695' title='bbox 3457 4722 3618 4778; x_wconf 86' lang='lat' dir='ltr'>supra</span> <span class='ocrx_word' id='word_1_696' title='bbox 3649 4720 3837 4775; x_wconf 86' lang='lat' dir='ltr'>aquam</span> 
     </span>
     <span class='ocr_line' id='line_1_99' title="bbox 2280 4789 3840 4864; baseline -0.001 -19"><span class='ocrx_word' id='word_1_697' title='bbox 2280 4791 2521 4846; x_wconf 86' lang='lat' dir='ltr'>eminens</span> <span class='ocrx_word' id='word_1_698' title='bbox 2536 4831 2552 4857; x_wconf 90' lang='lat'>,</span> <span class='ocrx_word' id='word_1_699' title='bbox 2604 4789 2671 4845; x_wconf 84' lang='lat' dir='ltr'>ad</span> <span class='ocrx_word' id='word_1_700' title='bbox 2709 4790 2809 4845; x_wconf 89' lang='lat' dir='ltr'>alia</span> <span class='ocrx_word' id='word_1_701' title='bbox 2842 4810 2962 4847; x_wconf 82' lang='lat' dir='ltr'>saxa</span> <span class='ocrx_word' id='word_1_702' title='bbox 3000 4790 3269 4859; x_wconf 86' lang='lat' dir='ltr'>adnitens,</span> <span class='ocrx_word' id='word_1_703' title='bbox 3311 4792 3438 4847; x_wconf 80' lang='lat' dir='ltr'>olim</span> <span class='ocrx_word' id='word_1_704' title='bbox 3476 4790 3544 4846; x_wconf 88' lang='lat' dir='ltr'>ad</span> <span class='ocrx_word' id='word_1_705' title='bbox 3582 4802 3840 4864; x_wconf 71' lang='lat' dir='ltr'>portuosae</span> 
     </span>
     <span class='ocr_line' id='line_1_100' title="bbox 2284 4877 3840 4951; baseline -0.001 -19"><span class='ocrx_word' id='word_1_706' title='bbox 2284 4878 2436 4933; x_wconf 88' lang='lat' dir='ltr'>molis</span> <span class='ocrx_word' id='word_1_707' title='bbox 2460 4878 2900 4933; x_wconf 84' lang='lat' dir='ltr'>substructionem</span> <span class='ocrx_word' id='word_1_708' title='bbox 2923 4880 2978 4933; x_wconf 90' lang='lat' dir='ltr'>in</span> <span class='ocrx_word' id='word_1_709' title='bbox 3017 4877 3212 4933; x_wconf 78' lang='lat' dir='ltr'>vadum</span> <span class='ocrx_word' id='word_1_710' title='bbox 3237 4878 3439 4951; x_wconf 89' lang='lat' dir='ltr'>dejecta</span> <span class='ocrx_word' id='word_1_711' title='bbox 3468 4895 3483 4934; x_wconf 73' lang='grc' dir='ltr'><strong>ε</strong></span> <span class='ocrx_word' id='word_1_712' title='bbox 3527 4877 3687 4932; x_wconf 87' lang='lat' dir='ltr'>distat</span> <span class='ocrx_word' id='word_1_713' title='bbox 3723 4878 3840 4950; x_wconf 90' lang='lat' dir='ltr'>qui-</span> 
     </span>
     <span class='ocr_line' id='line_1_101' title="bbox 2282 4962 3841 5038; baseline -0.002 -19"><span class='ocrx_word' id='word_1_714' title='bbox 2282 4965 2404 5020; x_wconf 87' lang='lat' dir='ltr'>dem</span> <span class='ocrx_word' id='word_1_715' title='bbox 2430 4965 2630 5037; x_wconf 86' lang='lat' dir='ltr'>aliquot</span> <span class='ocrx_word' id='word_1_716' title='bbox 2653 4982 2832 5038; x_wconf 87' lang='lat' dir='ltr'>passus</span> <span class='ocrx_word' id='word_1_717' title='bbox 2852 4964 2920 5020; x_wconf 88' lang='lat' dir='ltr'>ab</span> <span class='ocrx_word' id='word_1_718' title='bbox 2945 4983 3039 5020; x_wconf 89' lang='lat' dir='ltr'>ora</span> <span class='ocrx_word' id='word_1_719' title='bbox 3063 4966 3241 5032; x_wconf 89' lang='lat' dir='ltr'>maris,</span> <span class='ocrx_word' id='word_1_720' title='bbox 3271 4976 3326 5019; x_wconf 91' lang='lat' dir='ltr'>at</span> <span class='ocrx_word' id='word_1_721' title='bbox 3350 4964 3418 5020; x_wconf 87' lang='lat' dir='ltr'>ab</span> <span class='ocrx_word' id='word_1_722' title='bbox 3445 4962 3733 5020; x_wconf 79' lang='lat' dir='ltr'>AEnobarhi</span> <span class='ocrx_word' id='word_1_723' title='bbox 3759 4980 3841 5017; x_wconf 79' lang='lat' dir='ltr'>se·</span> 
     </span>
     <span class='ocr_line' id='line_1_102' title="bbox 2282 5050 3236 5124; baseline 0.001 -20"><span class='ocrx_word' id='word_1_724' title='bbox 2282 5050 2503 5123; x_wconf 85' lang='lat' dir='ltr'>pulchro</span> <span class='ocrx_word' id='word_1_725' title='bbox 2521 5067 2700 5124; x_wconf 88' lang='lat' dir='ltr'>passus</span> <span class='ocrx_word' id='word_1_726' title='bbox 2720 5051 2926 5105; x_wconf 87' lang='lat' dir='ltr'>circiter</span> <span class='ocrx_word' id='word_1_727' title='bbox 2949 5060 3236 5105; x_wconf 82' lang='lat' dir='ltr'>sexcentos.</span> 
     </span>
    </p>
   </div>
   <div class='ocr_carea' id='block_1_14' title="bbox 645 5342 2953 5423">
    <p class='ocr_par' dir='ltr' id='par_1_17' title="bbox 645 5342 2953 5423">
     <span class='ocr_line' id='line_1_103' title="bbox 645 5342 2953 5423; baseline 0.003 -26"><span class='ocrx_word' id='word_1_728' title='bbox 645 5345 656 5369; x_wconf 83' lang='lat'><strong><em>⁹</em></strong></span> <span class='ocrx_word' id='word_1_729' title='bbox 722 5356 775 5398; x_wconf 87' lang='lat'>1.</span> <span class='ocrx_word' id='word_1_730' title='bbox 815 5342 1019 5397; x_wconf 84' lang='lat' dir='ltr'>Locum</span> <span class='ocrx_word' id='word_1_731' title='bbox 1044 5342 1221 5409; x_wconf 87' lang='lat' dir='ltr'>hunc,</span> <span class='ocrx_word' id='word_1_732' title='bbox 1252 5360 1410 5415; x_wconf 85' lang='lat' dir='ltr'>quem</span> <span class='ocrx_word' id='word_1_733' title='bbox 1438 5362 1545 5399; x_wconf 90' lang='lat' dir='ltr'>non</span> <span class='ocrx_word' id='word_1_734' title='bbox 1572 5344 1695 5399; x_wconf 85' lang='lat' dir='ltr'>satis</span> <span class='ocrx_word' id='word_1_735' title='bbox 1722 5346 1971 5401; x_wconf 86' lang='lat' dir='ltr'>intellexit</span> <span class='ocrx_word' id='word_1_736' title='bbox 1998 5346 2228 5420; x_wconf 75' lang='lat' dir='ltr'>Gyllius,</span> <span class='ocrx_word' id='word_1_737' title='bbox 2260 5351 2316 5405; x_wconf 90' lang='lat' dir='ltr'>in</span> <span class='ocrx_word' id='word_1_738' title='bbox 2345 5351 2460 5423; x_wconf 90' lang='lat' dir='ltr'>ipso</span> <span class='ocrx_word' id='word_1_739' title='bbox 2485 5350 2774 5406; x_wconf 82' lang='lat' dir='ltr'>sozomeno</span> <span class='ocrx_word' id='word_1_740' title='bbox 2795 5349 2953 5421; x_wconf 83' lang='lat' dir='ltr'>legas.</span> 
     </span>
    </p>
   </div>
  </div>
 </body>
</html>
