4584 6284
1770 553 2117 615 ANAPLUS
2158 552 2488 615 BoSPoRt
2531 554 2876 616 TnssAcu.
3810 566 3886 621 85

694 698 885 761 gnante
926 688 1203 760 antiquum
1239 690 1519 757 Amycum.
1592 686 1727 740 Nam
1762 685 1887 740 huic
1928 687 2019 739 uni
2059 696 2113 739 et
2158 685 2253 740 soli

692 774 938 829 oenvenit
982 770 1143 838 illud,
1192 770 1337 845 quod
1382 770 1543 826 tradit
1579 770 1861 842 Dionysius
1897 769 2039 843 apud
2082 772 2253 827 sinum

690 866 951 935 Amycum
988 862 1159 936 pisces
1184 870 1417 915 cetnccos
1452 860 1587 931 capi.
1662 861 1723 912 ln
1756 857 1857 913 hoc
1880 859 2001 913 sinu
2024 857 2133 913 duo
2156 860 2253 913 vici

690 959 814 1004 sunt
850 965 883 1003 a
908 946 1034 1015 solis
1066 946 1255 1001 Turcis
1275 945 1525 1012 habitati,
1561 962 1789 1017 quorum
1834 942 2053 999 alter-um
2085 946 2251 1001 Groeci

687 1036 952 1109 appellant
985 1037 1218 1090 Amaenm
1235 1072 1253 1101 ,
1282 1032 1502 1089 alterum
1538 1042 1726 1087 vocant
1760 1034 2105 1087 Marmor-eam
2142 1050 2251 1087 sca·

687 1124 827 1193 lam3
870 1122 1037 1183 Turci
1066 1132 1348 1195 utrumque
1392 1120 1666 1177 nominant
1706 1118 1966 1188 necea-tsi,
2007 1138 2115 1175 non
2142 1121 2253 1174 sine

690 1230 849 1269 censa
871 1211 1093 1267 fortasse
1120 1212 1267 1285 prius
1292 1208 1601 1283 appellatum
1638 1198 1853 1281 Καρύαν
1871 1196 1919 1233 ¹⁶
1946 1219 2139 1258 nomen
2160 1202 2249 1255 In·

691 1316 832 1353 sanae
857 1298 1041 1353 laurus
1066 1296 1437 1369 effugientibus
1474 1306 1669 1351 mutata
1696 1294 1883 1350 arbore
1921 1303 1977 1348 et
2011 1290 2248 1345 nomina·

691 1386 866 1453 tione,
924 1396 985 1439 ut
1028 1383 1383 1441 Pharmaciam
1428 1384 1483 1437 in
1526 1382 1791 1437 contrario
1838 1379 2011 1435 littore
2064 1373 2249 1429 accole

692 1480 1029 1527 mutaverunt
1054 1469 1109 1524 in
1128 1470 1458 1541 Therapiam.
1531 1471 1677 1523 Inter
1698 1472 1929 1523 Amnem
1946 1474 2001 1519 et
2020 1464 2251 1517 Marmo-

690 1576 837 1615 reum
861 1557 1049 1614 scalam
1086 1558 1364 1631 piscatores
1403 1558 1579 1612 estivo
1604 1568 1839 1630 tempore
1864 1552 2089 1609 tendunt
2120 1548 2249 1605 retia

691 1646 759 1701 ad
784 1646 1067 1721 capiendos
1092 1638 1257 1721 ξιφίας
1282 1646 1448 1719 pisces
1475 1655 1705 1699 cetaceos
1720 1683 1737 1709 ,
1762 1642 1853 1715 qui
1894 1642 1950 1695 in
1976 1636 2121 1694 nullo
2146 1635 2249 1693 alio

690 1734 808 1790 loco
841 1736 1060 1808 Bospori
1099 1734 1394 1807 capiuntur,
1430 1729 1590 1804 idque
1618 1730 1775 1784 maris
1814 1728 2040 1800 spatium
2072 1722 2247 1798 appel·

690 1820 797 1875 lant
818 1822 1023 1876 Amiam
1042 1822 1149 1874 sive
1170 1820 1405 1874 Iamiam
1420 1857 1437 1883 ,
1462 1818 1639 1871 nescio
1660 1832 1729 1869 an
1746 1815 1814 1869 ab
1836 1819 2059 1887 Amyco.
2128 1810 2247 1865 Hoc

689 1924 853 1961 unum
880 1908 1014 1973 scio,
1038 1906 1181 1961 hunc
1198 1906 1375 1959 sinum
1394 1921 1505 1959 esse
1534 1912 1747 1977 portum
1765 1942 1781 1967 ,
1806 1918 1965 1973 quem
1993 1897 2247 1953 Arrianus

688 1995 841 2061 (Per.
873 1994 1076 2062 Pont.§
1116 1991 1181 2061 37
1214 1995 1235 2061 )
1280 1990 1503 2063 appellat
1548 1992 1751 2044 [nurus
1782 1988 2019 2051 insane,
2042 2001 2108 2039 ex
2145 2000 2243 2049 eo,

682 2079 824 2152 quod
850 2078 1007 2133 distat
1022 2098 1054 2133 a
1078 2080 1225 2133 Fano
1247 2076 1591 2150 quadraginta
1608 2073 1774 2130 stadia
1790 2086 1859 2128 ¹⁷.
1888 2076 2070 2145 Itaque
2092 2086 2247 2144 opor·

682 2176 753 2220 tet
771 2166 1081 2237 Dionysium
1104 2181 1307 2226 errare,
1332 2174 1425 2217 aut
1450 2162 1755 2218 Arrisnum,
1830 2161 1967 2214 Nam
1991 2158 2245 2214 Arrianus

678 2254 855 2307 sinum
892 2260 1157 2325 Amycum
1178 2252 1223 2291 ¹⁸
1252 2262 1303 2305 et
1324 2262 1537 2324 portum
1572 2252 1778 2304 Laurus
1802 2249 1993 2303 insane
2018 2245 2246 2301 eundem

676 2338 821 2395 facit.
894 2340 1180 2413 Dionysius
1207 2358 1238 2394 s
1260 2339 1383 2394 sinu
1411 2341 1615 2411 Amyco
1636 2346 1839 2411 separat
1860 2338 2091 2391 laurum
2114 2336 2247 2389 insa·

680 2446 803 2484 nam
850 2429 1127 2483 intervallo
1172 2428 1483 2499 interposito
1534 2426 1681 2480 sinus
1725 2422 2115 2497 Moucaporidis
2128 2462 2145 2486 ,
2194 2432 2249 2475 et

682 2515 1034 2587 promontorii
1067 2512 1387 2586 Aetorynchi
1414 2528 1429 2566 :
1462 2510 1555 2570 sed
1576 2521 1697 2565 uter
1722 2509 1915 2565 rectius
1948 2508 2209 2581 scripserit
2225 2546 2240 2572 ,

680 2599 883 2673 conjice
904 2618 968 2655 ex
992 2601 1075 2655 his
1093 2618 1209 2673 quae
1230 2598 1563 2673 subjungam.
1638 2600 1705 2651 Et
1726 2598 1959 2671 primum
1974 2595 2245 2651 considera

682 2688 763 2757 id,
788 2688 935 2763 quod
963 2690 1247 2763 Dionysius
1284 2698 1445 2756 tacet,
1477 2704 1575 2741 cur
1599 2686 1883 2759 appellatus
1923 2683 2083 2739 suerit
2102 2684 2245 2737 sinus

683 2780 932 2850 Amycus.
980 2776 1224 2833 Profecto
1255 2792 1288 2830 a
1324 2774 1441 2831 loco
1476 2774 1650 2828 vicino
1686 2782 1989 2843 nuncupato
2024 2774 2241 2841 Amyco.

678 2866 931 2920 Preterea
970 2865 1234 2937 perspice,
1274 2880 1377 2917 cur
1416 2861 1561 2917 locus
1598 2860 1682 2915 ille
1724 2860 1925 2914 vicinus
1960 2857 2246 2932 appellatus

676 2952 834 3009 luerit
869 2956 1136 3025 Amycus3
1182 2952 1435 3005 nimirum
1471 2966 1535 3003 ex
1562 2967 1657 3015 eo,
1686 2946 1833 3021 quod
1868 2946 1939 3001 ibi
1968 2946 2047 3001 vel
2092 2951 2249 3019 Amy·

671 3058 763 3097 cus
786 3040 960 3097 aulam
982 3040 1225 3095 habuerit
1239 3079 1255 3106 ,
1284 3038 1363 3093 vel
1393 3037 1703 3111 pugnaverit
1739 3054 1861 3091 cum
1884 3034 2097 3090 Polluce
2114 3074 2129 3100 ,
2165 3034 2242 3087 vel

671 3128 817 3203 quod
854 3126 966 3201 ejus
997 3127 1295 3202 sepulcrum
1334 3125 1523 3191 suerit,
1554 3124 1633 3177 vel
1670 3125 1795 3196 quia
1830 3126 2035 3177 Laurus
2064 3124 2243 3177 insana

672 3216 867 3272 ibid-
898 3216 1131 3272 astiterit
1163 3232 1177 3269 ε
1211 3233 1333 3269 nam
1358 3214 1471 3269 haec
1494 3223 1725 3285 quatuor
1756 3212 1825 3266 de
1847 3228 1912 3265 eo
1938 3209 2237 3267 traduntur.

674 3307 755 3359 An
784 3304 839 3358 in
875 3300 1063 3357 eodem
1096 3301 1215 3355 loco
1239 3298 1425 3355 cadem
1466 3300 1579 3354 hec
1605 3298 1785 3353 omnia
1826 3296 2055 3351 fuerint?
2080 3296 2239 3366 Quod

672 3392 717 3445 si
747 3392 801 3445 in
822 3390 1010 3446 eodem
1031 3390 1150 3445 loco
1168 3430 1185 3455 ,
1212 3398 1421 3461 oportet
1446 3404 1557 3441 esse
1588 3384 1730 3457 apud
1752 3386 1927 3440 sinum
1955 3388 2233 3456 Amycum,

676 3488 765 3533 aut
782 3478 923 3533 nulls
938 3495 1096 3533 causa
1120 3476 1455 3549 relinquitur,
1478 3492 1577 3529 cur
1592 3474 1897 3529 nominetur
1916 3474 2063 3527 sinus
2081 3474 2241 3544 Amy-

676 3588 787 3626 cus.
867 3569 1169 3643 Apollonius
1189 3570 1212 3640 (
1232 3586 1279 3636 r,
1310 3568 1439 3621 1361
1460 3571 1483 3636 )
1502 3565 1587 3620 illa
1608 3568 1663 3619 in
1690 3564 1879 3619 eodem
1903 3562 2021 3619 loco
2044 3581 2241 3638 ponere

678 3658 905 3726 videtur,
929 3675 1050 3713 cum
1077 3658 1151 3713 ait
1186 3661 1508 3729 Argonautas
1543 3653 1612 3710 ad
1644 3653 1819 3721 littus,
1856 3651 2005 3725 quod
2029 3649 2238 3707 videba-

678 3758 767 3802 tur
788 3766 855 3803 ex
888 3748 1010 3801 sinu
1044 3744 1251 3799 extendi
1272 3746 1585 3809 eminenter,
1625 3758 1811 3797 navem
1842 3738 2121 3814 appulisse,
2148 3738 2238 3795 ubi

678 3846 847 3891 essent
876 3834 1076 3889 stabula
1120 3832 1281 3887 boum
1299 3872 1314 3896 ,
1348 3831 1567 3903 aulaque
1598 3830 1783 3902 Amyci
1820 3828 2115 3901 Bebrycum
2156 3846 2239 3883 re·

680 3924 790 3993 gis3
826 3938 987 3995 quem
1025 3919 1119 3974 ubi
1148 3918 1331 3974 Pollux
1363 3916 1665 3982 devicisset,
1708 3926 1763 3969 et
1800 3914 1871 3969 ob
1900 3912 2059 3985 hujus
2082 3914 2241 3970 victo-

678 4009 816 4063 riam
846 4012 1164 4079 Argonautae
1193 4004 1343 4061 lauro
1384 4004 1619 4057 coronati
1644 4010 1931 4057 coenassent
1945 4042 1961 4065 ,
1990 3999 2241 4073 postridie

681 4094 935 4151 rudentes
970 4094 1211 4160 solvisse,
1243 4090 1437 4165 quibus
1470 4092 1615 4145 navis
1647 4089 1848 4161 alligata
1881 4098 2015 4143 esset
2038 4087 2105 4142 ad
2130 4088 2242 4143 lau-

676 4198 799 4237 rum
822 4190 1057 4253 vegetam
1078 4191 1147 4233 ¹9.
1221 4176 1502 4234 Androetas
1520 4174 1783 4231 Tenedius
1806 4178 1858 4229 in
1886 4174 2087 4247 periplo
2111 4177 2238 4230 Pro·

675 4265 909 4341 pontidis
946 4267 1074 4338 (ap.
1110 4264 1274 4321 schol.
1313 4267 1417 4338 Ap.
1449 4262 1551 4317 m».
1592 4279 1659 4327 2,
1699 4263 1837 4333 159)
1866 4259 1997 4315 dicit
2033 4262 2241 4333 Apollo-

674 4354 825 4409 nium
879 4363 928 4390 ²⁰
976 4369 1086 4406 non
1138 4349 1343 4423 poetice
1386 4348 1597 4403 finxisse
1640 4348 1877 4414 laurum,
1932 4346 2025 4403 sed
2064 4366 2242 4403 revera

678 4441 839 4497 fuisse
874 4442 937 4496 in
970 4440 1077 4496 boc
1124 4438 1239 4495 loco
1274 4436 1519 4493 arborem
1561 4437 1767 4492 laurum
1806 4436 1939 4492 bene
1978 4454 2239 4509 maguam.

673 4526 931 4601 Idemque
947 4536 1195 4601 praeterea
1224 4536 1403 4580 narrat
1422 4523 1566 4579 hunc
1594 4523 1769 4579 locum
1804 4524 2048 4597 appellari
2076 4529 2240 4597 Amy-

676 4633 819 4684 cum,
838 4614 1187 4687 habuisseque
1202 4632 1297 4669 sua
1318 4624 1469 4669 etate
1488 4612 1708 4667 edificia
1728 4630 1761 4668 a
1778 4612 1977 4667 colonis
1995 4612 2237 4679 excitata,

679 4714 731 4758 et
768 4702 961 4758 distare
1000 4722 1031 4757 a
1066 4702 1355 4775 Nymphaeo
1397 4700 1751 4756 Chalcedonio
1782 4702 2019 4773 quinque
2054 4700 2237 4756 stadia.

760 4916 844 4969 16.
886 4910 1111 4984 Rapta-2]
1141 4912 1178 4966 i.
1206 4930 1259 4985 q.
1296 4908 1564 4975 Becaussi,
1601 4906 1932 4982 juglandium
1960 4908 2236 4983 oppidum.

681 4992 977 5064 negebatur
1006 4991 1229 5049 ondam.

758 5088 841 5143 ¹7·
868 5072 1115 5125 Ceterum
1146 5067 1485 5142 quadraginta
1517 5068 1805 5123 stadiorum
1830 5067 2073 5123 distantia
2092 5067 2237 5139 justo

680 5148 850 5220 major
888 5160 983 5204 cst.
1016 5150 1039 5220 ss
1068 5177 1143 5189 —
1173 5150 1255 5201 18.
1285 5146 1463 5201 Sinum
1500 5147 1792 5220 Amycum]
1824 5164 1898 5201 sc.
1928 5166 2084 5218 quem
2111 5148 2237 5201 Dio-

678 5228 857 5301 nysius
888 5228 1049 5293 dicit,
1082 5245 1203 5281 nam
1228 5228 1478 5283 Arrianus
1504 5224 1613 5298 ejus
1632 5244 1742 5281 non
1764 5225 2021 5283 meminit.

755 5323 839 5377 ¹9·
861 5304 959 5361 Ad
980 5306 1187 5361 laurum
1216 5306 1507 5377 wedam]
1549 5304 1786 5378 Apollon.
1814 5322 1867 5370 2,
1900 5305 1997 5375 ¹⁵9
2035 5323 2047 5357 ε
2079 5305 2234 5377 δάφνῃ

680 5383 943 5457 dfxit-kp,
984 5387 1049 5458 τῇ
1072 5382 1156 5438 καὶ
1178 5386 1243 5457 τῇ
1274 5383 1385 5457 περὶ
1406 5383 1662 5457 πρυμνήσι’
1688 5382 1894 5451 ἀνῆπτο.
1920 5384 2006 5439 Sic
2031 5382 2236 5437 codices

2343 687 2519 757 Magni
2559 686 2902 758 Etymologici
2935 697 3120 742 auctor
3149 689 3244 761 (p.
3284 691 3370 760 87,
3425 693 3526 761 ιι)
3569 709 3632 745 ex
3675 692 3904 765 antiquis

2343 774 2684 847 scriptoribus
2719 774 2878 831 tradit
2911 780 3170 849 Amycum
3211 778 3392 833 urbem
3435 798 3572 847 esse,
3613 792 3666 836 st
3701 783 3755 835 in
3796 800 3906 855 quo

2343 860 2458 915 loco
2483 862 2582 927 sit,
2615 879 2723 917 non
2745 861 2990 919 declarat.
3064 864 3262 919 Plinius
3290 867 3390 933 (5,
3423 869 3492 931 43
3517 871 3547 937 S
3575 868 3713 940 150)
3741 870 3901 925 Nico·

2343 948 2504 1021 polim
2528 950 2771 1023 appellat.
2844 951 3137 1023 Stephanus
3161 948 3182 1025 (
3203 964 3261 1007 v.
3305 946 3628 1025 Νικόπολις)
3671 958 3902 1031 Nicopo-

2343 1034 2434 1089 lim
2475 1034 2692 1109 quidem
2726 1035 2856 1091 dicit
2900 1054 3012 1091 esse
3045 1039 3100 1093 in
3123 1040 3392 1113 Bithynia,
3443 1040 3534 1095 sed
3571 1040 3748 1098 locum
3791 1060 3904 1099 non

2341 1119 2540 1179 definit.
2589 1121 2942 1196 Apollodorus
2961 1124 3016 1177 in
3033 1125 3208 1197 primo
3225 1126 3564 1182 Ponticorum
3591 1130 3713 1201 (ap.
3733 1128 3901 1189 schol.

2341 1208 2512 1281 Apoll.
2543 1210 2646 1265 nh.
2675 1210 2714 1265 1.
2757 1210 2794 1265 l.
2815 1215 2838 1281 )
2860 1210 2990 1267 dicit
3009 1212 3066 1265 in
3101 1211 3217 1267 loco
3255 1224 3560 1287 nuncupato
3602 1220 3802 1290 Amyco
3821 1234 3902 1273 ae·

2341 1296 2585 1369 pulcrum
2614 1300 2800 1372 Amyci
2835 1310 2886 1355 et
2927 1299 3130 1355 laurum
3175 1318 3311 1368 case,
3346 1320 3409 1356 ex
3444 1320 3550 1375 qua
3588 1304 3632 1357 si
3665 1305 3784 1377 quis
3817 1324 3903 1361 ra-

2338 1401 2481 1438 mum
2500 1386 2738 1459 cepisset,
2761 1386 2814 1440 in
2833 1388 3068 1443 convicia
3091 1398 3142 1443 et
3163 1390 3506 1445 contumelias
3529 1391 3898 1450 concitaretur.

2337 1468 2534 1525 Plinius
2561 1472 2657 1525 etsi
2679 1482 2892 1546 portum
2927 1474 3112 1546 Amyci
3139 1474 3263 1530 alias
3289 1476 3359 1545 (5
3377 1517 3394 1542 ,
3435 1478 3548 1549 43)
3578 1478 3730 1552 ponit
3759 1478 3902 1551 apud

2333 1556 2655 1629 Bosporum,
2685 1557 2808 1613 alias
2829 1558 2938 1631 (16,
2965 1563 3066 1631 89)
3097 1562 3150 1615 iu
3172 1571 3344 1617 tractu
3361 1562 3621 1617 Heraclea
3647 1565 3897 1635 Pontice,

2336 1652 2508 1698 tamen
2526 1684 2542 1711 ,
2573 1642 2628 1699 id
2655 1643 2800 1717 quod
2826 1658 3152 1719 excerpserat
3172 1665 3236 1701 ex
3263 1649 3492 1721 antiquis
3517 1650 3862 1723 scriptoribus
3877 1692 3892 1715 ,

2335 1728 2494 1785 tradit
2519 1742 2732 1805 portum
2778 1734 2961 1807 Amyci
2998 1734 3290 1808 Bebrycum
3325 1754 3448 1808 rege
3487 1737 3760 1792 interfecto
3793 1738 3899 1795 cla·

2335 1834 2452 1871 rum
2477 1834 2590 1873 case
2603 1858 2624 1889 ,
2650 1815 2866 1891 ejusque
2887 1818 3146 1873 tumulum
3165 1838 3196 1873 a
3219 1838 3466 1894 supremo
3496 1819 3585 1876 die
3599 1820 3749 1877 lauro
3771 1826 3894 1895 tegi,

2333 1921 2492 1977 quam
2525 1906 2768 1959 insanam
2803 1914 2990 1959 vocant
3005 1944 3022 1971 ,
3059 1907 3306 1977 quoniam
3353 1908 3396 1961 si
3433 1904 3562 1979 quid
3599 1926 3665 1962 ex
3701 1926 3763 1962 ea
3803 1909 3898 1963 de·

2333 2000 2568 2064 cerptum
2607 1989 2862 2046 inferatur
2897 1991 3142 2055 navibus,
3166 1990 3342 2064 jurgia
3373 1992 3532 2061 fiant,
3561 1991 3731 2057 donec
3765 1994 3898 2067 abji-

2335 2080 2523 2136 ciatur.
2597 2080 2700 2135 Sed
2737 2078 2866 2153 quid
2895 2080 3046 2153 plura
3081 2080 3372 2135 inculcem?
3397 2099 3521 2136 cum
3548 2079 3658 2154 jam
3685 2083 3807 2137 satis
3832 2100 3900 2136 ex

2333 2165 2606 2223 antedictis
2633 2178 2830 2241 pateat,
2853 2168 2906 2222 in
2929 2166 3114 2223 eodem
3131 2166 3248 2223 loco
3272 2168 3427 2223 fuisse
3445 2180 3660 2242 portum
3682 2170 3892 2241 Amyci,

2333 2266 2546 2328 portum
2589 2258 2794 2311 Laurus
2825 2258 3017 2311 insana
3031 2294 3048 2323 ,
3078 2255 3376 2330 sepulcrum
3413 2258 3594 2330 Amyci
3635 2267 3687 2311 et
3719 2257 3896 2313 locum

2333 2360 2520 2417 pugna
2547 2344 2683 2398 inter
2702 2342 2963 2399 Pollucem
2983 2353 3036 2398 et
3061 2349 3339 2416 Amycum,
3363 2355 3416 2399 et
3433 2344 3609 2399 locum
3633 2349 3896 2417 Amycum

2332 2439 2384 2484 et
2411 2430 2586 2485 sinum
2609 2432 2886 2503 Amycum.
2928 2433 3104 2500 Quare
3133 2430 3297 2485 miror
3320 2432 3633 2503 Dionysium
3657 2448 3898 2504 separare

2334 2517 2566 2570 Laurum
2589 2518 2820 2569 insanam
2841 2534 2871 2570 a
2893 2518 3012 2571 sinu
3035 2521 3262 2589 Amyco,
3293 2518 3602 2589 interposito
3625 2517 3896 2573 intervallo

2333 2604 2480 2656 sinus
2502 2603 2896 2677 Moucaporidis
2937 2613 2990 2657 et
3023 2605 3370 2675 promontorii
3397 2606 3735 2677 Actorynchi.
3787 2606 3896 2661 Ve-

2333 2706 2452 2742 rum
2485 2690 2766 2761 Dionysius
2782 2730 2796 2756 ,
2823 2700 2882 2743 ut
2909 2690 3069 2744 homo
3105 2690 3380 2761 Byzantius
3417 2689 3568 2762 longe
3601 2692 3897 2746 accuratius

2334 2774 2633 2829 describens
2657 2774 2800 2830 littus
2826 2776 3042 2847 Bospori
3069 2775 3368 2848 Byzantium
3384 2815 3400 2839 ,
3427 2794 3586 2848 quam
3608 2776 3896 2833 Chalcedo-

2337 2860 2484 2913 nium
2500 2902 2516 2927 ,
2547 2860 2716 2934 decipi
2741 2862 2912 2933 potuit
2932 2862 3068 2915 varin
3089 2857 3312 2932 quadam
3341 2862 3611 2931 opinione,
3639 2880 3756 2935 quae
3778 2872 3896 2919 tum

2335 2944 2550 3001 fortasse
2587 2946 2962 3019 pervagabatur
2999 2946 3067 3001 dc
3103 2949 3278 3001 hur-o
3311 2948 3512 3003 insana.
3585 2946 3688 3002 sed
3727 2966 3893 3019 quan·

2334 3032 2572 3088 tumlihet
2593 3032 2750 3087 fuerit
2776 3044 3076 3105 pervagata,
3105 3044 3276 3087 tamen
3299 3052 3361 3087 ex
3386 3033 3662 3088 antedictis
3691 3044 3898 3091 constat

2330 3121 2504 3173 sinum
2528 3124 2787 3193 Amycum
2810 3139 2948 3185 esse,
2973 3138 3130 3193 quem
3159 3122 3412 3175 Arrianus
3430 3121 3650 3195 appellat
3677 3131 3894 3195 portum

2332 3206 2536 3261 Laurus
2559 3207 2780 3271 insane,
2826 3216 2878 3260 et
2901 3206 3102 3262 Plinius
3127 3217 3338 3279 portum
3382 3208 3607 3279 Amyci:
3648 3226 3896 3281 nuncque

2327 3290 2572 3365 appellari
2601 3292 2810 3345 Amiam
2845 3302 2896 3346 et
2917 3292 3266 3346 marmoream
3301 3291 3490 3346 scalam
3510 3331 3526 3358 ,
3563 3293 3704 3365 apud
3731 3311 3896 3365 quam

2327 3383 2408 3429 cst
2441 3372 2558 3430 sons
2583 3374 2782 3430 distans
2816 3392 2847 3429 a
2885 3376 3120 3447 Bosporo
3147 3386 3356 3430 centum
3395 3394 3609 3450 passus,
3651 3378 3894 3433 emittens

2327 3462 2546 3517 fluvium
2568 3460 2911 3535 perfrigidum
2927 3500 2946 3529 ,
2975 3462 3132 3517 etiam
3153 3480 3360 3517 summa
3380 3453 3556 3517 astate
3578 3481 3783 3518 versare
3804 3482 3893 3519 va·

2326 3546 2518 3603 lentem
2549 3546 2740 3615 molas,
2761 3548 2806 3602 si
2827 3545 2940 3620 ejus
2963 3546 3136 3602 alveus
3171 3558 3303 3603 esset
3325 3549 3572 3620 proclivis
3595 3566 3608 3601 :
3647 3560 3699 3603 ct
3727 3548 3896 3621 major

2325 3642 2438 3690 erat
2457 3644 2736 3707 antequam
2759 3631 2872 3707 ejus
2893 3652 3014 3708 pars
3033 3631 3264 3688 derivata
3281 3643 3414 3689 esset
3436 3636 3492 3689 in
3521 3634 3691 3689 vicum
3719 3638 3896 3709 proxi·

2329 3738 2474 3775 mum
2500 3721 2810 3795 appellatum
2854 3720 3092 3775 Becoussi
3107 3760 3124 3787 ,
3153 3718 3275 3788 ubi,
3306 3732 3363 3775 ut
3384 3720 3545 3776 hodie
3570 3732 3648 3777 cst
3683 3740 3892 3778 accom-

2327 3806 2538 3864 modata
2573 3808 2724 3878 regie
2745 3808 3040 3863 Tus-eorum
3060 3806 3221 3874 aule,
3263 3808 3338 3861 sic
3371 3806 3524 3880 longe
3555 3808 3892 3865 commodior

2327 3895 2474 3951 sedes
2520 3894 2620 3951 suit
2659 3896 2907 3951 armentis
2953 3896 3139 3969 Amyci
3178 3893 3518 3969 ejusdemque
3559 3897 3689 3953 atala
3732 3916 3893 3971 quam

2327 3987 2468 4058 apud
2508 3987 2740 4039 Inurum
2767 3986 3025 4047 insanam,
3060 4000 3218 4057 quam
3251 3984 3538 4056 Dionysius
3574 3986 3724 4059 ponit
3754 3987 3894 4042 inter

2331 4073 2682 4146 Argyronium
2709 4082 2762 4127 et
2782 4072 2954 4127 sinum
2977 4073 3210 4127 Turcum
3225 4112 3240 4135 ,
3267 4072 3358 4126 ubi
3391 4072 3500 4127 dixi
3527 4072 3674 4128 fluvii
3696 4075 3892 4129 ostium

2329 4162 2532 4217 efficere
2553 4160 2794 4235 paludem
2817 4161 2998 4215 cannis
3027 4160 3263 4233 plenam,
3293 4162 3346 4215 in
3381 4178 3490 4233 quo
3522 4162 3690 4234 spatio
3718 4161 3892 4216 nullus

2328 4260 2406 4304 est
2439 4249 2661 4315 fluvius,
2703 4248 2794 4321 qui
2838 4249 3153 4303 necessarius
3191 4259 3305 4302 erat
3329 4249 3459 4303 aulae
3495 4250 3630 4319 regis
3668 4252 3887 4321 Amyci,

2329 4336 2552 4408 ideoque
2582 4337 2736 4390 ctiam
2759 4335 2858 4390 hac
2879 4344 3026 4389 etate
3041 4344 3182 4390 caret
3207 4334 3458 4393 aedificiis.
3531 4336 3640 4391 Nec
3669 4355 3756 4391 me
3779 4356 3893 4392 mo—

2329 4434 2414 4479 vet
2444 4425 2598 4479 ctiam
2626 4424 2670 4477 si
2695 4422 2853 4478 hodie
2877 4422 3016 4478 nulla
3044 4421 3286 4497 spelunca
3326 4434 3568 4496 appareat
3591 4424 3706 4478 talis
3720 4464 3738 4490 ,
3764 4440 3892 4495 quau-

2331 4512 2431 4566 lem
2453 4510 2703 4567 describit
2719 4511 2984 4577 Valerius,
3007 4528 3127 4565 cum
3147 4511 3219 4564 ait
3243 4528 3256 4565 ε

2453 4635 2635 4686 Littore
2661 4634 2709 4685 ln
2733 4636 2946 4685 extrem
2967 4632 3196 4697 spelunca
3217 4632 3436 4697 apparuit
3457 4631 3622 4695 ingens

2455 4712 2720 4763 Arboribus
2739 4724 2880 4774 super
2901 4714 2951 4761 et
2971 4710 3112 4761 dorso
3137 4712 3354 4760 contecta
3374 4709 3592 4759 minanti.

2329 4911 2516 4976 nostri,
2539 4912 2592 4965 in
2617 4910 2807 4982 quibus
2829 4928 2994 4983 quum
3016 4910 3201 4964 vitium
3227 4908 3380 4963 lateat
3394 4949 3412 4975 ,
3434 4907 3714 4964 Merkelius
3741 4908 3890 4964 dedit

2327 4994 2392 5063 τῇ
2430 4992 2514 5044 καί
2554 5010 2608 5045 τε
2641 4988 2749 5063 περὶ
2761 5030 2778 5057 ,
2806 4990 2860 5043 in
2887 4990 3222 5045 annotatione
3260 4986 3460 5042 addens
3507 4989 3697 5059 corrigi
3735 5006 3888 5061 posse

2326 5073 2391 5143 τῇ
2417 5070 2500 5123 καὶ
2527 5070 2742 5143 περάτῃ,
2773 5072 2836 5142 τῇ
2869 5068 2952 5123 καὶ
2981 5068 3127 5142 νιάτῃ
3144 5109 3160 5134 ,
3195 5070 3282 5135 τῆς
3313 5067 3396 5120 καὶ
3428 5066 3616 5122 erint.
3652 5068 3882 5139 Gyllius,

2326 5166 2484 5221 quem
2528 5147 2788 5221 Apollonii
2832 5148 3188 5202 recensionem
3215 5164 3246 5201 a
3271 5154 3450 5200 nostra
3485 5145 3742 5200 diversam
3789 5144 3886 5201 ha-

2326 5226 2500 5281 buisse
2543 5226 2812 5298 complura
2869 5224 3102 5300 produnt
3157 5224 3378 5289 indicia,
3443 5224 3659 5278 sortasse
3705 5222 3825 5293 legit
3864 5240 3879 5280 z

2328 5308 2391 5379 τῇ
2454 5306 2536 5359 καὶ
2588 5305 2810 5378 στιὸαρῇ.
2861 5306 2883 5376 ΙΙ
2919 5336 2990 5347 -
3031 5320 3099 5360 20
3157 5303 3536 5379 Apollonium]
3593 5300 3886 5373 Legebattu·

2325 5382 2618 5455 Orpheum.
