4584 6284
708 542 731 593 1
744 540 817 592 00

838 663 888 715 Χ
890 664 990 718 ΠΙ.
1017 666 1096 716 De
1124 662 1301 717 infida
1323 666 1593 733 Antigono
1612 678 1665 721 et
1686 666 1860 721 iruula
1888 668 2125 739 Pityode.

770 817 946 882 Quam
985 815 1157 871 Graeci
1194 828 1387 872 nostrae
1422 820 1584 873 aetatis
1608 818 1871 891 appellant
1900 822 2204 892 Antigonon
2230 835 2270 890 ⁸,

694 902 925 956 Zonaras
966 902 1041 955 ait
1070 901 1194 957 olim
1230 914 1467 959 vocatam
1496 906 1818 960 Panormum
1866 906 2087 961 insulam
2130 926 2276 963 nunc

695 988 947 1059 Antigoni
976 987 1262 1043 nominari.
1340 990 1541 1045 Plinius
1562 992 1701 1046 inter
1717 992 1909 1047 insulas
1930 994 2273 1067 Proponticas

695 1084 941 1129 numerat
967 1074 1340 1143 Antiochiam3
1372 1074 1492 1131 vide
1526 1094 1655 1133 num
1700 1077 1889 1151 aliquis
1924 1079 2089 1135 codex
2118 1081 2274 1136 Plinii

694 1161 946 1233 antiquus
966 1160 1161 1217 haheat
1181 1162 1543 1235 Antigoniam.
1617 1164 1795 1221 Insula
1815 1166 1882 1221 ab
1920 1166 2167 1241 aquilone
2194 1168 2271 1224 ef·

692 1245 803 1301 ficit
824 1246 971 1302 littus
992 1248 1257 1303 excelsum
1280 1258 1333 1304 et
1361 1260 1717 1325 proemptum3
1746 1250 1857 1325 ejus
1883 1252 2122 1327 quaedam
2150 1271 2272 1327 pers

694 1332 905 1388 intuens
930 1334 1432 1393 meridiem'eminet
1467 1338 1689 1412 rupibus
1724 1339 1960 1414 abruptis
1998 1358 2163 1414 usque
2202 1340 2269 1396 ad

690 1436 961 1476 summum
986 1420 1151 1477 ferme
1170 1424 1437 1481 verticem.
1469 1423 1554 1483 Ab
1572 1442 1759 1480 occasu
1783 1436 1905 1481 sunt
1921 1426 2095 1482 littora
2122 1429 2270 1501 rupi-

691 1504 793 1561 bus
811 1510 1091 1582 praeruptis
1106 1527 1287 1582 aspera
1304 1550 1320 1577 ,
1353 1508 1444 1565 sed
1471 1510 1625 1584 longe
1640 1510 1978 1580 demissiora3
2007 1514 2061 1567 in
2086 1532 2269 1570 omnes

689 1604 867 1666 partes
902 1596 1080 1652 existit
1116 1596 1319 1652 diclivis
1330 1618 1346 1665 ;
1373 1598 1609 1672 undique
1633 1597 1746 1672 ejus
1773 1618 2015 1657 ascensus
2046 1614 2124 1657 est
2168 1614 2268 1659 sta·

688 1678 901 1736 diorum
928 1683 1140 1737 circiter
1160 1694 1414 1763 quatuor3
1442 1686 1497 1740 in
1531 1686 1701 1743 multo
1728 1687 2063 1744 excelsiorem
2090 1688 2267 1745 altitu·

690 1764 869 1823 dinem
892 1768 1116 1824 effertur
1140 1788 1301 1843 quam
1341 1772 1532 1839 Prota3
1574 1774 1628 1828 in
1658 1792 1870 1831 summo
1904 1777 2097 1831 vertice
2130 1774 2267 1831 aedes

684 1872 829 1909 sacra
854 1856 1146 1911 etiamnum
1163 1867 1348 1925 exstat,
1375 1869 1429 1913 et
1438 1857 1591 1931 juxta
1614 1860 1780 1916 aedem
1803 1862 2026 1917 cisterna
2045 1862 2266 1933 Signino

683 1958 844 2015 opere
870 1944 1107 2011 munita,
1135 1956 1501 2001 concamerata
1524 1946 1752 2003 lateritio
1776 1959 1931 2003 tecto.
2007 1950 2141 2005 Sunt
2168 1949 2263 2005 ibi-

683 2026 807 2083 dem
833 2030 992 2085 etiam
1023 2031 1165 2103 putei
1182 2029 1325 2104 jugis
1361 2049 1529 2106 aquae.
1568 2034 1655 2091 Ab
1678 2034 1881 2091 oriente
1908 2034 2063 2091 habet
2090 2036 2263 2091 vicum

684 2117 741 2171 in
768 2116 944 2173 littore
968 2119 1159 2189 situm3
1185 2121 1325 2176 cirea
1351 2122 1529 2178 vicum
1555 2132 1681 2178 sunt
1702 2123 1903 2196 aliquot
1930 2124 2118 2193 vinem
2144 2124 2263 2179 reli-

685 2220 804 2275 quae
838 2214 1017 2279 partes
1057 2220 1181 2263 sunt
1216 2218 1365 2264 tectae
1392 2228 1574 2284 eryca,
1602 2209 1795 2267 arbuto
1812 2251 1827 2277 ,
1858 2230 1979 2267 rore
2020 2213 2257 2281 marino,

1938 540 2279 602 moNst
2325 536 2694 608 BYZANTH

2363 685 2453 729 nat
2491 677 2766 751 Pityodem
2802 690 2854 735 et
2880 680 3137 738 Chalcitin
3181 693 3233 739 et
3270 687 3480 741 Protam
3502 728 3517 752 ,
3557 691 3802 746 existimo
3840 690 3932 748 Pt-

2362 761 2572 835 tyodem
2604 764 3003 822 Artemidorum
3036 767 3322 843 intelligere
3346 783 3441 828 aut
3471 776 3812 848 Antigoniam
3843 785 3938 834 aut

2360 866 2502 918 eam,
2529 868 2686 923 quam
2703 849 2816 925 jam
2845 854 3017 910 Graeci
3053 856 3313 929 appellant
3335 858 3561 915 insulam
3602 862 3928 935 principem}

2361 952 2480 991 nam
2522 956 2620 992 cur
2663 952 3102 997 commemoraret
3143 952 3250 998 tam
3291 947 3534 1017 exiguam
3582 948 3805 1004 insulam
3821 990 3838 1017 ,
3882 958 3940 1007 et

2362 1024 2656 1094 proximam
2683 1044 2926 1099 magnam
2953 1030 3278 1102 preteriret?

2737 1180 2870 1233 XIV
2874 1218 2889 1234 .
2931 1188 3001 1234 De
3032 1180 3318 1237 chalcitide
3351 1183 3548 1241 insula.

2431 1322 2678 1379 Chalcitis
2709 1324 2876 1379 insula
2911 1344 2942 1379 a
2983 1328 3178 1381 Graecis
3205 1340 3398 1383 nostroe
3433 1332 3595 1386 aetatis
3628 1334 3936 1389 nominatur

2357 1412 2589 1481 Chalcis3
2615 1412 2773 1469 distat
2797 1413 2866 1469 ab
2891 1416 3173 1488 Antigonia
3203 1428 3438 1489 quatuor
3464 1420 3653 1475 stadia.
3726 1422 3934 1497 Menip-

2358 1520 2455 1575 pus
2477 1514 2490 1539 ¹
2527 1502 2582 1555 in
2604 1502 2810 1576 periplo
2831 1503 3087 1577 Bithyniae
3114 1504 3460 1563 Chalcitidem
3493 1508 3712 1565 insulam
3738 1514 3934 1567 consti·

2357 1590 2458 1643 tuit
2484 1600 2672 1645 contra
2707 1588 3092 1646 Chalcedonem
3107 1632 3124 1659 ,
3161 1610 3381 1667 eamque
3422 1592 3555 1650 dicit
3590 1596 3786 1653 habere
3804 1586 3930 1654 'aeris

2356 1676 2580 1731 metalla.
2627 1674 2971 1732 chalcitidem
3009 1676 3230 1733 eandem
3255 1698 3384 1747 esse,
3411 1698 3570 1754 quam
3597 1683 3891 1757 Stephanus
3907 1698 3928 1723 ²

2355 1762 2578 1836 appellat
2599 1765 2978 1830 Demonesum,
3007 1782 3256 1837 assequor
3279 1784 3342 1820 ex
3371 1785 3437 1821 eo
3477 1767 3624 1841 quod
3659 1768 3789 1825 dicit
3825 1773 3928 1825 De·

2355 1866 2630 1905 monoeum
2657 1850 2882 1907 insulam
2901 1892 2916 1918 ,
2943 1851 3096 1907 sitam
3114 1852 3252 1909 circa
3283 1854 3668 1911 chalcedonem
3683 1899 3698 1923 ,
3729 1857 3926 1913 habere

2352 1940 2501 2011 cyani
2533 1938 2734 1993 metalla
2760 1950 2816 1994 et
2845 1940 3212 2014 chrysocollae,
3242 1953 3295 1997 et
3327 1961 3519 1998 aurum
3546 1948 3839 2018 pretiosum
3875 1960 3932 2003 et

2350 2024 2686 2081 coronarium
2703 2024 2725 2065 ³
2775 2024 2922 2099 quod
2972 2026 3137 2083 octilis
3185 2029 3562 2100 :egrotantibus
3609 2030 3926 2088 medicinam

2348 2110 2550 2168 afferat.
2625 2112 2782 2167 Nulla
2813 2112 2914 2167 alia
2947 2113 3116 2169 insula
3142 2114 3281 2171 circa
3306 2115 3694 2173 Chalcedonem
3720 2119 3926 2176 metalla

2349 2197 2521 2267 hahet,
2543 2200 2647 2256 nisi
2663 2198 2930 2257 Chalcitis.
2958 2200 3260 2257 Aristoteles
3272 2202 3513 2259 similiter
3527 2204 3712 2260 scribit
3735 2221 3751 2263 ε
3779 2228 3802 2257 ι
3825 2208 3928 2263 De-

684 2290 828 2357 ilice,
872 2289 1085 2348 ladano.
1158 2294 1291 2351 Tota
1339 2295 1510 2352 insula
1550 2295 1784 2372 lapidosa
1833 2308 1993 2355 scatet
2033 2300 2250 2354 minutis
2345 2306 2621 2343 'nonaum
2656 2286 2851 2361 iminst-
2885 2287 3109 2344 5⁰⁵¹²¹⁸¹¹²
3137 2288 3616 2347 Chfloedfflflomm
3649 2292 3751 2363 (8Ῑο
3779 2294 3922 2349 ‘⁰3¹⁰

682 2377 884 2451 lapillis.
963 2380 1163 2435 Contra
1200 2382 1375 2437 vicum
1403 2394 1483 2438 est
1515 2382 1685 2439 insula
1728 2386 1947 2457 exigua,
1978 2383 2127 2457 cujus
2154 2388 2257 2440 cir·
2345 2374 2622 2449 legendum
2648 2386 2745 2443 δί,
2776 2395 2886 2432 11011
2917 2387 2978 2431 ut
3002 2376 3162 2431 lubet
3199 2376 3381 2433 Codex
3417 2376 3592 2434 editus
3631 2374 3922 2454 Χαρκηδο·

683 2465 856 2519 cuitus
877 2484 991 2521 non
1017 2466 1223 2523 excedit
1248 2478 1476 2541 quatuor
1500 2469 1695 2538 stadia,
1726 2470 1945 2526 altitudo
1972 2489 2078 2526 non
2101 2490 2259 2546 supe-
2343 2456 2464 2517 νίων
2480 2455 2532 2537 ⁴)
2563 2482 2595 2519 Ι
2623 2468 2926 2520 138ωο0880
2952 2464 3169 2518 homine
3201 2465 3512 2538 &ppelhttm
3538 2484 3669 2533 ²⁸⁸0·
3701 2466 3922 2523 &beve-

680 2563 765 2609 rat
786 2554 1165 2627 quinquaginta
1193 2574 1375 2630 passus
1397 2558 1420 2629 (
1440 2556 1665 2629 intellige
1683 2576 1816 2631 quos
1837 2558 2093 2613 conficere
2110 2559 2254 2613 soleo

680 2640 737 2695 in
766 2640 1116 2708 ambulando,
1148 2652 1207 2696 ut
1234 2643 1447 2715 intelligi
1474 2654 1685 2717 oportet
1712 2646 1764 2699 in
1803 2644 2052 2699 omnibus
2088 2646 2251 2718 passi·

679 2729 779 2785 hus
805 2740 929 2786 ante
947 2730 1061 2802 jam
1091 2749 1122 2785 a
1150 2748 1235 2785 me
1276 2732 1699 2787 commemoratis
1719 2734 1769 2803 );
1810 2750 1929 2807 quae
1970 2732 2126 2805 vulgo
2160 2751 2255 2806 ap·

676 2816 897 2891 pellatur
920 2819 1085 2890 Pitys.
1118 2818 1242 2873 Haec
1268 2817 1511 2891 Pityodes
1528 2818 1723 2875 dicitur
1744 2831 1763 2857 ²
1789 2819 1857 2874 ab
1882 2818 2243 2887 Artemidoro,

676 2920 839 2977 quam
865 2904 1029 2959 tradit
1057 2905 1209 2959 sitam
1237 2916 1421 2961 contra
1442 2907 1761 2961 continentis
1781 2924 1953 2961 acram
1976 2924 2248 2981 nuncupa·

682 2999 788 3045 tam
816 2972 996 3063 ἲ’Υῑτιιπκ
1028 2991 1288 3065 Equidem
1308 3010 1431 3047 cum
1454 2992 1819 3050 Artemidorus
1842 2994 2125 3050 ordinatim
2149 3013 2249 3068 po·

752 3202 799 3237 ι.
825 3182 1166 3257 Antigonon]
1188 3186 1263 3239 sic
1290 3186 1494 3258 Gyllius
1516 3188 1673 3241 ctiam
1699 3188 1752 3241 in
1787 3185 2246 3253 antecedentibus;

676 3261 853 3317 dicere
883 3261 1141 3330 debebat,
1173 3264 1384 3335 opinor,
1412 3263 1729 3333 Antigonen.
1761 3268 1988 3319 Zonaras
2016 3266 2077 3318 15
2097 3304 2111 3327 ,
2144 3265 2208 3317 18
2232 3280 2245 3316 :

676 3341 938 3413 Πάνορμος
964 3343 996 3409 ἢ
1024 3342 1109 3396 καὶ
1136 3341 1390 3413 Ἀντιγόνη
1413 3342 1613 3414 λέγεται
1637 3342 1723 3397 καὶ
1762 3342 2063 3415 θιρᾶὅινθος.
2092 3343 2250 3415 Apud

678 3419 907 3473 Plinium
941 3418 991 3484 5,
1020 3422 1108 3485 44,
1136 3424 1166 3489 S
1196 3419 1291 3474 151
1316 3430 1642 3475 memoratur
1660 3419 1971 3476 Erebinthos
1992 3421 2249 3491 (Erebin-

680 3495 859 3551 thodes
900 3497 1161 3552 Harduin.
1184 3500 1237 3567 ),
1268 3498 1363 3553 ubi
1392 3498 1725 3565 Mannertus,
1775 3500 2012 3571 quamvis
2058 3502 2247 3554 Zonari

679 3576 855 3631 locum
882 3594 992 3631 non
1020 3579 1227 3633 noverit
1239 3619 1257 3646 ,
1296 3576 1669 3634 Uieoebinthus
1707 3579 1935 3635 fortassis
1974 3578 2247 3651 legendum

680 3673 792 3711 ase
831 3657 1211 3730 suspicabatur.
1256 3659 1393 3714 Mihi
1432 3676 1464 3715 e
1503 3659 1745 3733 plurimis
1785 3659 1939 3716 Plinii
1980 3660 2249 3716 codicibus

679 3738 911 3791 Zonaras
936 3737 1111 3809 potius
1132 3737 1472 3811 corrigendus
1497 3756 1609 3794 esse
1638 3739 1862 3794 videtur.
1890 3741 2094 3794 Nomen
2118 3742 2248 3795 Ere·

679 3814 895 3871 hinthos
940 3816 1069 3872 nihil
1108 3816 1267 3873 habet
1313 3819 1368 3874 in
1395 3837 1505 3892 quo
1545 3818 1803 3875 offendas.
1857 3820 2056 3875 Eodem
2084 3818 2246 3876 modo

682 3895 853 3953 insula
880 3897 1041 3952 maris
1066 3897 1225 3971 AEgzri
1261 3898 1488 3963 Αίὸινθος
1513 3918 1544 3955 a
1568 3898 1830 3962 λιὸινθῑοις
1869 3898 1945 3972 (i.
1974 3918 2028 3973 q.
2067 3898 2245 3971 ἔρεὸῑν-

680 3974 853 4051 θοις),
883 3994 983 4033 nec
1012 3995 1148 4045 non,
1197 3978 1383 4034 eodem
1418 3980 1648 4035 nominis
1675 3997 1859 4047 sensu,
1892 3976 2134 4053 Ὀροὸΐτις
2176 3980 2245 4036 ab

676 4054 871 4127 ὀρόὸοις
897 4055 1072 4131 (Vide
1100 4068 1228 4113 tom.
1262 4060 1323 4126 1,
1354 4077 1410 4133 p.
1456 4062 1523 4125 44
1550 4070 1660 4117 not.
1686 4058 1730 4133 ).
1770 4059 2014 4114 Ceterum
2044 4059 2241 4116 Plinius

675 4138 746 4191 ita
770 4136 926 4192 habet
948 4152 962 4193 :
982 4140 1087 4193 Est
1104 4150 1157 4192 et
1171 4151 1356 4194 contra
1375 4138 1735 4195 Nicomediam
1758 4143 2094 4205 Dentonem-n·
2118 4138 2239 4196 item

675 4216 819 4271 ultra
860 4217 1165 4273 Heracleam
1206 4217 1437 4275 adversa
1482 4218 1741 4292 Bithynia.-
1789 4216 2035 4291 Thynias,
2082 4238 2239 4294 quam

675 4296 889 4351 barbari
907 4296 1209 4368 Bithyniam
1229 4311 1441 4354 vocant.
1463 4304 1567 4355 Est
1580 4311 1633 4354 et
1655 4297 1963 4365 Antiochia,
1984 4308 2035 4353 et
2055 4311 2239 4355 contra

673 4372 851 4437 fauces
888 4374 1156 4447 Rhyndaci
1191 4376 1429 4432 Besbices
1464 4379 1519 4432 X
1518 4380 1573 4430 V
1570 4380 1677 4431 ΙΙΙ
1706 4376 1821 4431 mil.
1862 4373 2089 4431 circuitu
2098 4400 2121 4442 ,·
2158 4388 2237 4432 est

674 4454 824 4508 Bloea
853 4465 903 4508 et
930 4452 1049 4507 duee
1082 4454 1390 4521 Rhodussae,
1430 4454 1738 4513 Erebinthos
1752 4496 1768 4525 ,
1819 4452 2095 4523 chalcitis,
2140 4456 2234 4511 Pi-

677 4532 869 4604 tyodes.
898 4535 962 4588 In
986 4534 1068 4589 his
1089 4535 1321 4609 Thynias
1342 4535 1411 4592 ad
1435 4533 1771 4609 Propontidis
1799 4534 1992 4590 insulas
2014 4537 2236 4590 omnino

676 4612 807 4667 nihil
832 4614 1075 4686 pertinet.
1100 4612 1201 4669 Sed
1226 4625 1393 4671 cetera
1414 4634 1625 4690 quoque
1645 4615 1980 4671 tumultuarie
2005 4634 2069 4671 ex
2088 4634 2233 4672 com·

676 4690 917 4764 pluribus
962 4693 1195 4749 fontibus
1228 4695 1429 4752 Plinius
1460 4698 1736 4751 corrasisse
1771 4693 1999 4751 videtur.
2044 4697 2234 4751 Antio·

672 4771 848 4827 chiam
885 4772 1105 4829 eandem
1146 4791 1256 4829 esse
1304 4792 1425 4831 cum
1476 4775 1737 4847 Antigona
1784 4784 1964 4831 nostra
2030 4774 2235 4849 Gyllius

671 4852 853 4907 statuit
884 4851 1239 4925 probabiliter.
1280 4852 1738 4923 Quemadmodum
1783 4850 2014 4925 ejusdem
2054 4854 2237 4911 insulae

670 4928 894 4985 alterum
932 4950 1126 4987 nomen
1156 4932 1501 5000 Erebinthus,
1531 4933 1676 5006 quasi
1704 4931 1833 4987 alius
1861 4934 2043 4988 insulae
2064 4945 2230 5001 esset,

668 5008 869 5065 Plinius
892 5010 1135 5079 exhibet,
1164 5014 1239 5067 sic
1260 5014 1415 5067 etiam
1442 5014 1642 5082 Megale
1666 5024 1717 5068 et
1742 5012 1987 5085 Pity-odes
2016 5016 2235 5070 nomina

668 5092 737 5145 ad
760 5089 969 5145 eandem
989 5092 1207 5147 insulam
1239 5095 1531 5165 pertinent,
1565 5112 1663 5149 nec
1686 5113 1791 5149 non
1815 5099 2128 5151 Demonesus
2149 5114 2234 5151 ea-

672 5170 789 5224 tiem
806 5180 886 5225 est
908 5187 1031 5225 cum
1054 5170 1341 5226 chalcitide
1356 5182 1445 5227 aut
1462 5190 1581 5227 cum
1608 5172 1840 5245 Pio-ode.

736 5266 789 5305 2.
832 5250 965 5304 Hoec
1000 5247 1248 5321 Pityodes
1279 5248 1518 5323 dicitur]
1549 5250 1805 5307 debebat:
1847 5251 1955 5309 hoec
1991 5252 2235 5326 Pityodes

660 5326 777 5383 clici
798 5327 974 5383 videri
994 5340 1206 5403 possit,
1232 5348 1400 5402 quum
1419 5332 1529 5405 ipse
1559 5332 1761 5405 Gyllius
1778 5332 2047 5406 Pityodem
2078 5338 2233 5389 Arte·

666 5408 861 5464 midori
896 5406 1053 5465 aliam
1092 5410 1316 5465 insulam
1358 5411 1611 5485 majorem
1648 5430 1759 5467 esse
1798 5424 2031 5480 censeat,
2068 5412 2233 5486 idque

2341 2572 2446 2627 que
2471 2554 2622 2627 cyani
2649 2552 2856 2608 metalla
2877 2563 2932 2607 et
2947 2553 3344 2626 chrysocollam,
3373 2565 3428 2609 et
3444 2574 3637 2611 aut-tim
3664 2558 3920 2612 eximium

2340 2640 2396 2694 in
2435 2657 2498 2695 ea
2525 2640 2782 2704 inveniri,
2823 2638 2972 2712 quod
3001 2642 3069 2694 sit
3105 2640 3272 2695 oculis
3301 2640 3626 2709 remedium,
3657 2654 3816 2717 atque
3851 2662 3920 2698 aes

2338 2726 2486 2801 quod
2514 2726 2824 2784 Aristoteles
2851 2726 3076 2803 appellat
3097 2718 3297 2802 χαλκὸν
3325 2722 3696 2798 κολυμὸητήν,
3726 2750 3792 2787 ex
3819 2750 3885 2787 eo
3899 2771 3917 2799 ‚

2337 2816 2548 2889 opinor,
2578 2814 2724 2888 quod
2740 2856 2757 2883 ,
2784 2825 2846 2870 ut
2871 2816 2983 2889 ipse
3009 2814 3162 2870 addit
3180 2857 3196 2884 ,
3221 2834 3287 2870 ex
3311 2818 3446 2871 mari
3473 2818 3745 2891 profundo
3783 2818 3919 2874 duos

2338 2923 2517 2978 passus
2537 2904 2832 2961 urinatores
2860 2902 2988 2959 illud
3006 2903 3282 2959 extrahant
3295 2925 3311 2971 3
3341 2923 3404 2959 ex
3430 2924 3540 2979 quo
3563 2905 3753 2962 factam
3775 2908 3917 2962 idem

2338 2990 2578 3065 adjungit
2596 3002 2820 3046 statuam
2848 2990 2904 3044 in
2929 2989 3062 3045 urbe
3088 2990 3311 3064 Sicyone
3336 3000 3587 3047 statutam
3614 2993 3667 3047 in
3695 2995 3916 3066 antiquo

2341 3182 2645 3239 rectissime.
2670 3180 2935 3255 Pityodes,
2957 3182 3088 3255 Hyri
3119 3200 3203 3255 pr.
3233 3184 3494 3255 pioxima,
3515 3202 3627 3239 esse
3656 3184 3810 3240 debet
3836 3188 3890 3240 in

2339 3263 2575 3319 aularum
2599 3262 2792 3317 harum
2815 3262 3043 3317 maxima
3056 3301 3072 3328 ,
3098 3278 3259 3334 quam
3285 3280 3432 3317 nunc
3451 3262 3716 3336 appellant
3750 3264 3908 3319 Prin·

2340 3342 2396 3397 ki
2495 3385 2510 3399 .

2387 3360 2825 3494 ςῗσΜεηίρμω]
2865 3418 3005 3493 apud
3043 3418 3366 3493 Stephanum
3401 3437 3456 3475 v.
3491 3419 3787 3488 Χαλκηδών,
3819 3421 3910 3475 ubi

2339 3510 2513 3555 tamen
2553 3498 2685 3555 nibil
2711 3498 2903 3569 legitur
2932 3499 3032 3553 nisi
3067 3498 3207 3554 hoc:
3239 3498 3502 3571 Μέμνηται
3531 3496 3560 3551 ὃ
3587 3496 3732 3561 αὖτὸς
3759 3500 3909 3567 (Me-

2339 3578 2573 3652 nippus)
2603 3577 2688 3633 καὶ
2726 3582 2811 3647 τῆς
2841 3576 3129 3642 Χαλκῑτιδος
3161 3576 3333 3646 νήσου.
3369 3576 3604 3632 Insulam
3629 3594 3662 3633 a
3695 3578 3908 3635 Chalce-

2337 3658 2477 3715 done
2496 3664 2565 3724 4ο
2587 3658 2753 3715 stadia
2771 3658 2966 3714 distare
2981 3669 3124 3714 recte
3142 3657 3303 3714 tradit
3327 3656 3698 3715 Artemidorus
3714 3679 3802 3735 ap.
3824 3662 3904 3717 St.

2339 3758 2389 3795 v.
2417 3740 2669 3799 Χαλκΐτις.
2697 3742 2720 3812 ΙΙ
2745 3770 2820 3782 -
2848 3756 2903 3793 2.
2937 3738 3228 3813 Stephanus
3254 3740 3386 3811 (qui
3410 3758 3506 3795 sua
3532 3758 3596 3795 ex
3628 3740 3910 3797 Aristotele

2337 3820 2416 3873 De
2445 3820 2568 3875 mir.
2607 3818 2828 3874 auscult.
2859 3836 2910 3875 c.
2943 3818 3029 3889 59.
3059 3817 3218 3873 habet
3252 3836 3320 3873 ex
3351 3835 3524 3893 eoque
3559 3819 3908 3891 corrigendus

2333 3908 2389 3952 et
2406 3898 2731 3974 supplendus
2753 3908 2832 3953 est
2853 3901 2876 3970 )
2899 3898 3220 3971 τΔημόνησος
3232 3937 3250 3965 ,
3272 3897 3383 3972 περὶ
3405 3894 3707 3969 Χαλκηδόνα
3736 3903 3903 3969 νῆσος,

2334 3977 2430 4035 ἀπὸ
2455 3980 2753 4053 Δημονήοου
2775 3980 2906 4043 τινός
2929 3976 3068 4048 (ἀπὸ
3094 3977 3387 4051 Δημονήοου
3410 3981 3500 4033 τοῦ
3533 3980 3728 4051 πρώτου
3755 3977 3903 4053 ἔργα·

2331 4059 2542 4133 σαμένου
2564 4058 2654 4129 τὴν
2685 4058 2962 4132 ζωνυμῑαν
2977 4055 3199 4132 εἴληφεν.
3217 4060 3379 4115 Arist.
3395 4064 3436 4128 ).
3467 4058 3617 4131 Ἔχει
3643 4057 3696 4113 δὲ
3713 4060 3742 4114 ὁ
3759 4063 3907 4128 τόπος

2331 4143 2510 4195 κυανοῦ
2545 4140 2794 4215 μέταλλον
2824 4137 2908 4194 καὶ
2933 4136 3276 4211 χρυσοκόλλης
3287 4179 3304 4205 ,
3339 4138 3423 4192 καὶ
3447 4139 3654 4211 χρυσίον
3689 4138 3903 4211 εὓρίσκι.

2329 4236 2409 4272 ται
2450 4218 2614 4292 τίμιον
2649 4221 2674 4290 (
2689 4218 2802 4291 lege
2827 4218 2913 4272 καὶ
2942 4216 3312 4289 χρυσοκόλλης,
3347 4210 3404 4284 ἥς
3443 4216 3476 4285 ἢ
3503 4218 3748 4287 καλλίστη
3783 4220 3903 4294 πρὸς

2326 4299 2528 4369 χρυσίον
2568 4296 2838 4372 εὑρίσκεται
2871 4295 3042 4369 τιμήν,
3087 4294 3208 4352 coll.
3254 4297 3415 4351 Arist.
3438 4295 3490 4369 ),
3537 4296 3806 4369 ὀφθαλμῶν
3847 4318 3902 4355 τι

2327 4376 2450 4451 (γὰρ
2477 4375 2678 4451 Arist.)
2702 4376 2957 4451 cipum&
2985 4374 3137 4430 lem.
3167 4372 3250 4429 Cf.
3274 4374 3528 4446 Antigou.
3558 4376 3685 4431 Μὶν.
3717 4395 3766 4431 c.
3799 4378 3895 4434 131

2324 4468 2376 4511 et
2407 4458 2697 4531 Hesychius
2719 4458 2851 4513 Lex.
2876 4473 2891 4511 ε
2924 4455 3234 4528 Δημονήοιος
3255 4454 3471 4527 χαλκός·
3516 4454 3615 4508 ato
3651 4454 3745 4510 εἰσὶ
3781 4458 3900 4530 πρὸς

2325 4544 2396 4613 τῷ
2437 4538 2688 4612 Βυζαντίῳ
2727 4540 2900 4607 νῆσοι,
2949 4537 3092 4609 κοινῇ
3133 4534 3218 4609 μὲν
3261 4536 3547 4608 Δημόνησοι
3590 4534 3894 4609 λεγόμεναι,

2326 4619 2424 4693 ἰδίᾳ
2445 4619 2500 4674 δὲ
2523 4615 2970 4685 διαλλάττουσαι,ἡ
2999 4615 3085 4689 μὲν
3123 4614 3358 4679 Χαλκῗτις
3373 4655 3390 4681 ,
3431 4612 3464 4682 ἡ
3503 4613 3556 4669 δὲ
3597 4614 3895 4675 Πιτυοῦσσα.

2324 4700 2510 4756 Pollux
2550 4700 2748 4753 Onom.
2781 4695 2809 4751 ⁵
2825 4736 2842 4763 ,
2887 4697 2954 4767 39
2995 4710 3012 4750 z
3054 4692 3142 4759 τὰς
3181 4694 3421 4758 Χαονῑδας
3461 4694 3545 4747 καὶ
3581 4694 3896 4761 Μολοττίδας

2325 4779 2545 4849 (ativae)
2587 4776 2862 4850 ἀπογόνους
2893 4774 3036 4849 φασὶν
3066 4773 3196 4831 εἶναι
3223 4773 3365 4839 κυνὸς
3380 4814 3397 4841 ,
3429 4776 3490 4830 ὃν
3533 4772 3806 4847 Ἥφαιστος
3841 4776 3896 4832 ἐκ

2323 4858 2516 4931 χαλκοῦ
2545 4855 2858 4932 Δημονησῖου
2884 4854 3275 4929 χαλκευσάμενος
3295 4854 3452 4927 δῶρον
3483 4854 3634 4909 ἔδωκε
3659 4855 3756 4913 Διί.
3786 4857 3894 4912 De-

2326 4956 2600 4993 monesum
2625 4938 2783 4992 etiam
2805 4935 3002 4991 Plinius
3027 4934 3062 4989 l.
3088 4933 3125 4989 l.
3153 4944 3430 4989 memorat.
3457 4934 3480 5006 11
3503 4964 3578 4977 -
3605 4933 3657 4989 3.
3684 4938 3892 4992 Aurum

2318 5015 2610 5090 pretiosum
2635 5027 2686 5071 et
2713 5012 3080 5085 coronarium]
3117 5032 3219 5067 sec.
3257 5012 3516 5084 vulgatam
3553 5012 3889 5087 Stephaniani

2325 5094 2423 5149 loci
2446 5094 2754 5161 lectionem,
2796 5112 2956 5165 quam
2978 5091 3181 5165 Gyllius
3207 5092 3362 5146 etiam
3403 5093 3460 5145 in
3496 5092 3789 5145 Aristotelis
3811 5091 3889 5147 lo·

2324 5190 2448 5227 cum
2485 5173 2720 5227 intulisse
2741 5170 2966 5234 videtur,
2999 5182 3058 5224 ut
3081 5190 3112 5225 e
3143 5168 3484 5242 sequentihus
3507 5170 3736 5239 colligas.
3769 5170 3791 5239 [1
3818 5198 3891 5211 -

2325 5256 2378 5317 l..
2414 5249 2892 5323 Χαρκηδονίων]
2938 5248 3156 5305 Codices
3197 5251 3358 5305 nostri
3391 5247 3590 5304 habent
3628 5248 3890 5320 Καρχηδο·

2324 5332 2462 5397 νίων,
2494 5330 2636 5385 unde
2669 5331 3353 5400 Westermannusrepmere
3367 5326 3594 5382 debebat
3631 5328 3892 5399 Καλχηδο-

2325 5412 2462 5477 νίων,
2493 5428 2602 5466 uon
2627 5428 2750 5465 vero
2767 5408 3136 5476 Χαλκηδονίων.
