4584 6284
2015 485 2591 555 COMMENTARH.

709 627 976 705 Κεραετία
997 671 1016 704 ,
1057 630 1085 686 δ
1117 623 1408 707 Λυκόφρων
1435 625 1604 696 δηλοῖ.
1692 623 2042 686 Ὀλὸιώτατοι
2073 623 2128 685 Bi
2157 649 2252 698 νη-
2343 625 2627 681 Cerastiam
2664 645 2781 682 eam
2802 627 2929 682 olim
2956 585 3261 703 appellatam
3297 643 3441 705 patet
3463 653 3528 689 ex
3553 636 3903 710 Lycophrone

706 718 906 775 σιωτῶν
937 719 986 775 οἱ
1019 716 1271 793 Κύπριοι.
1356 711 1613 792 Δι’γονται
1647 710 1706 773 δί
1735 735 1866 774 ποτε
1891 717 2250 796 θαλαττοκρα-

702 809 860 879 τῆσαι
881 805 1066 884 καιρόν
1098 828 1218 864 τινα
1246 801 1339 863 καὶ
1371 803 1538 863 αὐτοί.
1627 803 1830 872 Κύκλος
1861 802 1918 864 81
1942 803 2134 876 ταύτης
2159 808 2252 876 τῆς

705 893 862 965 νήσου
893 893 1086 956 στάδια
1133 891 1267 974 ‘Tun'
1300 893 1408 958 τοῖς
1436 890 1888 960 κατακολπίζουσι.
1914 917 1924 924 ·
1967 893 2250 972 Πολλαχοῧ

647 997 674 1036 ⁵
704 983 756 1043 δὲ
796 983 890 1043 καὶ
919 979 1139 1060 ἰσθμοὺς
1185 980 1358 1054 ποιεῖ,
1391 977 1477 1038 διὰ
1525 981 1586 1042 τὸ
1629 988 1720 1041 τοῦ
1759 980 2030 1061 σχήματος
2079 979 2250 1062 ἕτερό·

701 1093 888 1150 μηκες.

781 1182 882 1234 εοε,
920 1179 1024 1221 007.
1070 1157 1203 1218 Ὀτι
1239 1158 1458 1238 πρόσθεν
1505 1159 1786 1228 Σουνιάδος
1832 1163 2084 1243 κορυφῆς,
2127 1158 2248 1243 ἰφύ-

700 1256 890 1333 περθεν
917 1245 954 1320 ἢ
980 1244 1257 1327 ὓπίνερθεν
1275 1251 1376 1307 τῶν
1402 1245 1662 1308 ’dxciv-cmv
1679 1292 1696 1318 ,
1719 1244 1984 1330 φαίνονται
2006 1246 2248 1323 Σαλαμίς

703 1361 759 1398 τε
785 1337 880 1398 καὶ
921 1333 1136 1416 Αἴγινα.
1220 1338 1318 1397 Δεῖ
1341 1336 1396 1395 δὲ
1433 1335 1626 1396 εἰδέναι
1670 1334 1752 1394 ὅτι
1795 1336 1978 1396 ταῦτὸν
2022 1337 2244 1396 ἰνταῦθα

628 1439 678 1478 10
703 1429 854 1499 δηλοῖ
893 1425 986 1485 καὶ
1012 1425 1074 1482 τὸ
1103 1423 1383 1506 ἐφύπερθεν
1415 1423 1677 1484 Ἀὅᾶντων
1715 1422 1810 1484 καὶ
1831 1423 1892 1484 τὸ
1934 1424 2240 1507 ὑπένερθεν,

703 1512 790 1573 ἵνα
819 1511 948 1592 λέγῃ
981 1511 1048 1570 δι’
1082 1512 1274 1593 α’μφοῗν
1305 1511 1364 1570 τὸ
1392 1509 1722 1592 νοτιώτερον·
1750 1508 1878 1591 ὅπερ
1906 1513 1952 1571 εἰ
1977 1511 2069 1572 καὶ
2106 1515 2241 1575 ὑπό-

705 1599 878 1680 νιρθίν
931 1603 1102 1670 ἐστιν,
1135 1596 1220 1658 διὰ
1247 1597 1308 1658 τὸ
1357 1601 1474 1658 καθ’
1505 1601 1647 1677 ἡμᾶς
1675 1597 1876 1679 βόρειον
1915 1599 2072 1681 ὕψος,
2105 1600 2242 1660 ἀλλὰ

704 1684 844 1745 κατὰ
889 1684 983 1756 τὴν
1012 1690 1103 1745 τοῦ
1145 1687 1476 1766 Περιηγητοῗῖ
1506 1685 1778 1757 συνήθειαν
1809 1684 2024 1766 ὕπερθέν
2061 1689 2202 1750 ἔστιν
2221 1734 2237 1761 ,

703 1775 773 1840 ὥς
793 1770 1016 1840 τιθέντος
1042 1771 1128 1833 ἰπὶ
1149 1776 1253 1834 τῶν
1275 1771 1453 1832 νοτίων
1476 1772 1571 1844 τὴν
1599 1769 1733 1852 ὗπὶρ
1759 1773 2021 1854 πρόθεσιν.
2045 1775 2242 1854 Ἀκρω-

628 1874 676 1913 11
703 1859 876 1938 τήριον
903 1856 958 1917 Sl
984 1857 1232 1940 ᾀδόμενον
1267 1858 1506 1932 Ἀττικῆς
1530 1859 1620 1919 καὶ
1653 1861 1874 1930 Εὖὸοίας
1902 1861 1964 1922 τὸ
1996 1862 2235 1924 Σούνιον.

705 1946 832 2028 Περὶ
858 1945 924 2020 ἣν
957 1944 1190 2008 Εὕὸοιάν
1215 1949 1344 2009 εἰσιν
1381 1951 1432 2008 οἱ
1457 1944 1709 2016 Ἄδαντες
1728 1992 1746 2021 ,
1775 1949 1895 2030 περὶ
1923 1939 1996 2011 52
2019 1951 2238 2034 ἆροῢμεν

699 2033 816 2112 μετ’
840 2033 1016 2112 ὀλίγα.
1103 2033 1168 2094 Ἢ
1200 2033 1255 2092 δὲ
1288 2033 1528 2110 Σαλαμὶς
1554 2033 1738 2116 πρώτη
1769 2039 1821 2096 ἕν
1845 2039 1924 2118 τῷ
1953 2038 2240 2118 Σαρωνικῷ

695 2123 912 2200 πελάγει
929 2167 946 2200 ,
977 2120 1108 2201 πρὸς
1137 2121 1396 2190 ἀνατολὰς
1428 2120 1698 2202 Κορίνθου.
1781 2123 1890 2186 Καὶ
1930 2127 2046 2201 μετ’
2079 2124 2239 2196 αὗτῆν

694 2214 730 2280 ἦ
756 2209 946 2289 Αἴγινα
965 2256 980 2286 ,
997 2209 1062 2282 ἣν
1086 2211 1138 2268 ἐν
1161 2211 1372 2276 πολλοῖς
1399 2209 1490 2268 καὶ
1517 2213 1546 2269 ὁ
1572 2211 1833 2292 Πίνδαρος
1857 2211 2078 2288 ἐξυμνεῖ.
2105 2213 2240 2292 Περὶ

616 2309 670 2350 ²0
695 2289 758 2370 ἦς
783 2297 877 2358 καὶ
903 2303 1125 2357 τοιαῦτα
1155 2297 1440 2378 γράφεται·
1471 2323 1497 2350 σι
1525 2299 1704 2370 Νῆσος
1733 2298 1836 2383 πρὸ
1863 2303 1958 2369 τῆς
1984 2299 2238 2362 Ἐπιδαυ·

697 2385 810 2468 ρίας
837 2392 872 2460 ἡ
900 2385 1095 2465 Αἴγινα
1127 2385 1458 2459 ἕνδοξοτᾶτη,
1483 2386 1674 2446 κύκλον
1704 2385 1928 2447 σταδίων
1959 2385 2070 2468 ρπ’,
2105 2389 2238 2447 κλυ-

697 2473 890 2551 ζομένη
917 2477 993 2554 τῷ
1029 2497 1087 2534 τε
1125 2477 1376 2557 Κρητικῷ
1399 2475 1620 2554 πελάγει
1648 2472 1740 2534 καὶ
1763 2477 1843 2557 τῷ
1865 2475 2136 2557 Μυρτῴῳ,
2164 2479 2240 2557 τῷ

698 2560 896 2640 ,μεταξὺ
927 2561 1136 2641 Κρήτης
1172 2562 1263 2622 καὶ
1303 2561 1539 2641 Ἀργείας
1582 2563 1676 2622 καὶ
1701 2561 1970 2638 Ἀττικῆς,
2011 2563 2066 2621 ἐν
2095 2561 2238 2642 βάθει

701 2650 796 2728 μὶν
819 2649 1048 2727 γεώδης,
1078 2651 1328 2723 ἐπιπολῆς
1347 2648 1399 2709 δὲ
1422 2647 1718 2730 πετρώδης,
1741 2650 1927 2712 διὸκαὶ
1953 2651 2081 2735 ψιλή
2105 2654 2235 2724 ἐστι,

619 2745 675 2786 ²¹⁵
702 2739 1000 2820 κριθοφόρος
1043 2738 1100 2796 δὲ
1149 2741 1372 2810 ἱκανῶς,
1419 2739 1630 2812 Οἰνώνη
1697 2737 1825 2798 ποτὶ
1866 2741 2240 2818 ὀνομαζομένη.

696 2823 788 2892 Ἐξ
813 2827 974 2895 αὐτῆς
1003 2829 1032 2885 ὁ
1057 2826 1274 2893 Αἰακός.
1358 2827 1427 2886 Oi
1457 2825 1514 2884 δὲ
1549 2829 1604 2884 ἓν
1632 2827 1765 2907 αὐτῇ
1799 2829 1995 2908 πρῶτοι
2023 2829 2236 2905 Μυρμι·

693 2910 832 2979 δόνες
865 2911 1191 2988 ἐκλήθησαν,
1223 2915 1320 2992 οὗχ
1355 2912 1436 2972 ὅτι
1480 2912 1619 2972 κατὰ
1647 2912 1738 2974 τὸν
1767 2919 1928 2992 μῦθον
1957 2915 2146 2992 λοιμοῦ
2173 2918 2239 2996 τῇ

689 3001 836 3080 νήσῳ
864 3001 1218 3077 συμπεσόντος
1244 3001 1336 3060 καὶ
1358 3005 1461 3060 τῶν
1491 3004 1599 3062 ἐκεῖ
1619 3001 1958 3081 ἔκτριὸίντων
1985 3005 2052 3081 τῇ
2071 3001 2206 3085 νόσῳ
2221 3047 2237 3074 ,

693 3089 740 3146 οἱ
772 3086 1045 3166 μύρμηκες
1087 3089 1348 3168 ἅνθρωποι
1391 3088 1654 3168 ζγὲνοντο,
1698 3094 1900 3150 Αἰακοῦ
1927 3089 2232 3170 εὐξαμένοιο,

615 3179 667 3216 ²⁰
695 3177 810 3234 ἀλλ’
830 3175 910 3236 ὅτι
937 3175 1232 3254 μυρμήκων
1259 3176 1406 3248 δίκην
1429 3177 1526 3251 τὴν
1557 3177 1758 3257 ἀγαθὴν
1783 3181 1880 3258 γῆν
1907 3178 2053 3239 κάτω
2077 3169 2236 3239 οὖσαν

693 3263 1062 3342 ὓπορύττοντες
1110 3263 1358 3345 ἐπέφερον
1397 3267 1511 3332 ταῖς
1564 3267 1783 3343 πέτραις
1802 3308 1819 3338 ,
1873 3263 1960 3324 ἵνα
1999 3267 2098 3336 τὴν
2140 3267 2234 3342 μὶν

695 3352 856 3428 ἔχωσι
881 3358 1157 3430 γεωργεῖν,
1195 3354 1248 3412 ἐν
1278 3351 1334 3411 δὲ
1371 3360 1479 3418 τοῖς
1505 3353 1770 3435 ὀρύγμασι
1799 3355 2092 3431 κατοικεῖν,
2121 3374 2235 3428 φει-

699 3438 906 3514 δόμενοι
942 3443 1033 3497 τοῦ
1053 3440 1432 3514 πλινθοποιεῖν,
1455 3437 1542 3499 ἵνα
1575 3439 1740 3520 ἔχωσι
1766 3443 1882 3518 γῆν.
1919 3466 1944 3494 ³
2021 3446 2236 3519 Δωριεῖς

701 3523 754 3583 δὲ
805 3524 1050 3586 ἀνέκαθεν
1097 3531 1145 3585 οἱ
1173 3528 1448 3605 Αἰγινῆται
1485 3528 1592 3587 ἀπὸ
1619 3527 1943 3608 Ἐπιδαύρου
1984 3526 2122 3587 κατὰ
2146 3529 2234 3587 τὸν

620 3611 673 3652 ⁸⁵
702 3613 1004 3695 Ἡρόδοτον.
1085 3614 1186 3677 Ἐκ
1239 3615 1432 3688 ταύτης
1465 3620 1560 3686 τῆς
1603 3617 1762 3688 νήσου
1801 3617 1892 3676 καὶ
1922 3620 1950 3675 ὁ
1987 3615 2235 3698 ᾀδόμενος

701 3701 860 3783 Κριὸς
870 3749 891 3775 ,
918 3703 1049 3785 ἀνὴρ
1073 3713 1300 3783 γενναῖος
1325 3704 1580 3778 ἀθλητής·
1618 3709 1700 3788 ὑφ’
1730 3696 1789 3764 οὗ
1817 3705 2232 3782 ἀπελαυνόμενος

707 3915 826 3984 [Ι-
868 3931 918 3971 1.
967 3914 1256 3986 Stephanus
1283 3911 1320 3968 l.
1355 3913 1390 3968 l.
1428 3915 1502 3968 ita
1532 3913 1690 3968 habet
1724 3933 1738 3969 t
1784 3913 2007 3970 ἐκαλεῖτο
2055 3917 2106 3970 δὲ
2161 3917 2242 3970 καὶ

702 3993 1086 4066 [spanianum
1110 3991 1385 4064 Κεραστιάς.
1408 3993 1557 4047 Idem
1577 4011 1628 4049 v.
1651 3993 1863 4064 Σφήκεια
1885 3994 2241 4067 Lycophronis

701 4091 907 4127 versum
930 4076 1033 4142 447
1062 4069 1277 4125 laudans
1297 4071 1451 4126 habet
1486 4069 1553 4137 εἰς
1579 4071 1870 4146 Κεραστίδα,
1895 4071 2036 4145 quod
2063 4075 2118 4126 iu
2153 4073 2240 4128 Ke-

699 4151 902 4214 ραστίαν
923 4153 945 4220 (
963 4152 1040 4205 sie
1065 4151 1208 4204 enim
1229 4150 1285 4204 in
1306 4149 1570 4224 Lycophr.
1590 4149 1780 4223 legitur
1799 4153 1823 4222 )
1841 4151 2102 4206 emendari
2131 4153 2240 4207 vult

699 4227 941 4284 Dindorf.
968 4228 1127 4283 Thes.
1153 4247 1202 4286 ν.
1229 4229 1511 4301 Κεραστιάς.
1533 4232 1778 4285 Formam
1797 4229 2030 4303 Κεραστία
2047 4232 2242 4305 praebet

695 4307 850 4364 etiam
881 4307 1314 4380 Philostephanus
1339 4309 1396 4362 in
1433 4307 1608 4382 Etym.
1636 4311 1711 4367 M.
1747 4327 1804 4382 p.
1833 4309 1954 4381 738,
1995 4311 2080 4368 50.
2112 4313 2135 4382 ΙΙ
2168 4342 2241 4354 -

700 4387 754 4444 3.
783 4386 960 4457 ταύτης
993 4405 1103 4443 0111.
1151 4386 1295 4442 cUd.
1327 4389 1350 4458 ΙΙ
1375 4417 1442 4430 -
1470 4391 1525 4452 Ι..
1545 4387 1687 4462 ,γκύῙ
1711 4390 1783 4446 V.
1825 4388 2010 4444 Strabo
2033 4407 2088 4462 p.
2115 4395 2236 4446 682.

700 4467 858 4536 (581,
892 4472 966 4534 42
987 4466 1122 4524 Did.
1144 4465 1187 4539 ).
1242 4467 1265 4536 ΙΙ
1297 4496 1390 4509 -·
1413 4466 1465 4521 5.
1512 4467 1840 4540 ἑτερόμηκες]
1869 4468 2118 4541 ἱερόμηκες
2159 4475 2236 4536 K,

701 4549 958 4620 περίμηκες
983 4551 1120 4605 MU.
1165 4548 1235 4603 V.
1277 4545 1462 4600 Strabo
1494 4564 1550 4618 p.
1591 4548 1716 4612 582,
1754 4565 1777 4602 1
1818 4547 1943 4603 Did.
1983 4551 2109 4602 Post
2131 4548 2242 4604 haec

705 4623 959 4680 editiones
985 4625 1178 4680 habent
1215 4625 1467 4679 scholium
1494 4625 1637 4697 quod
1665 4636 1744 4679 est
1767 4625 1836 4680 de
1869 4625 2046 4681 Arado
2077 4628 2240 4684 insula

707 4704 916 4774 (512);
945 4714 998 4758 at
1017 4705 1072 4758 in
1096 4704 1302 4775 optimis
1329 4703 1488 4760 codd.
1512 4705 2014 4762 CDEFKLMNUd
2047 4707 2236 4778 legitur

704 4793 826 4855 post
847 4780 903 4835 id
929 4779 1074 4854 quod
1099 4792 1176 4836 est
1202 4781 1268 4836 de
1291 4783 1469 4852 AEgina
1497 4795 1550 4838 et
1590 4785 1848 4838 Salamine
1886 4785 2084 4842 insulis.
2132 4789 2238 4858 Qui

707 4861 920 4934 quidem
937 4878 1112 4916 rerum
1129 4861 1262 4916 ordo
1283 4880 1387 4917 non
1406 4873 1516 4917 erat
1538 4861 1842 4918 mutandus.
1867 4865 2100 4938 Dionysii
2119 4885 2240 4920 nar-

704 4941 841 4995 ratio
865 4957 1030 5012 quum
1056 4940 1198 4996 haud
1215 4953 1352 4996 recte
1368 4941 1697 5014 procederet,
1721 4961 1834 4997 eam
1859 4953 2108 4998 mutatam
2131 4963 2241 4998 esse

702 5038 734 5074 a
759 5020 1076 5088 scholiastis,
1095 5021 1186 5093 qui
1209 5038 1383 5074 versus
1409 5031 1859 5093 transposuerunt,
1879 5040 2036 5094 supra
2061 5041 2116 5096 p.
2142 5025 2240 5086 134

677 5163 688 5170 ο
705 5099 1027 5155 monuimus.
1055 5099 1362 5168 Eorumque
1387 5099 1610 5152 rationes
1634 5099 1925 5153 Eustathius
1947 5118 2160 5172 quoque
2178 5119 2242 5154 eo

703 5180 940 5250 sequitur
965 5177 1110 5251 quod
1133 5189 1252 5249 post
1269 5177 1511 5232 Rhodum
1539 5181 1562 5248 (
1575 5177 1710 5250 505)
1733 5180 1882 5250 ponit
1915 5178 2241 5234 Chelidonias

705 5257 895 5312 insulas
923 5257 1082 5332 (510,
1111 5259 1208 5314 511
1233 5258 1252 5332 )
1273 5297 1288 5325 ,
1314 5256 1502 5312 deinde
1517 5259 1747 5330 Cyprum
1775 5261 1926 5327 (508,
1949 5259 2110 5330 509).
2140 5256 2242 5313 Sed

2342 704 2482 778 (447
2502 707 2547 776 ).
2567 705 2986 779 bocupletissimi
3008 719 3181 764 autem
3208 711 3513 768 insularium
3532 715 3733 788 Cyprii.
3756 720 3904 788 Quin

2336 790 2391 833 et
2433 781 2715 853 imperium
2762 783 2923 837 maris
2965 782 3249 857 aliquando
3304 788 3595 846 obtinuisse
3628 791 3897 848 dicuntur.

2336 855 2525 910 Insula!
2559 855 2821 920 ambitus,
2852 859 2895 911 si
2924 861 3041 931 quis
3068 861 3215 916 sinus
3242 863 3558 932 circumeat,
3588 884 3677 920 sex
3706 868 3901 922 stadie-

2336 946 2457 984 rum
2478 929 2639 985 millia
2658 942 2709 985 et
2726 930 3108 1004 quadringenta
3133 953 3195 988 ac
3217 937 3419 1008 viginti.
3482 943 3657 1012 Atque
3680 942 3899 998 isthmos

2332 1005 2491 1132 ¹etiarn
2527 1005 2754 1061 subinde
2783 1005 2937 1073 facit,
2974 1021 3191 1082 propter
3208 1011 3432 1083 figuram
3465 1013 3533 1068 ab
3558 1013 3717 1070 altera
3748 1027 3901 1090 parte

2350 1097 2641 1150 ongiorem.

2406 1160 2526 1224 506,
2558 1162 2683 1233 507.
2724 1164 2863 1218 Ante
2902 1163 3123 1218 Sunium
3152 1167 3579 1237 promontorium
3618 1165 3897 1242 ἐφύπερθεν,

2331 1259 2525 1316 supra,
2547 1244 2629 1300 vel
2664 1243 2948 1318 δπένερθεν,
2978 1245 3142 1316 infra,
3172 1246 3429 1312 Abantes,
3452 1251 3761 1322 compienne
3785 1269 3899 1306 sese

2330 1323 2459 1380 dant
2479 1326 2695 1382 Salamis
2712 1338 2767 1382 et
2792 1329 2999 1400 AEgina.
3090 1331 3235 1385 Scire
3262 1341 3441 1386 antem
3482 1342 3719 1404 oportet,
3756 1333 3899 1390 idem

2330 1410 2565 1468 hocloco
2582 1411 2877 1488 significare
2896 1415 2956 1469 τὸ
2979 1412 3238 1488 ἐφύπερθεν
3270 1412 3512 1470 Ἆὸάντων
3532 1426 3587 1470 et
3618 1415 3679 1470 τδ
3705 1414 3903 1489 ὓπίνιρ·

2332 1494 2441 1560 θεν,
2472 1494 2543 1550 ita
2564 1507 2626 1551 ut
2652 1507 2875 1568 utraque
2899 1495 2997 1550 hae
3026 1515 3152 1551 voce
3170 1495 3312 1574 dicat
3343 1496 3399 1551 id
3416 1537 3432 1564 ,
3462 1497 3608 1570 quod
3634 1508 3714 1553 est
3734 1499 3899 1568 magis

2328 1577 2580 1647 australe;
2622 1577 2769 1651 quod
2796 1578 3011 1650 quidem
3030 1619 3045 1644 ,
3072 1581 3311 1650 quamvis
3340 1581 3409 1634 sit
3440 1579 3618 1650 inse-a,
3648 1597 3713 1634 eo
3742 1577 3893 1652 quod

2328 1660 2482 1715 nobis
2504 1661 2656 1734 polus
2681 1661 2935 1716 attollitur
2960 1661 3403 1734 septentrionalis,
3434 1673 3639 1726 tamen,
3668 1678 3768 1734 pro
3798 1663 3901 1716 Pe·

2326 1740 2531 1811 riessetae
2574 1733 2988 1811 cotisuetudine‚
3014 1758 3179 1814 supra
3204 1751 3283 1795 est
3300 1778 3315 1803 ,
3343 1739 3542 1813 quippe
3571 1741 3663 1812 qui
3692 1755 3897 1812 praepo-

2326 1819 2565 1874 sitionem
2611 1837 2779 1892 supm
2856 1829 3075 1892 usurpet
3146 1817 3215 1874 de
3265 1819 3507 1894 partibus
3558 1817 3889 1879 australibus.

2326 1898 2545 1952 Sunium
2575 1915 2701 1954 vero
2738 1895 2943 1954 celebre
2963 1909 3043 1953 est
3084 1900 3513 1972 promontorium
3541 1899 3726 1954 Attice
3748 1917 3779 1954 e
3813 1918 3904 1956 re-

2326 1977 2479 2047 gione
2490 1976 2706 2032 Euboeoe
2721 2019 2737 2042 ,
2762 1994 2869 2050 qua
2886 1977 2945 2032 in
2964 1977 3170 2034 Euboea
3191 1977 3425 2035 Abantes
3444 1988 3569 2034 sunt
3582 2018 3599 2044 ,
3615 1977 3684 2034 de
3700 1979 3901 2051 quibus

2325 2056 2499 2129 paullo
2520 2069 2659 2130 post.
2689 2057 2906 2114 Salamis
2928 2075 3054 2114 vero
3080 2059 3250 2132 prima
3266 2069 3344 2114 est
3371 2059 3427 2114 in
3462 2061 3714 2115 Saronico
3738 2061 3893 2127 mari,

2324 2135 2393 2190 ab
2417 2137 2675 2192 Corintho
2715 2155 2895 2192 versus
2916 2147 3115 2205 ortum,
3141 2149 3195 2192 et
3224 2148 3345 2212 post
3366 2156 3483 2192 eam
3518 2137 3699 2210 AEgina
3734 2156 3893 2210 quam

2324 2217 2515 2288 passim
2545 2215 2803 2272 Pindarus
2828 2215 3091 2272 decantat.
3131 2219 3211 2271 De
3238 2235 3301 2272 ea
3324 2217 3487 2272 etiam
3507 2217 3623 2272 11πο
3647 2217 3890 2272 scribun-

2326 2306 2416 2350 tur
2450 2313 2464 2351 t
2498 2323 2523 2345 ι
2572 2297 2753 2352 Insula
2789 2307 2909 2354 ante
2946 2297 3294 2372 Epidaurium
3325 2297 3539 2368 Egina,
3570 2295 3855 2352 clarissima
3874 2339 3905 2368 ‚.

2326 2376 2529 2432 ambitu
2554 2375 2843 2432 stadiorum
2890 2387 3102 2434 eentum
3148 2387 3203 2432 et
3244 2378 3513 2448 octoginta
3532 2419 3549 2443 ,
3578 2377 3736 2432 alluta
3772 2386 3887 2431 tum

2327 2456 2533 2512 Cretico
2580 2457 2709 2511 mari
2761 2466 2875 2511 tum
2920 2459 3159 2528 Myrtoo,
3200 2455 3347 2528 quod
3392 2465 3473 2510 est
3504 2456 3646 2510 inter
3722 2463 3889 2508 retain

2326 2545 2483 2606 atque
2510 2537 2733 2591 Atticam
2752 2576 2768 2598 ,
2812 2554 2977 2608 eaque
3012 2537 3065 2590 in
3092 2533 3360 2608 profundo
3400 2535 3617 2606 quidem
3646 2553 3679 2605 g
3728 2533 3888 2599 bosa,

2324 2615 2417 2669 scd
2444 2627 2653 2688 petrosa
2684 2617 2739 2670 in
2762 2634 3000 2681 summo,
3038 2614 3262 2686 ideoque
3286 2615 3353 2668 ab
3386 2615 3669 2670 arboribus
3698 2612 3875 2677 nuda,

2327 2697 2527 2750 tametsi
2548 2694 2731 2750 hordei
2758 2697 2882 2750 satis
2902 2695 3041 2750 ferax
3059 2715 3073 2758 ;
3094 2693 3379 2766 eademque
3401 2695 3633 2750 OEnone
3648 2693 3774 2748 olim
3797 2709 3897 2764 ap-

2324 2771 2529 2842 pellata.
2554 2773 2636 2828 Ex
2654 2790 2715 2826 ea
2732 2773 2940 2829 AEacus.
3016 2772 3175 2828 Primi
3194 2770 3306 2844 ejus
3328 2770 3513 2826 incolae
3530 2768 3895 2845 Myrmidones

2325 2853 2495 2907 vocati
2535 2862 2660 2907 sunt
2680 2892 2695 2920 ,
2724 2871 2833 2906 non
2860 2851 3005 2922 quod
3026 2893 3041 2917 ,
3078 2851 3368 2906 secundum
3410 2850 3641 2907 fabulam
3662 2893 3676 2918 ,
3704 2854 3891 2909 oborta

2324 2947 2421 3001 per
2448 2931 2669 2986 insulam
2696 2931 2987 3004 pestilentia
3002 2971 3017 2995 ‚
3048 2930 3334 3002 incolisque
3360 2930 3553 2986 morbo
3575 2930 3885 3006 absumptis,

2328 3026 2613 3080 myrmeces
2654 3027 2699 3064 s.
2752 3009 2983 3064 sormicoe
3024 3011 3077 3062 in
3117 3009 3386 3074 homines,
3425 3009 3569 3064 AEaci
3604 3012 3882 3082 precibus,

2326 3087 2653 3151 transierint,
2684 3087 2777 3142 sed
2806 3086 2948 3160 quod
2979 3085 3315 3142 formicarum
3342 3105 3522 3152 more,
3544 3087 3686 3144 bona
3712 3100 3883 3157 terra,

2324 3181 2441 3234 quae
2468 3167 2523 3218 in
2540 3162 2812 3237 profundo
2824 3175 2963 3233 erat,
2987 3163 3207 3218 suffossa
3224 3203 3239 3230 ,
3260 3182 3375 3219 eam
3396 3166 3561 3236 petris
3589 3164 3883 3238 injecerint,

2324 3259 2431 3313 quo
2452 3252 2647 3296 terram
2672 3241 2843 3297 colere
2864 3251 2917 3296 et
2940 3243 2995 3296 in
3013 3241 3162 3296 fossis
3182 3241 3419 3296 habitare
3438 3252 3667 3314 possent,
3692 3243 3901 3315 quippe-

2322 3321 2413 3390 qui
2430 3360 2445 3384 ‚
2476 3333 2534 3374 ut
2559 3331 2751 3375 terram
2780 3319 3056 3384 haberent,
3088 3339 3119 3374 a
3145 3319 3398 3374 faciendis
3431 3317 3682 3375 lateribus
3700 3339 3881 3392 parce·

2321 3408 2458 3452 rent.
2487 3424 2511 3446 ι
2547 3399 2797 3470 AEginetae
2822 3416 3011 3470 genere
3032 3409 3158 3453 sunt
3182 3399 3467 3453 Dorienses
3491 3417 3555 3453 ex
3583 3397 3853 3472 Epidauro
3868 3439 3893 3463 ,

2320 3473 2611 3529 secundum
2636 3474 2968 3530 Herodotum
2996 3477 3085 3544 (6,
3108 3475 3237 3546 50).
3310 3478 3391 3530 Ex
3414 3475 3513 3530 hac
3528 3477 3688 3530 etiam
3718 3475 3886 3531 insula

2320 3553 2473 3609 Crius
2492 3593 2509 3618 ,
2538 3571 2727 3624 magna
2752 3555 2835 3607 vir
2849 3553 3147 3608 celebritate
3165 3593 3181 3620 ,
3200 3552 3392 3608 athleta
3416 3564 3663 3609 strenuus
3678 3593 3694 3620 ,
3724 3572 3757 3609 a
3779 3571 3901 3628 quo-

2320 3633 2566 3707 expulsus
2606 3651 2673 3688 ex
2714 3632 2815 3688 hac
2853 3632 3024 3688 insula
3056 3632 3361 3688 Cleomenes
3378 3675 3395 3700 ,
3439 3651 3536 3688 rex
3576 3635 3849 3690 Lacormm
3865 3675 3880 3701 ‚

2320 3731 2487 3786 quum
2534 3725 2803 3768 exterrere
2826 3731 2949 3768 eum
2989 3713 3169 3780 vellet,
3201 3713 3403 3768 urbana
3429 3713 3497 3768 ad
3538 3714 3647 3769 Crii
3678 3732 3873 3770 nomen

2327 3916 2395 3969 ab
2422 3916 2485 3969 iis
2500 3913 2700 3970 recedit
2716 3933 2780 3968 eo
2798 3913 2943 3987 quod
2970 3915 3214 3987 deinceps
3240 3915 3307 3969 de
3328 3915 3587 3970 Salamine
3608 3927 3661 3970 et
3682 3917 3886 3988 AEgina,

2327 4005 2379 4050 et
2402 4005 2516 4048 tum
2554 3992 2771 4050 demum
2809 3994 2877 4048 de
2902 3993 3079 4049 Arado
3119 3993 3276 4048 verba
3320 3993 3463 4050 facit.
3509 3993 3747 4048 Aradum
3792 4013 3901 4069 po—

2326 4084 2521 4128 stremo
2542 4072 2660 4128 loco
2688 4075 2799 4146 ipse
2824 4074 3087 4127 recensuit
3111 4073 3427 4145 Dionysiusg
3454 4089 3554 4127 nec
3576 4090 3687 4126 non
3722 4071 3899 4129 codd..

2327 4154 2565 4226 Dionysii
2603 4157 2868 4214 GKNew,
2920 4151 3160 4224 quamvis
3204 4152 3259 4204 in
3288 4151 3473 4206 ceteris
3507 4152 3741 4224 priscum
3772 4171 3898 4207 ver-

2326 4249 2482 4286 suum
2525 4231 2769 4286 ordinem
2796 4233 3147 4296 mutaverint,
3177 4247 3303 4284 eum
3328 4240 3503 4285 tamen
3530 4247 3769 4296 versum,
3793 4235 3886 4304 qui

2326 4321 2405 4365 est
2424 4309 2492 4364 de
2532 4309 2742 4375 Arado,
2781 4309 2896 4364 1000
2931 4327 3031 4363 suo
3068 4306 3210 4362 haud
3244 4319 3545 4364 moverunt.
3591 4310 3614 4380 ΙΙ
3649 4340 3720 4351 -
3757 4326 3809 4379 7.
3833 4321 3887 4365 et

2333 4407 2415 4444 10.
2454 4389 2655 4460 ὕπερθεν
2698 4387 2820 4453 ΕιΙ,·
2853 4389 3075 4461 φαίνεται
3114 4389 3226 4444 cU.
3259 4389 3283 4459 ΙΙ
3311 4417 3386 4430 -
3417 4404 3501 4443 11.
3532 4386 3785 4461 ἅπίνερθέν
3816 4395 3889 4449 0.-

2326 4467 2437 4541 διὰ]
2465 4471 2532 4532 ὣς
2557 4467 2641 4522 διὰ
2666 4473 2738 4525 Ε.
2766 4469 2789 4538 11
2817 4499 2890 4509 -
2922 4471 3004 4532 14.
3030 4465 3121 4534 τὴν
3156 4465 3271 4540 ὓπὲρ
3292 4467 3519 4540 πρόθεσιν
3553 4466 3632 4522 ἐπὶ
3670 4473 3769 4521 τῶν
3805 4487 3889 4522 νο-

2325 4550 2443 4603 τίων
2472 4553 2537 4605 U.
2565 4551 2587 4618 11
2618 4578 2693 4590 -
2723 4549 2806 4603 15.
2843 4547 2897 4600 ’δὲ
2926 4565 3036 4604 0111.
3070 4545 3185 4610 Eeb
3213 4546 3321 4601 κατ’
3359 4545 3607 4601 Εὗὸοιανῗ
3651 4549 3773 4619 ῙΙ-
3802 4565 3887 4619 17.

2330 4628 2454 4698 μετὰ
2485 4632 2651 4684 CKY.
2696 4629 2719 4698 ΙΙ
2746 4658 2813 4668 -
2850 4631 2933 4680 18.
2969 4625 3053 4679 καί
3084 4644 3193 4681 om.
3226 4629 3294 4681 E.
3340 4625 3363 4697 ΙΙ
3388 4654 3463 4668 -
3490 4641 3576 4696 19.
3605 4623 3889 4694 ἣν...Ἐπι-

2328 4705 2575 4778 saupha,
2611 4705 2787 4777 Λίγῐνα
2808 4722 2918 4759 om.
2957 4709 3008 4758 C.
3051 4703 3073 4774 ΙΙ
3104 4733 3177 4745 —-
3196 4719 3285 4757 2ο.
3314 4703 3550 4775 γράφεται
3572 4707 3735 4766 ELY.
3766 4705 3892 4778 γρά-

2326 4805 2499 4858 φονται
2536 4785 2729 4854 vulgo;
2772 4784 2888 4855 πρὸς
2916 4785 3021 4845 τοῖς
3064 4780 3388 4853 Ἐπιδαυρίοις
3412 4785 3477 4836 L.
3512 4783 3641 4836 Hac
3673 4790 3728 4835 et
3769 4799 3887 4853 quae

2328 4875 2623 4936 sequuntur
2646 4861 2716 4915 de
2743 4863 2925 4934 AEgina
2943 4860 3108 4916 insula
3125 4902 3140 4925 ‚
3167 4872 3407 4934 excerpta
3428 4871 3555 4916 sunt
3584 4879 3615 4914 e
3642 4859 3889 4916 Strabon.

2330 4962 2386 5017 p.
2418 4943 2515 5014 374
2542 4945 2565 5012 (
2588 4943 2690 4996 322
2719 4941 2845 4996 Did.
2865 4941 3124 5012 )·ll-2¹·
3154 4940 3333 4994 κύκλου
3362 4939 3695 5010 ΕΠΥιΜΙ-
3721 4955 3808 4994 22.
3832 4959 3883 4992 τε

2330 5041 2438 5076 0111.
2461 5021 2566 5076 Ed.
2607 5022 2631 5092 ΙΙ
2663 5051 2736 5064 --
2764 5023 2849 5083 24.
2878 5017 3035 5092 ὓψηλὴ
3054 5017 3159 5074 Ed.
3188 5020 3209 5089 ΙΙ
3236 5049 3309 5060 -
3342 5037 3430 5090 27.
3466 5019 3495 5072 ὁ
3524 5037 3633 5075 om.
3667 5021 3734 5073 U.
3760 5018 3783 5088 ΙΙ
3816 5046 3889 5058 -

2331 5106 2419 5156 28.
2450 5099 2602 5172 λιμοῦ
2630 5104 2694 5164 U,
2716 5099 2896 5170 λοιμοῦ
2914 5100 3177 5170 γενομὶνου
3201 5117 3248 5154 τ.
3275 5117 3317 5153 ν.
3349 5099 3430 5150 καὶ
3450 5097 3557 5152 Ed.
3587 5099 3609 5166 Ι]
3635 5127 3704 5150 -ι-
3722 5113 3811 5166 29.
3838 5097 3900 5149 οἱ

2330 5197 2440 5231 om.
2465 5177 2520 5234 d.
2552 5179 2574 5248 ΙΙ
2606 5207 2677 5220 -
2708 5178 2794 5234 3ο.
2822 5181 2917 5250 γῆν
2945 5195 3051 5230 om.
3078 5181 3139 5230 L.
3168 5177 3190 5247 ΙΙ
3216 5207 3288 5218 -
3319 5177 3406 5232 31.
3448 5176 3787 5248 ὓπορίπτοντες
3809 5177 3895 5236 F,—

2330 5255 2567 5312 ἔπεὸαλον
2594 5256 2743 5312 EM.
2773 5258 2887 5321 ss·-
2910 5257 2997 5312 33.
3030 5255 3183 5327 ἔχωσι
3205 5258 3443 5328 γεωργεῖν
3476 5260 3529 5310 C.
