4584 6284
671 556 782 607 158

687 698 768 739 οπο
812 676 1118 757 Αυρνησσὸς
1139 677 1360 741 Μαλλὸς
1377 697 1433 733 τε
1463 674 1553 734 καὶ
1576 673 1881 754 Ἀγχιᾶλεια
1903 674 2064 735 Σόλοι
2084 697 2166 749 τε,

825 768 881 825 αἱ
907 762 1006 842 μὲν
1031 767 1087 824 ἄν
1104 762 1346 845 ἠπείρῳ,
1379 765 1435 821 αἱ
1463 762 1507 822 δ’
1538 765 1698 835 αὐτῆς
1727 761 1856 842 ἄγχι
1879 764 2176 835 θαλάσσης.

822 856 935 934 Τῇς
963 852 1009 912 δ’
1031 850 1117 911 ἔπι
1139 851 1528 931 Κομμαγεηνὸν
1548 849 1662 918 ἕδος
1681 896 1699 925 ,
1728 850 1926 931 Συρίης
1950 875 2007 912 τε
2033 850 2228 924 πόληες

823 942 959 1010 Θινὸς
996 941 1084 1002 ἐπὶ
1113 946 1377 1024 στρεπτῆς
1403 941 1732 1020 περιμήκεες·
1758 939 1895 1022 ἀμφὶ
1913 938 2014 1020 γὰρ
2034 938 2188 1009 ὁλκὸς

824 1033 876 1098 ἐς
897 1031 1040 1091 δύσιν
1061 1027 1356 1109 ἔστραπται
1375 1030 1562 1100 πολιῆς
1585 1026 1728 1103 ἁλὸς,
1764 1026 1892 1110 ἄχρι
1911 1026 2147 1102 κολώνης

711 1141 794 1181 aso
835 1118 1011 1201 οὔρεος
1031 1117 1308 1199 ἀγχιάλοιο
1324 1162 1343 1197 ,
1375 1115 1738 1197 βαθυκρήμνου
1758 1116 2000 1180 Κασίοιο.

665 1366 872 1409 constan
894 1355 994 1408 nisi
1021 1372 1086 1407 ex
1110 1354 1296 1408 Curtio
1321 1354 1374 1419 3,
1408 1358 1461 1418 4,
1499 1371 1562 1408 10
1597 1374 1614 1410 ε
1642 1353 1820 1410 Multa
1863 1372 1918 1407 m
1943 1373 2004 1408 ea
2028 1354 2231 1423 regione

666 1434 758 1504 (in
789 1433 1007 1505 Cilicia)
1039 1444 1398 1499 monumenta,
1435 1434 1657 1502 vulgata
1689 1432 2032 1487 carminibus.
2078 1436 2230 1487 Hon-

665 1513 985 1567 stmbantur
1009 1512 1216 1567 urbium
1233 1510 1377 1566 sedes
1399 1511 1638 1583 Lymessi
1651 1523 1702 1566 et
1727 1512 1936 1578 Thebes,
1966 1512 2231 1584 Drpkom's

665 1609 866 1665 qnoque
883 1609 1070 1665 specus
1090 1601 1194 1647 etc.
1218 1590 1408 1645 Strabo
1435 1591 1511 1645 ita
1533 1590 1693 1645 babet
1711 1608 1765 1664 p.
1798 1596 1902 1663 676
1929 1607 1945 1645 :
1969 1590 2081 1645 Τῶν
2106 1590 2154 1643 δ’
2176 1587 2228 1642 ἓν

666 1671 818 1743 Τροίᾳ
841 1670 1076 1734 Κιλίκων,
1096 1666 1168 1724 ὧν
1187 1668 1411 1743 Ὅμηρος
1431 1670 1815 1743 μέμνηταιπολὶι
1831 1672 2108 1726 διεστώτων
2133 1669 2230 1725 ἀπὸ

667 1757 767 1805 τῶν
792 1749 885 1813 ἔξω
907 1753 996 1803 τοῦ
1017 1749 1202 1821 Τύρου
1233 1749 1466 1816 Κιλίκων,
1503 1748 1552 1803 οἱ
1576 1748 1663 1821 μὲν
1688 1748 2038 1822 ἀποφαίνουσιν
2069 1746 2230 1819 ἀρχη-

665 1837 808 1907 γέτας
835 1833 949 1897 τοὺς
975 1831 1028 1887 ἰν
1045 1836 1109 1906 τῇ
1129 1832 1279 1905 Τροίᾳ
1299 1831 1482 1888 τούτων
1509 1832 1592 1887 καὶ
1613 1830 1884 1886 δεικνύουσί
1903 1850 2038 1894 τινας
2055 1831 2230 1893 τόπους

665 1912 938 1975 κάνταῦθα,
965 1912 1128 1982 ὥσπερ
1150 1912 1201 1967 ἐν
1243 1914 1308 1984 τῇ
1327 1911 1592 1983 Παμφυλίᾳ
1619 1910 1789 1979 Θήὸην
1815 1910 1900 1964 καὶ
1923 1911 2226 1983 Λυρνησσόν.

665 1988 820 2045 Idem
839 2006 895 2061 p.
927 1993 1031 2060 667
1065 2005 1080 2042 :
1105 1988 1242 2043 Φασὶ
1261 1989 1307 2042 δ’
1334 1988 1385 2043 ἐν
1416 1996 1488 2063 τῷ
1507 1988 1684 2063 μεταξὺ
1712 1988 1998 2057 Φασηλίδος
2019 1988 2102 2043 καὶ
2131 1986 2230 2043 ’At-

666 2067 841 2131 ταλίας
884 2067 1160 2121 δείκνυσθαι
1199 2067 1370 2137 Θήὸην
1394 2087 1449 2122 τε
1475 2068 1559 2121 καὶ
1583 2067 1894 2142 Λυρνησσόν,
1922 2065 2227 2122 Ικπεσόντων

667 2148 724 2203 ἐκ
741 2152 829 2202 τοῦ
852 2147 1020 2216 θήὸης
1041 2147 1210 2201 πεδίου
1227 2152 1326 2201 τῶν
1347 2148 1576 2220 Τρωικῶν
1593 2148 1808 2202 Κιλίκων
1835 2146 1901 2210 εἰς
1917 2145 2007 2214 τὴν
2031 2146 2232 2219 Παμφυ-

667 2225 782 2279 λίαν
803 2226 859 2283 ἐκ
883 2228 1070 2299 μέρους,
1106 2225 1174 2290 ὡς
1197 2224 1367 2298 εἴρηκε
1407 2226 1757 2297 Καλλισθένης.
1783 2227 1856 2281 Ac
1883 2244 2066 2280 revera
2089 2226 2230 2281 inter

669 2304 997 2365 Phaselidem
1027 2315 1188 2377 atque
1229 2306 1470 2362 Attaliam
1503 2310 1794 2381 Lyrnessus
1814 2306 1943 2361 urbs
1975 2322 2232 2360 memora-

671 2396 761 2441 tur
782 2386 926 2461 apud
952 2384 1186 2441 Plinium
1231 2384 1285 2450 5,
1329 2390 1418 2451 26,
1465 2391 1555 2458 96,
1604 2386 1787 2460 Δυρνάς
1833 2386 1890 2441 in
1942 2382 2226 2441 Stadiasm.

672 2470 703 2535 S
731 2468 834 2521 225
866 2472 949 2539 (p.
985 2466 1144 2538 490),
1171 2465 1427 2538 Δυρνίτεια
1465 2484 1554 2539 ap.
1592 2468 1894 2521 Hecataeum
1934 2466 1991 2519 in
2018 2464 2227 2537 Steph.,

669 2546 913 2617 Δυρνατία
943 2546 1272 2617 χερσόννησος
1299 2563 1385 2617 ap.
1418 2545 1623 2618 steph„
1662 2546 1934 2617 Δυρνάτεια
1962 2546 2110 2611 νῆσος
2137 2560 2228 2616 ap.

667 2624 868 2697 Scylac.
885 2642 941 2697 p.
969 2642 1056 2695 71,
1081 2626 1371 2696 Δυρναντεῗς
1395 2623 1444 2677 ol
1461 2623 1587 2679 κατὰ
1604 2622 1871 2691 Φασηλίδα
1888 2641 1976 2696 ap.
1999 2622 2232 2677 Pseudo·

665 2704 881 2757 Aristot.
904 2705 984 2756 De
1008 2704 1173 2757 ventis
1215 2722 1273 2777 p.
1319 2704 1445 2774 973.
1475 2703 1560 2759 Ab
1582 2704 1684 2758 hac
1708 2703 1874 2773 igitur
1905 2701 2230 2775 Pamphyliae

653 2782 880 2853 'regione
901 2800 1060 2854 quam
1085 2782 1273 2837 Cilioes
1297 2801 1329 2837 e
1353 2782 1514 2855 Troja
1539 2781 1754 2837 advenae
1779 2798 2062 2855 occupasse
2083 2778 2231 2836 dice·

667 2861 881 2925 bantur,
905 2861 1124 2933 quidam
1145 2864 1466 2935 Lyrnessum
1480 2864 1536 2917 iu
1551 2864 1720 2935 ipsam
1741 2862 1980 2917 Ciliciam
1996 2869 2231 2916 transtu-

661 2938 1136 3011 lerintstlierlalot
1165 2941 1354 3012 641-
1374 2944 1499 3011 876.
1523 2941 1596 2998 lae’
1625 2940 1717 3009 ἠπ.
1742 2944 1864 2999 ΟΥ.
1875 2942 2102 3013 11-877.
2124 2943 2234 3003 ταῖς

663 3024 782 3084 ΕΒ,·
805 3021 1001 3093 Κομαγ.
1025 3022 1094 3085 G,
1114 3020 1490 3094 Κομμαγεηνῶν
1519 3028 1573 3089 C,
1597 3022 1938 3095 Κομμαγηνόν
1957 3039 2022 3084 0,·
2043 3020 2232 3091 Συρίων

663 3098 990 3157 BEKONbd
1000 3102 1022 3169 (
1039 3100 1127 3153 hic
1149 3120 1235 3172 γρ.
1257 3099 1464 3173 Συρίης)
1486 3100 1638 3174 εΙιΗΡ
1648 3124 1671 3164 ,·
1695 3099 1861 3163 πόλιες
1887 3118 1937 3152 o.
1959 3098 2143 3155 Verba
2169 3100 2230 3155 K.

664 3180 771 3243 ἕδος
796 3179 864 3233 de
885 3180 1186 3246 Samosatis,
1213 3180 1446 3250 regionis
1471 3181 1659 3252 eapite,
1695 3178 1912 3249 intelligi
1934 3177 2050 3231 vult
2065 3180 2234 3233 Bern-

663 3258 921 3331 hardyus3
953 3275 1052 3328 ego
1079 3257 1150 3313 de
1172 3260 1528 3329 Commagene
1561 3260 1776 3329 regione
1813 3260 1996 3327 (sicut
2017 3275 2097 3313 vs.
2130 3261 2236 3323 840

665 3337 775 3399 ἕδος
793 3335 863 3389 de
890 3336 1118 3390 Maeonia
1145 3336 1400 3409 regione)
1429 3338 1655 3409 accipio.
1688 3337 2046 3406 Commagene
2067 3353 2234 3408 quum

662 3417 736 3469 ita
753 3425 1080 3469 memoretur
1105 3425 1167 3468 ut
1187 3433 1220 3468 a
1242 3415 1393 3485 Syria
1415 3413 1620 3486 sejungi
1640 3412 1902 3480 videatur,
1927 3414 2238 3469 Eustathius

662 3512 778 3549 eam
801 3492 1146 3567 Cappadociae
1169 3513 1202 3548 a
1230 3494 1492 3566 Dionysio
1517 3493 1783 3548 accenseri
1828 3492 2149 3560 arbitratur;
2182 3493 2238 3548 id

666 3591 788 3627 vero
819 3584 1008 3647 praeter
1049 3574 1312 3627 rationem
1343 3572 1460 3627 fieri
1495 3583 1640 3628 recte
1667 3583 1852 3627 monet
1887 3572 2098 3638 Eillius,
2145 3576 2236 3645 qui

665 3652 1052 3723 Commagenen
1085 3649 1240 3722 juxta
1281 3651 1492 3725 Syriam
1529 3650 1796 3705 nominari
1841 3660 1993 3723 putat
2033 3652 2240 3723 poetim

665 3730 752 3785 illa
773 3729 1023 3804 loquendi
1053 3729 1284 3785 formula
1299 3770 1315 3795 ‚
1361 3748 1466 3803 qua
1487 3749 1609 3804 pars
1646 3748 1772 3784 cum
1794 3740 1908 3785 toto
1930 3731 2240 3802 interposita

666 3810 852 3883 copula
882 3809 1141 3883 jungitur.
1168 3810 1233 3865 At
1265 3828 1435 3883 quum
1461 3828 1528 3866 eo
1551 3821 1792 3882 tempore
1813 3828 1924 3883 quo
1951 3812 2240 3883 Dionysius

667 3889 942 3958 scriberet,
977 3890 1335 3962 Commagene
1372 3900 1506 3944 esset
1532 3890 1806 3963 provincia
1846 3907 1879 3944 a
1905 3890 2054 3962 Syria
2098 3908 2244 3965 sepa·

667 3979 780 4023 rata
807 3970 1043 4041 (auctore
1063 3970 1392 4041 Vespasiano
1414 3969 1754 4042 imperatore.
1777 3970 1850 4025 V.
1882 3968 2155 4024 Sallustius
2183 3972 2238 4025 in

667 4050 974 4123 Vespasian.
1003 4066 1052 4105 c.
1076 4048 1154 4120 8),
1185 4048 1323 4104 nihil
1348 4058 1428 4103 est
1446 4067 1547 4104 cur
1569 4066 1636 4103 eo
1656 4046 2042 4119 confugiamus.
2061 4048 2085 4120 ΙΙ
2111 4052 2237 4122 878.

669 4126 777 4202 ἔπι]
807 4129 918 4201 περὶ
945 4133 1044 4189 Ges
1061 4139 1115 4183 et
1134 4148 1221 4203 pr.
1251 4148 1326 4183 m.
1352 4128 1410 4195 d,
1441 4130 1498 4184 in
1525 4148 1636 4203 quo
1664 4146 1825 4202 supra
1853 4129 1965 4193 12:13
1991 4148 2240 4203 περιστρε·

667 4212 788 4277 πτῆς
815 4210 976 4277 ΒΝό,
1003 4210 1062 4264 in
1088 4214 1141 4265 E
1172 4227 1326 4282 supr.
1350 4228 1453 4265 scr.
1484 4210 1694 4282 ἔπιστρ.,
1719 4209 1868 4280 quod
1889 4207 2088 4263 babent
2113 4227 2238 4283 cm,-

671 4290 958 4364 περιμήκεος
999 4289 1594 4365 HKNYXeghikmopw
1636 4287 1783 4354 Atd„
1820 4288 2074 4344 Priscian.
2111 4291 2235 4356 821,

675 4381 730 4425 et
761 4388 844 4444 pr.
896 4389 972 4427 m.
1003 4370 1056 4425 b.
1113 4391 1138 4422 c
1179 4368 1577 4442 Expeditiorem
1613 4368 1753 4425 hanc
1772 4367 2050 4423 lectionem
2077 4369 2238 4424 etiam

673 4446 936 4503 Brunkius
961 4446 1144 4502 ascivit
1158 4487 1175 4515 ,
1213 4448 1310 4501 etsi
1353 4460 1716 4503 correctorum
1758 4446 2000 4502 sollertiae
2044 4447 2116 4502 sit
2143 4446 2240 4503 de-

676 4527 784 4581 bita
799 4568 816 4595 ,
837 4544 968 4583 eum
997 4528 1054 4582 in
1078 4527 1293 4600 vulgato
1319 4525 1472 4583 liceat
1495 4528 1878 4603 simplicissime
1906 4538 2080 4582 vastos
2106 4529 2239 4584 civi-

675 4618 842 4662 tatum
862 4606 1089 4663 ambitus
1115 4608 1402 4682 percipere.
1432 4608 1567 4663 Nam
1586 4612 1824 4680 στρεπτῆς
1849 4606 1918 4663 ad
1937 4606 2109 4661 lenem
2131 4627 2240 4664 orae

675 4687 1009 4757 longiuscule
1045 4688 1242 4742 flexum
1273 4698 1508 4761 spectare
1549 4690 1878 4759 Musgravius
1901 4686 2132 4741 ostendit
2171 4687 2239 4743 ad

675 4767 863 4839 Eurip.
906 4768 1066 4821 Herc.
1099 4770 1226 4839 948.
1263 4789 1285 4817 ι
1330 4769 1692 4823 Bnanunnx.
1729 4768 1754 4839 ΙΙ
1784 4797 1856 4811 -
1895 4771 2020 4838 879.
2063 4768 2242 4837 πολιῆς

675 4843 796 4909 <mg
817 4846 866 4910 ἔς
893 4846 1026 4899 δόσιν
1052 4845 1184 4919 lurp.
1209 4849 1280 4905 G.
1318 4849 1342 4919 ss
1371 4877 1446 4889 —
1475 4848 1598 4905 880.
1633 4848 1973 4921 βαθυκρήμνου
2003 4847 2056 4913 b,
2092 4848 2240 4919 βαθυ-

672 4920 914 4995 κρήμνοιο
948 4924 1128 4988 ΟΗεζ,
1171 4923 1516 4997 πολυκρήμνου
1545 4928 1616 4989 1⁵,-
1646 4923 1847 4979 Καθίοιο
1873 4928 1942 4981 F.
1990 4945 2015 4976 ε
2056 4925 2242 4981 Casius

673 5001 775 5055 iste
802 5019 959 5056 mous
977 5044 993 5068 ,
1029 5001 1085 5056 id
1131 5003 1279 5076 quod
1316 5022 1346 5057 e
1373 5002 1740 5077 descriptionis
1765 5015 1954 5061 natura
1982 5003 2134 5059 facile
2163 5017 2242 5060 est

671 5078 740 5133 ad
764 5078 1268 5154 deprehendendum
1288 5122 1304 5147 ,
1325 5101 1434 5138 non
1459 5084 1684 5157 pertinet
1706 5082 1770 5138 ad
1796 5085 1956 5157 Syriae
1978 5094 2238 5149 montem,

670 5160 764 5230 qui
795 5168 1018 5232 propter
1034 5177 1178 5215 mare
1203 5162 1448 5217 viciniam
1472 5165 1688 5218 Orontis
1716 5162 2037 5236 attingebat3
2063 5162 2158 5217 sed
2197 5166 2242 5217 is

667 5240 1003 5309 cognominis
1039 5249 1117 5293 est
1138 5242 1302 5313 Syriae
1327 5243 1586 5297 terminus
1607 5247 1627 5311 (
1647 5262 1697 5300 v.
1728 5243 1985 5300 Herodot.
2019 5260 2073 5307 α,
2105 5245 2241 5315 158)

664 5316 734 5371 ad
757 5318 1026 5373 Pelusium
1050 5317 1328 5393 lacumque
1341 5322 1674 5377 Sirbonidem
1692 5334 1985 5396 porrectus.
2015 5346 2036 5373 ι
2060 5326 2242 5378 Bana-

665 5412 874 5451 annr.
927 5395 1134 5452 Eodem
1189 5398 1356 5455 modo
1373 5398 1486 5473 jam
1536 5401 1726 5456 Hillius
1774 5411 2052 5457 statueratz
2095 5402 2240 5457 haud

2287 1156 2295 1164 .
2318 1118 2570 1179 maritimi
2598 1120 2821 1184 montis,
2846 1118 2983 1173 Casii
3000 1118 3320 1190 confragosi.

2109 542 2461 604 moNYstt

2320 685 2609 755 Lyrnessus
2622 720 2641 748 ,
2674 680 2882 747 Mallus,
2918 680 3163 736 Anchiale
3176 722 3191 745 ,
3212 682 3318 735 Soli
3332 721 3348 746 ,

2316 768 2431 823 alia‘.
2452 768 2869 832 mediterraneae,
2894 767 3007 822 alia‘.
3027 767 3127 841 ipsi
3152 770 3284 823 mari
3312 768 3641 841 propinqua.

2315 858 2442 912 Post
2459 856 2554 912 has
2580 855 2729 911 sedes
2745 856 3095 926 Commagena
3117 857 3233 930 Syri
3242 874 3389 929 aeque
3409 856 3567 912 urbes

2283 933 2286 937 ⁴
2315 944 2375 997 in
2398 943 2636 998 flexuoso
2656 942 2810 997 litore
2834 942 3056 997 multum
3082 954 3336 1014 porrectae
3350 964 3365 1009 ;
3388 945 3591 999 circum
3618 962 3851 1017 namque

2321 1030 2443 1084 cani
2468 1032 2630 1085 maris
2653 1040 2852 1085 tractus
2876 1031 2933 1085 in
2964 1047 3209 1085 occasum
3244 1032 3593 1097 convertitur,
3624 1050 3793 1105 usque
3816 1034 3885 1087 ad

3644 1120 3884 1192 [culmen

2318 1367 2481 1409 recte.
2510 1366 2587 1412 Ac
2612 1358 2844 1429 primum
2874 1357 3089 1430 quidem
3116 1358 3227 1430 ipse
3254 1358 3626 1430 Bernhardyus
3646 1360 3807 1413 sensit
3828 1361 3884 1413 in

2316 1453 2595 1490 arenarum
2615 1437 2869 1503 cumulos,
2890 1438 2983 1510 qui
3011 1447 3137 1491 sunt
3145 1437 3299 1509 juxta
3314 1436 3650 1491 Sirbonidem
3675 1436 3849 1491 lacum
3868 1478 3883 1502 ,

2320 1514 2455 1568 male
2484 1515 2673 1569 cadere
2715 1516 3053 1589 βαθυκρήμνου
3089 1516 3360 1589 epitheton
3377 1555 3394 1581 ,
3424 1515 3572 1587 quod
3610 1518 3889 1589 praemptis

2316 1593 2453 1646 Casii
2478 1592 2615 1666 jugis
2641 1593 2709 1648 ab
2730 1596 3024 1649 Antiochiae
3043 1594 3261 1667 planitie
3287 1612 3466 1649 versus
3502 1605 3742 1649 austrum
3763 1613 3887 1668 por-

2316 1672 2473 1726 rectis
2496 1673 2722 1746 (DJebel
2737 1672 2931 1739 okmb,
2953 1674 3022 1729 de
3039 1692 3147 1747 quo
3169 1673 3370 1728 multus
3386 1685 3466 1728 est
3486 1676 3717 1729 Ritterus
3732 1685 3773 1731 t.
3798 1692 3882 1745 17,

2314 1769 2372 1823 p.
2404 1753 2540 1807 1123
2558 1752 2710 1826 sqq.)
2726 1752 3651 1825 accommodatissimumesseliquet.
3681 1753 3889 1808 Deinde

2315 1848 2445 1884 vero
2470 1850 2642 1903 quum
2689 1841 2873 1887 nostro
2902 1832 3019 1887 loco
3050 1842 3207 1904 poeta
3242 1830 3388 1886 dicat
3413 1832 3617 1903 Syriam
3665 1848 3815 1886 oram
3843 1831 3891 1896 ἒς

2316 1910 2450 1965 δύσιν
2483 1911 2624 1965 flecti
2648 1928 2815 1983 usque
2834 1910 2903 1965 ad
2929 1902 3143 1966 Casium
3164 1921 3401 1965 montem
3420 1950 3437 1977 ,
3452 1912 3509 1965 in
3540 1928 3687 1983 seqq.
3709 1922 3885 1965 autem

2316 1988 2682 2063 Coelesyriam,
2709 1991 2847 2045 inter
2872 1990 3087 2045 Casium
3107 2001 3163 2044 et
3190 1989 3457 2045 Libanum
3483 2000 3689 2045 montes
3720 2007 3889 2061 usque

2317 2067 2384 2121 ad
2412 2070 2666 2125 Arabiam
2690 2080 2745 2123 et
2768 2068 3053 2143 AEgyptum
3081 2070 3467 2142 pertinentem,
3498 2069 3544 2133 ἐς
3570 2070 3713 2123 νότον
3742 2068 3889 2124 ἀντο-

2316 2146 2430 2216 λίην
2457 2168 2512 2204 τε
2535 2158 2771 2221 spectare
2791 2158 2984 2204 statuat
3012 2167 3026 2204 t
3050 2148 3164 2203 haee
3184 2147 3333 2202 vides
3361 2166 3471 2202 non
3496 2166 3647 2221 posse
3672 2148 3815 2203 inter
3834 2168 3887 2204 se

2316 2228 2613 2297 conciliari,
2634 2230 2678 2282 si
2710 2229 2891 2283 Clasius
2908 2230 2953 2283 is
2970 2238 3105 2283 esset
3126 2246 3285 2301 quem
3307 2228 3474 2282 voluit
3496 2227 3886 2301 Bernhardyus.

2317 2310 2479 2363 Poeta
2504 2326 2619 2363 rem
2641 2308 2714 2361 ita
2738 2307 2838 2362 sibi
2861 2307 3196 2375 efformavit,
3234 2318 3296 2362 ut
3318 2308 3480 2381 Syriae
3515 2325 3667 2362 oram
3690 2307 3747 2360 in
3782 2325 3890 2362 me·

2320 2387 2565 2443 ridionali
2598 2388 2745 2442 sinus
2770 2388 2915 2442 Issici
2940 2386 3100 2442 latere
3126 2404 3296 2459 usque
3318 2385 3389 2441 ad
3410 2387 3549 2441 Casii
3580 2385 3773 2439 montis
3794 2386 3894 2439 ini·

2319 2468 2455 2521 tium
2474 2508 2491 2534 ,
2521 2466 2669 2540 quod
2694 2484 2863 2539 prope
2889 2466 3228 2522 Antiochiam
3268 2476 3379 2531 est,
3417 2482 3659 2519 oceasum
3705 2481 3890 2519 versus

2320 2547 2519 2619 porrigi
2548 2557 2804 2603 censeret.
2842 2544 2906 2601 Id
2934 2564 3060 2600 sane
3088 2544 3422 2600 salsissimum
3448 2556 3555 2605 est.
3592 2560 3760 2615 quum
3798 2560 3892 2598 ora

2318 2628 2417 2679 ista
2441 2623 2555 2696 jam
2580 2624 2706 2680 inde
2730 2644 2763 2681 a
2788 2626 3004 2698 scopulo
3032 2625 3262 2679 Rhosieo
3290 2626 3401 2678 sive
3421 2643 3454 2678 a
3478 2633 3746 2697 praerupto
3768 2640 3893 2695 pro-

2320 2706 2589 2761 montorio
2613 2704 2761 2777 quod
2777 2705 2937 2760 hodie
2965 2708 3075 2760 Ros
3101 2704 3152 2757 el
3175 2703 3377 2759 Kansir
3391 2713 3625 2767 voeatur,
3652 2702 3709 2755 in
3732 2703 3891 2757 meri-

2319 2786 2463 2841 diem
2490 2795 2857 2852 convertatur3
2888 2794 2943 2839 at
2960 2781 3168 2839 tradere
3193 2783 3509 2854 Dionysium
3534 2798 3652 2853 quae
3677 2797 3893 2854 accepe-

2319 2876 2402 2919 rat
2428 2865 2512 2920 vel
2546 2866 2605 2919 in
2644 2863 2835 2919 tabulis
2860 2874 3185 2939 spectaverat
3198 2902 3215 2928 ,
3259 2880 3290 2915 e
3315 2861 3596 2914 Ptolemaeo
3631 2858 3841 2930 colligas
3872 2878 3887 2915 ;

2320 2962 2445 2999 nam
2464 2944 2609 3018 apud
2634 2944 2781 2998 hunc
2800 2960 3017 3016 quoque
3038 2942 3164 2997 litus
3179 2941 3503 2995 maritimum
3524 2956 3797 3013 perperam
3818 2941 3890 2993 ita

2320 3023 2635 3090 delineatur,
2680 3034 2741 3076 ut
2771 3024 2917 3077 sinus
2944 3022 3091 3076 Issici
3127 3020 3263 3075 latus
3295 3018 3517 3074 australe
3558 3019 3615 3072 in
3643 3036 3888 3073 occasum

2322 3104 2507 3160 tendat
2522 3122 2691 3175 usque
2712 3101 2779 3157 ad
2805 3102 3091 3158 Seleuciam
3114 3104 3169 3156 et
3184 3101 3443 3154 Orontem
3466 3100 3709 3153 fluvium.
3730 3097 3888 3163 Haud

2323 3182 2544 3239 meliora
2568 3184 2760 3237 Noster
2788 3182 2843 3235 in
2871 3198 3019 3252 seqq.
3040 3177 3109 3233 de
3136 3177 3416 3249 Coelesyria
3444 3174 3644 3248 prodit.
3673 3176 3893 3232 Constat

2322 3262 2657 3335 Coelesyriam
2672 3302 2689 3326 ,
2710 3278 2828 3333 quae
2852 3260 3066 3333 proprie
3093 3257 3291 3312 dieitur
3312 3256 3455 3310 vallis
3472 3257 3609 3310 inter
3627 3255 3889 3311 Libanum

2322 3354 2378 3397 et
2401 3341 2765 3398 Antilibanum
2786 3338 2959 3394 media
2972 3378 2989 3405 ,
3020 3336 3218 3392 laxiore
3238 3336 3383 3390 vocis
3404 3352 3563 3389 sensu
3590 3335 3888 3390 universam

2324 3418 2776 3493 comprehendere
2810 3418 3079 3487 regionem
3106 3433 3228 3487 que
3254 3416 3391 3469 inlra
3416 3412 3739 3467 Seleucidem
3766 3430 3891 3485 pro·

2324 3499 2555 3553 vinciam
2582 3498 2823 3569 sequitur
2852 3494 2977 3551 inde
2993 3496 3061 3550 ab
3088 3494 3377 3550 Eleuthero
3401 3491 3566 3546 fluvio
3581 3490 3663 3545 vel
3689 3491 3759 3545 ab
3786 3492 3890 3546 Or-

2326 3579 2497 3634 thosia
2538 3578 2748 3632 civitate
2793 3593 2959 3648 usque
2996 3572 3065 3629 ad
3100 3574 3313 3646 AEgypti
3338 3570 3592 3632 confinia.
3636 3567 3889 3652 literalem

2325 3678 2452 3715 vero
2478 3657 2593 3731 ejus
2618 3657 2846 3729 regionis
2883 3665 3109 3710 tractum
3136 3651 3421 3709 Phoeniciae
3463 3651 3681 3705 nomine
3714 3650 3891 3705 minus

2326 3750 2570 3794 accurate
2596 3736 2855 3808 designari
2884 3735 2994 3805 (V.
3035 3732 3225 3789 Strabo
3244 3750 3303 3804 p.
3342 3730 3469 3802 756,
3494 3731 3639 3795 Cas„
3668 3732 3794 3799 643,
3822 3732 3892 3787 50

2328 3817 2456 3874 Did.
2480 3817 2522 3890 ).
2558 3816 2811 3871 Similiter
2832 3814 3118 3887 Dionysius
3145 3828 3361 3884 quoque
3380 3810 3590 3876 statuit,
3620 3809 3695 3863 ita
3715 3820 3891 3864 tamen

2328 3907 2388 3950 ut
2412 3894 2746 3968 Cdesyriam
2776 3910 2941 3965 usque
2966 3891 3035 3946 ad
3062 3892 3321 3945 Orontem
3339 3899 3394 3945 et
3414 3889 3554 3943 Casii
3576 3888 3773 3941 montis
3794 3888 3895 3942 ini·

2326 3976 2465 4030 tium
2496 3972 2708 4031 boreale
2748 3971 2998 4027 extendat
3034 3972 3059 4041 (
3074 3969 3222 4042 quod
3272 3969 3615 4040 consequitur
3656 3977 3771 4021 tum
3827 3986 3893 4023 ex

2325 4049 2511 4111 nostro
2536 4070 2689 4109 versu
2730 4062 2843 4107 tum
2869 4070 2902 4107 e
2931 4070 3010 4107 vs.
3042 4068 3167 4121 910,
3199 4050 3295 4105 ubi
3329 4049 3387 4102 iu
3417 4047 3635 4103 urbium
3673 4064 3895 4103 recensu

2326 4134 2395 4189 ad
2424 4133 2759 4192 Antiochiam
2788 4148 2954 4205 usque
2974 4128 3378 4204 progreditur).
3404 4126 3663 4182 Praeterea
3703 4127 3897 4181 Noster

2327 4230 2387 4268 ea
2430 4231 2551 4286 quae
2596 4210 2665 4266 de
2690 4210 2967 4284 Coelesyria
3007 4208 3213 4265 Libano
3243 4218 3297 4262 et
3342 4205 3649 4261 Antilibano
3695 4204 3897 4259 inclusa

2327 4292 2629 4358 traduntur,
2678 4290 2747 4346 ad
2773 4290 3010 4345 latiorem
3050 4289 3207 4343 istam
3237 4285 3573 4358 Coelesyriam
3612 4301 3784 4357 usque
3826 4284 3895 4339 ad

2326 4373 2609 4448 AEgyptum
2634 4370 2990 4443 Arabiamque
3006 4369 3361 4443 pertinentem
3378 4364 3644 4419 transtulit
3660 4403 3675 4430 ,
3698 4364 3899 4437 quippe

2327 4471 2488 4525 quam
2539 4452 2681 4507 inter
2708 4450 2818 4506 duo
2847 4450 3112 4505 montium
3146 4446 3273 4520 juga
3313 4445 3515 4519 porrigi
3563 4443 3747 4499 statuit
3765 4484 3783 4509 ‚
3823 4445 3896 4499 ita

2328 4544 2504 4589 tamen
2526 4544 2589 4589 ut
2613 4531 2819 4588 Libano
2840 4531 3074 4596 Casium,
3097 4528 3403 4584 Antilibano
3420 4524 3683 4581 Libanum
3701 4522 3895 4579 substi-

2327 4623 2460 4668 tuat.
2490 4615 2571 4668 Ex
2609 4611 2695 4666 bis
2735 4610 3000 4666 Libanum
3033 4625 3204 4680 usque
3242 4606 3311 4661 ad
3343 4606 3517 4659 sinum
3552 4603 3891 4661 AElanificum

2328 4690 2543 4745 extendi
2567 4699 2720 4764 putat
2767 4689 2859 4760 (v.
2902 4689 3026 4759 954.
3081 4705 3207 4758 970.
3247 4684 3422 4757 924),
3473 4684 3606 4739 adeo
3642 4693 3704 4737 ut
3742 4683 3896 4737 Sinai

2330 4769 2528 4825 montis
2576 4766 2916 4825 chersonesus
2968 4782 3091 4839 pars
3144 4766 3217 4820 sit
3266 4764 3459 4835 Syriae,
3505 4761 3718 4816 Casium
3770 4777 3897 4814 vero

2329 4850 2543 4904 finxisse
2570 4847 2731 4902 debet
2748 4845 2935 4919 jugum
2953 4856 3262 4901 montanum
3282 4841 3429 4915 quod
3462 4840 3585 4895 inde
3612 4840 3679 4895 ab
3708 4840 3898 4897 Antio·

2330 4930 2462 4984 chiae
2487 4928 2701 4999 regione
2729 4937 2783 4981 et
2803 4923 3067 4982 Casiotide
3090 4923 3363 4997 provincia
3388 4938 3556 4994 usque
3584 4918 3655 4973 ad
3678 4920 3893 4975 Casium

2328 5009 2558 5082 AEgypto
2584 5008 2817 5062 vicinum
2839 5016 3013 5061 tractu
3039 5006 3295 5060 continuo
3318 5003 3697 5075 porrigeretur.
3730 5002 3887 5070 Quot.

2329 5088 2561 5161 denique
2582 5086 2651 5141 de
2678 5086 2955 5161 Coelesyria
2974 5089 3030 5143 in
3052 5084 3329 5139 meridiem
3355 5093 3411 5137 et
3447 5092 3620 5135 ortum
3647 5088 3896 5149 vergente

2330 5168 2580 5240 legimus,
2615 5165 2673 5220 id
2706 5165 2937 5239 pendere
2974 5162 3186 5219 videtur
3233 5182 3298 5219 ex
3340 5163 3514 5235 pravis
3550 5156 3897 5231 opinionibus

2330 5265 2448 5320 quae
2473 5245 2543 5301 de
2566 5244 2753 5301 Libani
2774 5256 2829 5301 et
2851 5242 3137 5300 Antilibani
3160 5243 3265 5297 situ
3289 5240 3432 5315 apud
3454 5250 3655 5295 veteres
3680 5253 3893 5309 geogra-

2329 5325 2465 5398 phos
2489 5320 2816 5380 0btinebant.
2851 5321 3113 5376 Videlicet
3138 5320 3331 5375 horum
3362 5318 3623 5372 montium
3662 5323 3891 5369 tractum

2328 5399 2517 5456 Strabo
2542 5412 2565 5467 ί
2575 5420 2633 5471 p.
2662 5402 2761 5471 755
2786 5404 2927 5469 Cas„
2953 5404 3077 5466 642,
3110 5402 3179 5463 4ο
3204 5398 3371 5454 Didot
3392 5399 3477 5473 )et
3494 5394 3805 5451 Ptolemaeus
3824 5406 3876 5446 st
