4584 6284
648 524 725 577 ⁹4

1879 518 2221 581 DlONYSII
2262 520 2634 584 BYZANTII

634 646 795 703 ctitur
806 649 1174 719 promontorio
1187 648 1458 704 Damalico
1471 649 1537 703 ad
1556 649 1901 704 meridianum
1913 650 2196 707 cardinem.
2290 671 2418 707 num
2442 656 2658 711 scaturit
2683 654 2820 715 lons.
2893 660 3164 731 Propeest
3187 660 3389 717 rivulus
3417 664 3460 730 ⁴,
3483 663 3632 738 cujus
3667 672 3858 724 memi-

630 736 749 788 Jam
781 751 908 789 vero
951 734 1089 789 inter
1116 732 1229 790 duo
1250 737 1616 808 promontoria
1632 776 1647 800 ,
1693 737 1947 792 nimirum
1982 737 2200 793 alterum
2290 743 2428 797 nisse
2454 744 2766 818 Dionysium
2789 756 2908 803 ante
2935 746 3207 807 vidimus:
3225 752 3316 823 qui
3343 751 3388 805 si
3411 770 3556 808 nunc
3580 753 3737 827 longe
3756 774 3854 817 ms.-

630 822 878 895 Europoe,
906 823 1223 896 Bosporium
1242 824 1595 893 nominatum,
1616 835 1669 879 et
1698 824 1917 879 alterum
1936 826 2070 881 Asiae
2096 828 2199 881 Da·
2288 849 2389 885 nor
2414 831 2556 900 fluit,
2582 832 2638 887 id
2666 832 3054 891 attribuendum
3087 835 3220 891 fonti
3252 849 3554 896 constructo
3584 844 3640 897 in
3667 842 3856 901 eadem

632 907 806 964 malim
832 908 1149 983 appellatum
1168 950 1185 979 ,
1210 929 1373 985 supra
1396 930 1541 967 mare
1568 910 1841 985 paululum
1871 914 2065 967 eminet
2084 932 2197 969 sco-

628 994 783 1068 pulus
802 1014 895 1053 seu
912 1014 1073 1072 parva
1094 996 1269 1053 insula
1285 1010 1301 1037 ¹
1322 996 1523 1053 distans
1544 998 1910 1071 promontorio
1935 1000 2201 1056 Damalico

629 1086 840 1142 circiter
864 1098 1076 1143 centurn
1104 1105 1287 1161 passus
1304 1127 1319 1155 ,
1356 1096 1468 1142 tota
1500 1086 1664 1141 ferme
1689 1096 1943 1160 occupata
1960 1086 2028 1144 ab
2050 1107 2196 1156 arce,

629 1171 887 1227 machinis
911 1172 1107 1229 bellicis
1126 1175 1332 1229 munita
1349 1171 1417 1229 ad
1442 1171 1693 1229 arcendas
1712 1191 1868 1229 naves
1890 1174 2098 1231 hostiles
2113 1216 2129 1243 ,
2154 1177 2197 1231 si

626 1277 748 1335 quas
781 1263 1012 1335 penitius
1038 1264 1095 1318 in
1126 1266 1426 1337 Bosporum
1461 1282 1528 1319 ex
1561 1262 1885 1338 Propontide
1925 1282 2198 1339 erumpere

629 1358 969 1417 conarentur,
999 1360 1158 1424 atque
1183 1350 1252 1405 ab
1276 1370 1339 1406 ea
1380 1369 1499 1405 ιιι-οε
1542 1349 1610 1405 ad
1636 1354 2065 1425 promontorium
2091 1355 2196 1407 Da-

634 1432 880 1490 malicum
902 1446 1226 1491 transversus
1251 1456 1439 1493 murus
1468 1456 1634 1493 caecus
1656 1438 1758 1493 sub
1781 1456 1916 1513 aqua
1936 1437 2198 1495 obductus

631 1532 773 1587 erat,
805 1522 945 1577 velut
968 1521 1211 1595 quaedam
1232 1524 1425 1591 moles,
1450 1525 1585 1579 ictus
1612 1525 2029 1598 septentrionum
2056 1528 2195 1581 cxci·

628 1606 780 1681 piens
798 1648 813 1676 ,
866 1611 1087 1665 navibus
1130 1611 1203 1667 ob
1264 1610 1508 1685 rapidum
1554 1611 1927 1668 intermedium
1974 1614 2193 1687 Bospori

632 1696 836 1752 fluxum
864 1698 1146 1755 ascendere
1174 1700 1562 1773 nequeuntibus
1580 1744 1597 1772 ,
1633 1711 1950 1775 ventumque
1975 1719 2007 1756 a
2028 1704 2193 1777 puppi

631 1786 1050 1858 exspectantibus
1082 1789 1140 1842 in
1176 1805 1241 1843 eo
1270 1787 1419 1853 loco,
1452 1806 1609 1862 quem
1633 1790 1916 1862 Dionysius
1946 1801 2191 1862 tanquam

631 1889 663 1926 e
696 1872 995 1927 carceribus
1016 1872 1193 1947 inquit
1219 1875 1459 1930 emittere
1478 1873 1817 1947 trajicientes.
1846 1875 1894 1930 ls
1919 1876 2015 1931 etsi
2033 1878 2191 1931 tutio-

629 1977 743 2015 rem
776 1961 1051 2016 stationem
1080 1960 1341 2019 efficiebat
1355 2004 1372 2031 ,
1398 1973 1571 2018 tamen
1605 1963 1819 2018 avaritia
1848 1964 2074 2019 nationis
2096 1964 2191 2019 do·

630 2048 879 2105 minantis
915 2051 1073 2125 paulo
1102 2062 1225 2107 ante
1251 2049 1459 2106 dirutus
1492 2060 1597 2117 ast,
1625 2050 1841 2125 ejusque
1864 2070 1987 2107 saxa
2029 2064 2191 2108 trans-
2244 2118 2249 2123 ,

627 2135 731 2192 lata
755 2138 813 2193 in
846 2139 1074 2211 privatas
1106 2138 1491 2195 edificationes.
1527 2142 1566 2194 Α
1606 2142 1968 2212 promontorio
1994 2143 2185 2197 Dama-

626 2222 728 2278 lico
744 2264 761 2291 ,
794 2222 1009 2281 distanti
1052 2244 1085 2280 a
1113 2223 1444 2281 Chalcedone
1484 2226 1641 2297 paulo
1676 2228 1851 2282 minus
1886 2245 2043 2301 quam
2088 2230 2185 2285 tria

626 2312 847 2366 miliaria
862 2352 879 2379 ,
903 2310 1050 2368 littus
1074 2324 1153 2367 est
1171 2310 1279 2366 fere
1298 2322 1466 2368 totum
1487 2312 1869 2385 importuosum
1895 2324 1949 2369 et
1982 2332 2183 2387 praeru·

618 2408 773 2471 ptum
789 2438 807 2467 ,
854 2416 1097 2472 mareque
1130 2398 1283 2471 juxta
1318 2398 1464 2453 littus
1500 2398 1785 2467 vadosum,
1840 2400 2181 2475 (nutibusque

622 2484 721 2540 sub
746 2504 884 2562 aqua
906 2484 1186 2540 latentibus
1202 2482 1569 2556 confragosum
1586 2526 1603 2553 ,
1634 2495 1694 2540 ut
1712 2486 1799 2540 vix
1820 2495 2022 2541 tentans
2046 2487 2180 2543 mul·

619 2572 687 2627 tis
714 2571 843 2627 locis
868 2572 1094 2645 reperire
1120 2572 1385 2643 potuerim
1407 2571 1804 2644 applicationem
1836 2574 2069 2645 scaphae3
2094 2573 2178 2628 lit-

618 2658 849 2731 torisque
863 2656 1155 2731 crepidines
1179 2658 1236 2712 in
1262 2656 1380 2729 plus
1401 2673 1561 2730 quam
1588 2659 1967 2730 quinquaginta
1986 2676 2175 2733 passus

612 2742 907 2800 efferuntur
922 2744 1213 2819 pracipites
1228 2784 1245 2811 ,
1270 2753 1333 2799 ut
1353 2761 1595 2799 ascensus
1618 2742 1849 2799 directus
1870 2745 1940 2799 sit
1962 2755 2015 2800 et
2044 2763 2175 2819 prae-

608 2842 796 2905 ruptus
818 2850 848 2887 a
866 2830 1136 2887 Damalico
1162 2832 1532 2905 promontorio
1558 2848 1725 2903 usquc
1760 2831 1827 2886 ad
1852 2831 2140 2889 valliculam
2157 2876 2173 2901 ‚

605 2936 724 2993 quae
746 2920 923 2973 sinum
945 2917 1108 2973 efficit
1121 2958 1138 2983 ‚
1166 2916 1261 2973 ubi
1289 2936 1385 2973 ora
1419 2916 1630 2972 humilis
1650 2928 1705 2972 et
1720 2917 1864 2973 littus
1890 2917 2176 2976 demissum

604 3016 659 3061 et
692 3023 804 3062 non
828 3016 1156 3079 praeruptum
1188 3022 1440 3078 mareque
1462 3013 1806 3078 portuosum,
1837 3005 1893 3059 in
1924 3023 2033 3079 quo
2066 3024 2175 3062 cer-

606 3105 809 3151 nuntur
850 3097 1021 3149 ruinae
1068 3094 1227 3149 molis
1267 3094 1495 3166 antiquie
1510 3134 1528 3161 ‚
1572 3111 1692 3167 quae
1729 3094 1857 3147 olim
1906 3096 2177 3150 muniebat

602 3204 818 3266 portum
843 3210 937 3247 seu
958 3191 1137 3265 potius
1162 3191 1441 3245 stationem
1462 3201 1506 3257 ²,
1544 3208 1689 3246 nunc
1723 3190 1945 3262 gradum
1970 3202 2177 3263 praestat

604 3278 673 3334 ad
699 3278 900 3334 fontem
921 3279 977 3331 in
1004 3277 1182 3332 littore
1218 3277 1466 3349 proximo
1510 3276 1759 3331 fluentem
1794 3294 2107 3349 perennem,
2145 3297 2178 3334 a

604 3366 865 3436 Dionysio
908 3362 1220 3437 appellatam
1268 3363 1633 3432 Hermagora:
1671 3380 1834 3433 quem
1870 3362 2029 3435 paulo
2057 3374 2177 3418 ante

608 3450 929 3505 subductum
972 3448 1083 3504 vidi
1127 3448 1186 3502 in
1229 3450 1413 3503 hortos
1426 3487 1443 3515 ,
1489 3465 1623 3521 quos
1659 3466 1817 3521 supra
1856 3449 2175 3520 Hei-agoram

610 3555 702 3591 rex
738 3535 1063 3593 Soleimanus
1100 3536 1274 3607 longis
1320 3537 1488 3591 muris
1526 3536 1918 3609 circumsepsit,
1962 3536 2074 3591 aliis
2112 3556 2177 3592 eo

610 3624 767 3679 etiam
786 3621 1021 3678 sontibus
1047 3640 1208 3696 opere
1233 3621 1575 3677 subterraneo
1603 3619 1849 3678 derivatis
1865 3663 1881 3690 ,
1905 3632 1969 3678 ut
1990 3641 2175 3679 eorum

608 3709 957 3767 redundantia
984 3709 1155 3783 hortis
1194 3710 1461 3781 superflua
1500 3710 1569 3764 sit
1609 3708 1963 3765 restituendus
2004 3712 2176 3767 fluxus

606 3799 891 3870 Heragorae
916 3796 1070 3869 longe
1086 3795 1370 3870 copiosior.
1396 3799 1443 3852 A
1469 3794 1613 3853 sonte
1637 3798 1903 3868 Heragora
1932 3797 2077 3852 littus
2096 3810 2175 3854 est

606 3884 717 3941 fere
737 3900 981 3940 saxosum
1008 3895 1060 3939 et
1085 3892 1414 3958 praeruptum
1435 3898 1605 3957 usque
1630 3881 1699 3936 ad
1724 3882 1991 3956 planitiem
2020 3883 2173 3940 Chal-

606 3970 821 4047 cedonis
846 3970 1205 4028 suburbanam
1218 4012 1236 4037 ,
1262 3970 1357 4025 ubi
1392 3969 1517 4026 olim
1543 3982 1657 4026 erat
1679 3970 1817 4026 aedes
1840 3972 2092 4039 Veneris,
2122 3982 2173 4027 et

608 4072 789 4136 postea
831 4060 933 4117 fuit
964 4059 1221 4135 templum
1253 4057 1391 4115 divae
1427 4058 1734 4133 Euphemiae
1756 4058 1781 4098 ³
1808 4057 2043 4115 funditus
2060 4058 2171 4132 jam

598 4168 791 4205 evm-sas
842 4168 1004 4222 supra
1052 4160 1281 4215 temm,
1340 4157 1499 4221 atque
1562 4145 1695 4203 adeo
1756 4148 2169 4204 substructiones

596 4248 791 4307 erutae,
819 4247 1039 4311 excepto
1065 4236 1312 4293 cuniculo
1348 4236 1718 4304 subterraneo,
1758 4254 1821 4291 ex
1857 4255 1964 4310 quo
1990 4238 2167 4293 etiam·

674 4452 724 4490 1.
750 4434 976 4509 Insula]
998 4453 1115 4508 quae
1130 4434 1357 4490 Turcice
1385 4443 1603 4490 vocatur
1622 4432 1983 4498 Kis-Kalessi‚
2013 4432 2168 4507 vulgo

598 4514 738 4571 dicta
765 4527 884 4570 tom·
904 4514 969 4570 de
993 4513 1245 4571 Leandre.

669 4612 723 4653 a.
761 4595 1083 4671 Stationem]
1122 4596 1213 4650 ubi
1248 4612 1392 4650 nunc
1430 4593 1638 4649 Haider
1668 4592 1847 4649 Pae-ha
1887 4592 2160 4659 Iskelessi,

600 4687 661 4741 ut
681 4676 995 4731 Hammerus
1018 4692 1229 4749 quoque
1243 4692 1299 4748 p.
1329 4674 1431 4740 342
1452 4674 1652 4730 statuit.
1680 4674 1703 4745 ss
1726 4704 1799 4716 --
1816 4674 1870 4729 3.
1899 4673 2167 4749 Templum

602 4759 1114 4835 DivoeEuphemioe]
1141 4762 1197 4815 in
1222 4758 1482 4814 hodierno
1507 4756 1752 4816 Kadikot'.
1785 4757 1867 4813 Cf.
1894 4758 2161 4815 Hammer.

596 4859 654 4914 p.
686 4840 810 4914 347.
838 4841 863 4914 1]
886 4872 959 4883 —
979 4844 1033 4906 4.
1066 4839 1292 4895 Rivulus
1314 4838 1335 4912 ]
1359 4838 1519 4912 quem
1538 4840 1593 4893 in
1615 4838 1993 4894 recentioribus
2016 4837 2168 4893 tabu-

593 4920 655 4975 lis
677 4940 789 4977 non
816 4921 1041 4996 reperio.

666 5000 718 5057 5.
750 4998 1185 5072 chalcedoniam]
1216 4998 1473 5055 Herodot.
1516 5003 1569 5066 4,
1598 4998 1663 5053 85
1692 5014 1708 5053 ε
1751 4998 2019 5070 Δαρεῖος...
2049 4996 2165 5054 ἀπί-

590 5098 703 5133 κετο
738 5082 827 5149 τῆς
861 5078 1209 5151 Καλχηδονίης
1241 5076 1323 5133 ἰπὶ
1358 5077 1444 5133 τὸν
1474 5078 1746 5151 Βόσπορον,
1773 5076 1863 5130 ἵνα
1897 5076 2094 5139 ἔζευκτο
2132 5075 2166 5145 ἦ

588 5158 771 5232 γέφυρα
786 5199 804 5227 ,
842 5159 899 5213 in
934 5158 1129 5230 quibus
1161 5176 1263 5213 vox
1298 5158 1615 5231 Καλχηδονίη
1652 5156 1719 5211 de
1752 5157 1965 5229 regione
1988 5158 2167 5230 potius

587 5255 747 5310 quam
777 5238 848 5293 de
882 5238 1015 5294 urbe
1054 5236 1392 5311 intelligenda
1432 5248 1526 5294 cst.
1572 5239 1595 5309 ss
1632 5268 1707 5281 -
1742 5242 1794 5293 6.
1839 5235 2163 5311 Menippus]

584 5315 981 5373 Obversabatur
997 5316 1174 5391 Gyllio
1190 5316 1337 5373 locus
1362 5316 1612 5390 Stephani
1636 5316 1868 5389 Byzantii
1887 5334 1937 5370 v.
1967 5315 2166 5384 Χαλκη-

581 5398 705 5458 δών,
728 5396 823 5451 ubi
846 5395 1099 5452 laudatur
1125 5396 1341 5471 quidem
1367 5396 1681 5470 Menippus,
1711 5407 1766 5451 at
1798 5414 1905 5451 non
1926 5394 1993 5450 de
2011 5395 2165 5453 Chal·
2204 5438 2212 5453 .

2286 916 2498 989 planitie
2525 919 2677 991 juxta
2701 923 2839 977 viam
2863 921 3190 979 Chalcedone
3224 926 3529 981 tendentem
3555 927 3623 983 ad
3661 928 3852 985 urbem

2285 1005 2645 1063 Nicomediam
2661 1018 2690 1075 ,·
2736 1026 3020 1084 perennem
3095 1010 3320 1067 fismlam
3391 1032 3611 1088 quoquo
3673 1034 3858 1073 versus

2286 1103 2514 1165 quatuor
2553 1091 2744 1165 digitos
2793 1104 3054 1169 patentem
3096 1096 3363 1170 implente.
3459 1100 3602 1155 Fons
3649 1113 3846 1171 autem,

2285 1195 2444 1251 quem
2459 1178 2570 1252 jam
2598 1180 2710 1235 dixi
2731 1184 2980 1238 scaturire
3001 1202 3066 1238 ex
3086 1184 3304 1257 antiquo
3337 1203 3490 1258 aquae
3511 1184 3682 1242 ductu
3711 1186 3848 1243 divae

2284 1264 2616 1338 Euphemiae,
2645 1266 2820 1335 distat,
2845 1287 2874 1323 a
2887 1269 3020 1324 scala
3053 1268 3463 1328 Chalcedonensi
3488 1272 3634 1329 mille
3650 1285 3704 1331 et
3723 1292 3849 1331 cen·

2286 1360 2398 1405 tum
2417 1369 2620 1424 passus.
2693 1356 2876 1425 Qualis
2897 1365 3071 1411 autem
3105 1354 3264 1412 fuerit
3290 1355 3428 1413 mdes
3457 1357 3595 1414 divae
3631 1360 3848 1433 Euphe-

2285 1438 2403 1494 miae
2415 1480 2432 1507 ,
2471 1443 2526 1495 in
2552 1460 2656 1515 qua
2676 1442 2929 1498 celebrata
2970 1443 3071 1498 suit
3101 1444 3336 1517 synodus
3361 1444 3803 1503 Chalcedonensis
3821 1488 3840 1515 ,

2280 1534 2334 1579 et
2376 1526 2543 1599 qualis
2579 1525 2693 1599 ejus
2741 1529 2902 1596 situs,
2938 1530 3187 1601 Evagrius
3241 1529 3589 1587 Scholasticus
3636 1530 3734 1607 (a,
3771 1534 3844 1605 3)

2280 1610 2452 1685 ample
2479 1612 2692 1681 scribit3
2718 1630 2835 1687 quae
2863 1632 2960 1687 ego
2993 1615 3220 1671 breviter
3249 1618 3521 1689 attingam.
3559 1618 3848 1674 Sacrorum

2279 1696 2556 1753 hominum
2581 1690 2776 1755 coetum
2799 1700 2872 1755 ait
2891 1700 3128 1756 hahuisse
3153 1702 3436 1757 concilium
3457 1704 3516 1757 in
3533 1703 3842 1777 Euphemiae

2278 1785 2523 1856 martyris
2553 1784 2666 1840 aede
2685 1826 2701 1853 ,
2729 1784 2942 1841 distanti
2963 1804 2995 1841 a
3031 1789 3270 1859 Bosporo
3309 1805 3417 1842 non
3441 1788 3666 1861 amplius
3701 1787 3842 1844 duo-

2276 1870 2376 1926 bus
2396 1871 2577 1927 stadiis
2592 1912 2608 1939 ,
2645 1874 2744 1928 sita
2777 1874 2834 1927 in
2863 1874 3164 1930 suburbano
3202 1893 3328 1947 agro
3363 1875 3840 1933 chalcedoniorum

2276 1958 2624 2033 Bithynorum
2659 1961 2895 2017 molliter·
2918 1961 3131 2029 acclivi,
3169 1973 3232 2017 ut
3257 1963 3582 2019 ambulantes
3614 1965 3671 2019 in
3702 1975 3840 2021 tem-

2272 2046 2418 2119 plum
2461 2065 2570 2103 non
2611 2049 2835 2103 sentiant
2869 2066 2926 2103 se
2950 2048 3005 2103 in
3061 2048 3188 2103 illud
3225 2048 3472 2117 subiisse,
3518 2062 3846 2126 repenteque

2274 2131 2418 2187 velut
2455 2151 2522 2189 ex
2543 2132 2754 2189 sublimi
2791 2134 2998 2209 specula
3035 2134 3270 2208 undique
3303 2154 3516 2211 campos
3547 2137 3650 2193 sub
3687 2156 3839 2213 aspe-

2272 2231 2418 2275 ctum
2447 2220 2707 2295 subjectos
2731 2224 3149 2297 contemplentur
3188 2225 3405 2298 supinos
3429 2236 3483 2280 et
3507 2225 3692 2299 planos
3716 2224 3842 2283 her-

2270 2308 2352 2364 bis
2367 2351 2383 2378 ,
2413 2298 2682 2381 frugibus,
2724 2310 3000 2368 arboribus
3035 2313 3286 2368 virescere
3301 2355 3316 2381 ‚
3358 2330 3609 2386 mareque
3643 2316 3839 2387 partim

2268 2396 2609 2469 tranquillum
2633 2398 2863 2454 violaceo
2891 2398 3214 2473 oeruleoque
3243 2398 3419 2455 colore
3441 2416 3834 2474 purpurescens

2272 2480 2342 2538 ad
2381 2483 2558 2541 littora
2578 2482 2827 2540 adludere
2858 2502 3229 2560 amoenumque
3263 2483 3518 2559 quiddam
3558 2486 3833 2556 exhibere,

2264 2571 2456 2643 partim
2489 2588 2760 2625 murmure
2783 2589 2975 2627 sonans
2997 2571 3240 2627 fluctibus
3257 2572 3533 2627 efferatum
3557 2572 3756 2647 lapillos
3782 2585 3837 2629 et

2264 2655 2492 2713 conchas
2511 2669 2566 2713 ct
2599 2658 2737 2730 algas
2766 2657 3090 2732 provolvere.
3181 2657 3316 2713 Inde
3352 2658 3500 2713 addit
3526 2660 3841 2733 Euphemiae

2264 2741 2432 2799 aedem
2459 2743 2538 2799 vel
2569 2743 2674 2801 hoc
2697 2745 2812 2819 ipso
2841 2745 3018 2801 ornari
3033 2786 3046 2812 ,
3089 2744 3231 2819 quod
3271 2747 3370 2800 sita
3406 2746 3476 2800 sit
3501 2757 3623 2800 ante
3653 2746 3836 2803 oculos

2264 2831 2815 2905 Constantinopoleos,
2858 2843 2912 2887 ct
2941 2832 3084 2906 quod
3123 2843 3326 2888 constet
3373 2834 3544 2889 trihus
3581 2835 3838 2890 membris

2264 2934 2578 2989 magnorum
2601 2916 2942 2973 aedificiorum
2969 2920 3164 2973 ornatis
3184 2919 3527 2992 amplitudine
3551 2930 3605 2975 et
3619 2920 3834 2976 laxitate

2263 3016 2318 3061 et
2333 3006 2726 3079 pulchritudine
2746 3006 3105 3063 columnarum
3127 3017 3180 3062 et
3201 3008 3350 3062 tectis
3371 3007 3709 3080 elegantibus.
3731 3010 3847 3064 Sed*

2264 3092 2396 3167 quid
2422 3111 2587 3149 conor
2614 3096 2670 3148 in
2699 3094 2866 3148 lucem
2907 3092 3060 3148 edere
3085 3095 3276 3169 scripta
3313 3095 3559 3166 Evagrii,
3604 3094 3684 3149 vel
3728 3095 3834 3150 hoc

2263 3181 2380 3255 ipso
2399 3180 2596 3235 nobilia
2620 3179 2756 3249 sacta
2768 3220 2784 3248 ,
2813 3180 2959 3253 quod
2979 3181 3242 3236 nobilibus
3275 3192 3330 3235 et
3361 3182 3517 3255 plane
3552 3184 3708 3254 regiis
3735 3184 3834 3239 Pa-

2262 3266 2512 3321 risiorum
2537 3266 2922 3322 characteribus
2949 3266 3057 3339 jam
3091 3266 3298 3321 dudum
3337 3268 3639 3339 pervulgata
3675 3271 3832 3325 etiam

2263 3351 2419 3423 longe
2441 3350 2575 3406 ultra
2602 3350 2984 3407 Chalcedonam
3011 3362 3280 3423 vagentur.
3326 3352 3645 3421 Chalcedon,
3671 3371 3832 3426 quam

2263 3446 2566 3503 Herodotus
2602 3450 2699 3519 (4,
2733 3447 2837 3519 85)
2867 3445 3088 3520 appellat
3124 3445 3531 3502 chalcedoniam
3553 3446 3598 3513 ⁵,
3629 3464 3661 3501 a
3697 3448 3832 3501 Dio·

2264 3536 2415 3609 nysio
2443 3534 2658 3609 quidem
2689 3535 3025 3591 constituitur
3054 3531 3210 3607 paulo
3245 3550 3406 3606 supra
3442 3532 3831 3589 chalcedonem

2266 3624 2509 3680 fluvium.
2580 3622 2680 3680 Sed
2705 3634 2842 3679 tacet
2875 3622 3193 3696 Dionysius,
3235 3618 3292 3675 id
3317 3619 3460 3695 quod
3497 3620 3755 3677 Arrianus
3779 3632 3832 3677 ct

2262 3716 2544 3789 Menippus
2561 3712 2586 3753 ⁶
2610 3713 2925 3787 loquuntur,
2953 3710 3256 3787 appellatam
3284 3708 3352 3766 ab
3383 3708 3572 3765 codem
3612 3708 3834 3764 flumine

2261 3798 2610 3857 Chalcedone.
2638 3801 2893 3857 Arrianus
2911 3812 2936 3853 7
2968 3800 3024 3854 in
3046 3816 3140 3854 sua
3159 3797 3375 3853 historia
3403 3796 3682 3869 Bithy-nica
3701 3794 3833 3851 dicit

2261 3908 2378 3945 eam
2399 3890 2720 3946 nominatam
2743 3909 2773 3946 a
2791 3888 2902 3946 fillo
2915 3890 3122 3945 Saturni
3145 3897 3450 3961 nuncupato
3476 3884 3827 3953 Chalcedone,

2260 3995 2291 4032 a
2319 3993 2429 4050 quo
2457 3978 2690 4050 primum
2708 3976 2898 4031 fluvius
2919 3975 3023 4031 illic
3049 3976 3216 4030 fluens
3237 3972 3540 4029 nominatus
3575 3984 3654 4029 est
3675 3972 3831 4029 Chal-

2260 4063 2462 4132 cedon;
2487 4062 2680 4119 deinde
2704 4062 2832 4119 urbs
2858 4082 2887 4118 a
2911 4062 3254 4119 Doriensibus
3266 4102 3283 4129 ,
3313 4060 3436 4116 illuc
3455 4053 3829 4116 coloniam'ubi

2260 4149 2632 4216 deduxissent,
2681 4150 2947 4206 nominata
2972 4160 3052 4205 est
3087 4168 3152 4205 eo
3186 4148 3406 4203 nomine
3451 4164 3560 4220 quo
3601 4148 3824 4203 flumen.

2260 4238 2492 4293 Incertus
2533 4236 2750 4309 quidam
2803 4235 3081 4291 historicus
3121 4236 3146 4275 ⁸
3176 4233 3309 4289 dicit
3353 4245 3600 4289 vocatum
3639 4252 3672 4287 a
3719 4231 3831 4286 filio

2258 4433 2462 4491 cedone
2480 4434 2664 4501 fluvio,
2684 4432 2836 4507 cujus
2844 4433 3134 4506 Stephanus
3151 4430 3579 4486 meminithisce:
3605 4426 3826 4496 Ἐκλήθη

2256 4513 2312 4570 δὲ
2335 4514 2671 4585 (Χαλκηδών)
2712 4510 2808 4567 ἀπὸ
2833 4510 3072 4575 Χάλκιδος
3109 4509 3333 4579 (ceteris
3359 4508 3716 4579 Χαλκηδόνος)
3741 4504 3829 4563 ‘tob

2256 4594 2612 4669 παρακειμένου
2637 4594 2893 4667 ποταμοῦ,
2929 4590 2994 4654 ὡς
3017 4590 3064 4644 oi
3091 4588 3329 4662 ἱστορικοὶ
3353 4587 3560 4651 ἅπαντές
3589 4604 3756 4659 φασιν.
3790 4584 3817 4657 1

2254 4705 2330 4717 -
2355 4692 2406 4747 7.
2438 4671 2734 4745 Arrianus]
2761 4668 2902 4745 apud
2925 4670 3255 4725 Eustathium
3277 4668 3347 4723 ad
3364 4669 3588 4740 Dionys.
3617 4684 3669 4720 v.
3688 4666 3820 4722 803:

2257 4752 2396 4809 Κατὰ
2433 4751 2486 4807 δὲ
2517 4748 2608 4820 τὴν
2638 4749 2885 4825 Ἀρριανοῦ
2929 4748 3143 4822 ἱστορίαν
3180 4752 3292 4817 (sc.
3333 4746 3717 4818 Bithyniacam.
3751 4745 3825 4799 V.

2257 4836 2347 4891 Fr.
2383 4835 2521 4890 Hist.
2545 4843 2586 4887 t.
2608 4834 2717 4896 111.
2745 4849 2799 4904 p.
2831 4829 2953 4902 597,
2979 4826 3042 4882 sr.
3072 4832 3158 4885 61.
3181 4827 3202 4901 )
3233 4824 3482 4900 ἐπώνυμός
3509 4822 3640 4881 ἔστιν
3667 4821 3700 4893 ἡ
3729 4828 3829 4878 τῶν

2256 4912 2607 4983 Χαλκηδονίων
2650 4909 2792 4973 πόλις
2829 4914 2902 4983 τῷ
2941 4908 3124 4981 Κρόνου
3163 4906 3254 4981 υἱῷ
3289 4905 3599 4975 Χαλκηδόνι,
3650 4901 3734 4975 ἄρ’
3769 4898 3828 4955 οὗ

2254 5001 2425 5067 πρῶτα
2452 4992 2536 5067 μὲν
2565 4990 2594 5045 ό
2618 4989 2728 5045 ἐκεῖ
2749 4988 2867 5063 ῥέων
2887 4988 3104 5061 ποταμὸς
3121 4985 3307 5055 ἐκλήθη
3330 4984 3630 5054 Χαλκηδών,
3657 4981 3826 5039 ἔπειτα

2254 5073 2288 5143 ἦ
2314 5074 2482 5139 πόλις,
2515 5072 2736 5144 Δωριέων
2760 5068 3129 5138 ἀποικησάντων
3155 5064 3370 5137 ὗστέροις
3398 5066 3600 5138 χρόνοις
3618 5103 3633 5129 ,
3683 5061 3824 5133 ὁμώ-

2255 5172 2406 5226 νυμος
2425 5150 2613 5224 γίνεται
2638 5154 2710 5223 τῷ
2735 5151 2958 5220 ποταμῷ.
2997 5146 3020 5216 ss
3041 5174 3114 5187 —
3141 5146 3192 5199 8.
3231 5146 3471 5197 Incertus
3500 5138 3718 5215 qnidam
3745 5136 3827 5192 ht·

2253 5230 2519 5301 scoticus]
2559 5229 2667 5284 Nos
2707 5225 2890 5281 eadem
2931 5224 3173 5280 novimus
3204 5239 3236 5277 e
3295 5218 3645 5294 scriptoribus
3689 5215 3826 5270 bene

2255 5313 2415 5368 notis.
2429 5308 2718 5383 Hesychius
2731 5304 2960 5361 Milesius
2977 5308 3008 5375 S
3025 5320 3094 5359 20
3113 5305 3135 5376 (
3154 5304 3244 5357 Fr.
3260 5302 3400 5357 nist.
3423 5310 3463 5353 t.
3483 5300 3584 5364 IV,
3603 5314 3661 5370 p.
3679 5296 3825 5365 15o)·.

2254 5390 2527 5461 Χαλκηδὼν
2554 5387 2607 5443 δὲ
2627 5387 2912 5461 ὠνόμασται
2937 5385 2996 5440 το
3023 5383 3230 5457 χωρίον,
3261 5382 3327 5445 ὣς
3356 5380 3441 5454 μίν
3481 5378 3609 5441 τινός
3643 5393 3788 5451 φασιν
3805 5415 3822 5443 ,
