4584 6284
615 469 756 550 xviij

1917 465 2491 527 PROLEGOMENA

609 593 753 654 dem
783 610 856 654 ex
877 591 1045 656 Gillii
1065 597 1128 654 et
1149 588 1492 652 Belloniiet
1509 587 1921 651 Tournefortii
1947 594 2159 650 aucto-
2199 604 2211 679 Ι
2259 662 2272 678 ·
2330 585 2715 665 subjungere
2754 585 2937 669 liceat
2967 587 3263 649 nonnulla
3300 605 3441 669 quse
3469 606 3613 650 cum
3652 589 3799 652 Dio-

607 679 784 741 ritate
812 677 1132 758 Libyssam
1169 683 1430 739 censent
1457 693 1592 738 esse
1617 673 1988 736 hodiernam
2027 677 2158 752 Dy'i-

603 769 826 842 besam,
857 773 1046 846 atque
1093 763 1363 845 Lapieus
1405 780 1480 824 eo
1527 778 1888 844 progressus
1943 767 2038 823 est
2088 767 2160 823 ut

604 853 1033 936 conspirantes
1083 869 1410 914 mensuras
1455 849 1916 915 Itinerariorum
1969 867 2158 912 manu

598 940 1054 1005 violentissima
1079 939 1160 1002 ad
1181 937 1364 1002 istam
1389 937 1890 1002 accommodaret
1915 941 2157 1000 senten-

599 1029 784 1106 tiam,
819 1046 1012 1112 quam
1035 1028 1177 1108 iure
1208 1026 1660 1108 Wesselingius
1688 1025 2060 1109 suspectavit
2092 1031 2158 1089 et

597 1120 964 1183 Mannertus
995 1114 1343 1191 damnavit,
1385 1119 1674 1198 tantoque
1699 1114 1905 1178 minus
1933 1112 2158 1176 admit-

597 1206 860 1270 tendam
892 1222 1032 1268 esse
1076 1203 1328 1267 duxeris
1357 1222 1551 1284 quum
1595 1202 1826 1290 liqueat
1851 1203 2154 1279 Djibizam

598 1312 736 1358 esse
762 1293 859 1366 τὴν
899 1291 1224 1362 Διακίὸυζαν
1275 1290 1647 1373 scriptorum
1681 1289 2153 1372 Byzantinorum

598 1400 867 1465 eamque
880 1381 1016 1461 jam
1040 1379 1374 1444 memorari
1395 1379 1458 1443 in
1473 1379 1745 1444 Valentis
1766 1378 2154 1462 imperatoris

521 1551 523 1553 ι
597 1469 858 1534 historia
882 1468 1010 1532 sive
1033 1487 1109 1532 eo
1129 1474 1413 1550 tempore
1429 1463 1591 1551 {quo
1610 1468 1925 1550 Libyssam
1949 1466 2153 1530 adhuc

600 1562 956 1621 memorant
971 1554 1264 1619 Libanius
1278 1561 1342 1618 et
1361 1554 1722 1618 Ammianus
1735 1552 2148 1618 Marcellinus.

598 1644 862 1722 Quando
912 1642 1167 1727 perierit
1202 1661 1436 1707 nomeu
1476 1642 1776 1724 Libyssae,
1813 1641 2147 1707 nescimus.

600 1733 917 1797 Exstincta
963 1738 1172 1795 autem
1212 1731 1401 1812 hujus
1450 1729 1574 1794 loci
1628 1729 1967 1806 memoria,
2018 1728 2151 1792 fleri

595 1821 782 1884 filcile
829 1818 1032 1900 potuit
1068 1825 1139 1881 ut
1179 1817 1454 1898 Dionysii
1504 1816 1946 1899 interpretibus
1982 1816 2151 1880 idem

595 1909 914 1974 accideret
948 1906 1115 1989 quod
1153 1905 1306 1969 olim
1331 1905 1659 1969 Hannibali
1697 1904 1996 1968 accidisse
2031 1905 2155 1968 fer-

596 2003 719 2060 tur.
792 1993 1334 2068 Quemadmodum
1391 1991 1557 2056 enim
1619 1991 1926 2056 Hannibal
1985 1992 2153 2054 Jovis

601 2082 922 2150 Ammonii
951 2081 1119 2146 dieto
1165 2103 1180 2145 ε
1215 2081 1462 2145 affinem
1501 2084 1686 2164 κρύψει
1729 2082 1894 2163 βῶλος
1919 2079 2150 2140 Ἀννίὸου

598 2173 784 2250 δέμας,
808 2171 1018 2253 Libyae
1047 2177 1279 2235 terram
1315 2169 1578 2233 indicari
1601 2169 1887 2252 opinatus
1913 2174 2033 2242 est,
2067 2167 2154 2230 si-

595 2261 831 2328 militer
849 2259 1202 2324 scholiastae
1211 2259 1597 2341 Dionysium,
1613 2277 1648 2321 e
1667 2256 1922 2337 Libyssa
1945 2255 2151 2337 Bithy-

595 2347 717 2412 niae
767 2347 1102 2414 oriundum
1122 2393 1140 2426 ,
1174 2346 1241 2410 in
1272 2346 1462 2428 Libya
1487 2353 1702 2409 natum
1733 2363 1870 2408 esse
1895 2345 2150 2410 credere

593 2439 950 2516 potuerunt.
977 2433 1144 2496 Nihil
1171 2438 1380 2497 tamen
1401 2432 1569 2514 cogit
1588 2439 1658 2495 ut
1683 2432 1767 2496 ita
1787 2437 2145 2511 statuamus,

591 2523 891 2604 quoniam
916 2520 1074 2584 nihil
1097 2520 1398 2602 impedit,
1425 2519 1756 2602 quominus
1787 2536 1980 2599 genus
2003 2519 2150 2582 Dio-

590 2610 804 2692 nysius
832 2608 1078 2673 duxerit
1101 2610 1178 2672 ab
1221 2608 1297 2672 iis
1326 2607 1434 2691 qui
1464 2627 1588 2671 una
1614 2625 1760 2671 cum
1801 2606 2146 2670 Hannibale

589 2715 668 2759 ex
692 2697 898 2760 Africa
925 2696 991 2758 in
1034 2695 1384 2777 Bithyniam
1427 2692 1928 2774 commigrarant.
1973 2693 2146 2756 Cete-

586 2803 728 2846 rum
771 2783 824 2847 si
875 2790 1045 2845 recte
1097 2783 1289 2846 habet
1329 2780 1656 2863 Dionysius
1711 2780 1820 2844 ille
1861 2781 2140 2858 Ioniws,

585 2889 774 2952 quem
807 2870 1009 2934 Guido
1030 2887 1105 2932 ex
1141 2888 1451 2951 anonymo
1481 2868 1678 2932 seculi
1707 2868 1958 2951 septimi
1995 2869 2146 2932 scri-

583 2967 759 3040 ptore
781 2957 984 3037 affert,
1011 2956 1352 3021 tenendum
1376 2961 1470 3019 est
1487 2956 1568 3019 ab
1591 2955 1724 3036 ejus
1745 2954 1857 3018 aevi
1875 2955 2144 3018 auctori-

581 3047 700 3110 bus
735 3045 940 3108 virum
991 3043 1330 3126 Bithynum
1361 3043 1550 3108 etiam
1583 3043 1830 3106 Ionium
1867 3041 1995 3105 dici
2031 3061 2147 3123 po-

577 3134 774 3196 tuisse
815 3133 921 3215 (1).
970 3132 1072 3196 Sic
1099 3131 1179 3196 in.
1215 3131 1523 3194 Chronico
1566 3129 1848 3194 Paschali
1893 3135 2045 3193 tom.
2089 3133 2138 3207 1,

582 3238 646 3300 p.
687 3223 766 3282 59
811 3219 915 3282 ed.
947 3219 1149 3281 Bonn.
1201 3217 1367 3280 inter
1403 3216 1679 3280 sedecim
1708 3217 1884 3284 πόλεις
1910 3215 2144 3284 ’Ῑωνίδας

583 3305 882 3383 ὀνομαστὰς
910 3311 1139 3387 praeter
1159 3305 1587 3378 Clazomenas,
1610 3302 1920 3366 Phoceam
1941 3349 1960 3378 ,
1977 3304 2146 3368 Prie-

583 3409 741 3469 nen,
772 3391 1102 3471 Erythras,
1146 3391 1406 3454 Samum
1426 3437 1443 3466 ,
1474 3393 1700 3470 Teum,
1741 3390 1995 3471 Chium,
2027 3394 2146 3456 Co-

581 3478 924 3560 lophonem
937 3524 954 3554 ,
979 3478 1295 3560 Ephesum
1315 3485 1381 3541 et
1398 3478 1722 3558 Smyrnam
1741 3486 2144 3543 recensentur

581 3564 774 3628 etiam
820 3565 1185 3643 Perinthus,
1245 3564 1600 3630 Chalcedon
1645 3572 1706 3629 et
1760 3567 2162 3650 Byzantium·

584 3652 826 3716 Similia
855 3653 954 3716 his
992 3654 1186 3717 habes
1231 3654 1296 3718 in
1324 3653 1486 3717 libro
1525 3652 2002 3718 Generationum
2035 3675 2137 3738 ap.

583 3743 863 3823 Ducang.
912 3741 994 3804 ad
1025 3742 1264 3805 calcem
1293 3745 1516 3806 Chron.
1553 3740 1832 3804 Paschal.
1862 3743 1951 3805 Cf.
1983 3743 2142 3805 Mul-

581 3829 830 3998 penffff
839 3876 857 3908 ,
913 3833 1027 3895 Die
1089 3833 1413 3894 Weltkarte
1462 3831 1568 3893 des
1592 3831 1843 3892 Καίσων
1883 3832 2135 3910 Anqust.

646 4087 714 4150 (1)
743 4090 877 4138 Mare
893 4088 1140 4152 quoddam
1154 4087 1348 4141 lonium
1367 4089 1509 4155 iuxta
1523 4088 1799 4152 Bithyniam
1829 4087 1981 4139 situm
2004 4089 2136 4139 Mer·

582 4153 736 4207 kelius
774 4169 934 4221 nuper
959 4157 1228 4210 introduxit
1255 4159 1310 4210 in
1340 4159 1650 4224 Apollonium
1677 4155 1921 4208 Rhodium
1948 4165 1995 4220 2,
2026 4161 2136 4219 745,

581 4223 664 4274 ubi
689 4239 846 4289 quum
870 4226 1112 4290 Acheron,
1139 4227 1476 4280 Heracleensis
1493 4227 1592 4293 agri
1621 4226 1821 4288 fluvius,
1850 4225 2043 4277 dicatur
2072 4227 2138 4283 εἰς

578 4295 670 4344 ἅλα
691 4295 876 4360 βάλλειν
893 4297 925 4358 ἦ
940 4297 998 4347 oi
1015 4314 1046 4357 η
1058 4316 1102 4360 ν,
1123 4297 1387 4350 Merkelius
1413 4297 1476 4350 de
1493 4299 1774 4364 oonjectura
1791 4297 1962 4356 Ἰονίην
1989 4295 2138 4362 scrip-

580 4367 660 4417 sit.
683 4384 710 4410 α
729 4367 912 4429 Ἠοίην,
936 4367 1110 4433 inquit,
1131 4371 1222 4420 aut
1244 4370 1376 4435 ἠῴην
1393 4369 1690 4434 explicatum
1715 4381 1814 4418 uon
1841 4365 2024 4426 habet3
2051 4369 2134 4417 to-

579 4439 663 4486 tus
675 4437 864 4488 Pontus
877 4435 1077 4489 indicari
1092 4438 1296 4502 nequit·,
1324 4437 1462 4490 sinus
1489 4437 1540 4488 in
1571 4451 1720 4502 quem
1745 4436 1905 4488 effluit
1930 4435 2131 4499 fluvius,

577 4505 641 4556 ab
658 4504 912 4559 occidente
936 4507 1029 4560 est.
1057 4510 1157 4560 Aut
1180 4509 1331 4575 igitur
1347 4507 1656 4561 scribendum
1671 4506 1808 4567 ἠοίην
1827 4521 1918 4573 pro
1934 4506 2132 4558 nomine

575 4575 686 4638 ejus
713 4574 870 4640 sinus,
904 4579 994 4628 aut
1008 4578 1288 4643 temptanda
1315 4579 1607 4644 conjectura.
1637 4577 1830 4630 Ionium
1857 4590 1992 4628 mare
2017 4590 2134 4641 pars

578 4645 895 4700 oecidentalis
920 4649 1065 4700 Ponti
1090 4649 1264 4700 Euxini
1296 4649 1399 4715 [ad
1431 4651 1541 4702 lstri
1567 4652 1673 4701 ost.
1703 4650 1724 4715 ]
1761 4648 1911 4702 etiam
1936 4653 1986 4712 4,
2019 4656 2130 4702 288.

581 4721 672 4770 '308
695 4721 1029 4788 nuncupatur.
1061 4718 1346 4770 Ammianus
1363 4718 1671 4772 Marcellinus
1702 4725 1856 4784 22,13
1875 4735 1890 4764 =
1909 4723 2134 4784 Bospori

581 4791 752 4840 vocati
774 4789 918 4855 quod
935 4802 1140 4854 per-‚eos
1167 4788 1432 4854 quondam
1455 4789 1648 4843 Inachi
1667 4789 1843 4858 filia...
1882 4789 1957 4842 ad
1981 4804 2130 4842 mare

585 4861 800 4910 Ionium
829 4861 1140 4923 permeavit.
1163 4881 1186 4904 ν
1215 4861 1307 4912 His
1329 4873 1455 4926 opus
1494 4876 1594 4914 non
1618 4865 1739 4926 erat,
1767 4875 1924 4926 quum
1949 4860 2134 4914 codicis

581 4929 896 4980 Laurentiani
935 4930 1081 4982 lectio
1106 4931 1243 4990 ἠοίην
1279 4930 1570 4996 explicatum
1607 4933 1785 4985 habeat
1825 4933 2127 4984 facillimum.

577 4999 820 5051 Nimirum
847 4999 986 5052 sinus
1028 4999 1116 5064 qui
1156 5001 1222 5052 ab
1250 5001 1515 5053 Acherusia
1542 5002 1664 5068 ἄκρᾳ
1691 5015 1863 5054 versus
1901 5002 2127 5052 occiden-

576 5073 680 5120 tem
703 5069 930 5134 pertinet,
969 5069 1216 5124 clauditur
1245 5072 1574 5136 promontorio
1599 5071 1898 5138 adjacentem
1921 5071 2131 5124 habente

576 5139 788 5190 insulam
808 5153 922 5204 quae
950 5139 1012 5192 ab
1041 5139 1147 5192 aliis
1163 5141 1392 5204 Thynias,
1421 5139 1719 5206 Daphnusia,
1740 5141 2030 5208 Apollonias,
2066 5142 2130 5194 ab

575 5209 828 5272 Apollonio
853 5213 1020 5262 autem
1047 5217 1126 5274 (2,
1146 5210 1274 5275 286)
1295 5212 1416 5276 ἑῴου
1436 5213 1720 5271 Ἀπόλλωνος
1732 5219 1872 5274 νῆσος
1888 5215 2092 5264 vocatur
2109 5230 2125 5276 3

583 5277 697 5329 hinc
723 5278 888 5342 ipsum
907 5279 1070 5330 sinum
1095 5283 1245 5345 poeta
1272 5281 1365 5330 ἅλα
1380 5281 1516 5342 ἠοίην
1535 5281 1756 5350 appellat.

2249 673 2422 755 nysio
2466 679 2682 754 utpote
2746 673 2877 737 viro
2922 692 2957 736 e
3014 673 3301 756 Bithynia
3342 675 3608 740 oriundo
3657 685 3797 760 apte

2248 760 2543 843 componi
2572 767 2819 841 queant.
2851 763 3110 824 Romam
3145 769 3328 844 poeta
3360 782 3449 826 vs.
3480 765 3597 828 356
3618 775 3798 830 vocat

2249 849 2452 929 μητέρα
2504 847 2728 907 πασάων
2783 847 2976 908 πολίων
2992 895 3009 922 ,
3058 847 3333 913 imitatus
3350 895 3367 929 ‚
3406 859 3479 914 ut
3523 851 3791 930 videtur,

2248 935 2605 1019 exemplum
2630 935 2799 1017 quod
2824 953 2933 998 sua
2950 935 3151 1018 ipsius
3172 945 3353 1002 aetate
3373 940 3621 1022 Bithyni
3639 959 3796 1022 prae-

2247 1023 2513 1099 iverant;
2548 1029 2714 1087 certe
2746 1025 3011 1087 Romam
3054 1025 3375 1107 μητρόπολιν
3416 1028 3623 1091 vocari
3668 1030 3799 1112 pri-

2246 1131 2420 1176 mum
2454 1111 2739 1176 videmus
2784 1118 3063 1193 tempore
3098 1113 3432 1178 Domitiani
3487 1115 3553 1178 in
3602 1135 3797 1185 numo

2242 1199 2792 1265 Nicomedensium
2828 1198 2929 1282 (1).
3335 1273 3347 1286 ἱ

2324 1288 2561 1353 Plinius
2587 1292 2688 1365 37,
2722 1293 2788 1365 4,·
2828 1291 2901 1351 15
2928 1307 2943 1352 ε
2974 1289 3340 1354 Metrodorus
3362 1294 3660 1372 Scepsius,
3706 1294 3799 1356 in-

2244 1377 2401 1461 quit,
2420 1385 2485 1440 iu
2510 1379 2717 1440 eadem
2744 1378 3074 1440 Germania
3095 1383 3152 1438 et
3172 1377 3400 1442 Basilia
3413 1381 3617 1442 insula
3628 1387 3799 1444 nasci

2250 1466 2371 1550 (sc.
2426 1462 2883 1545 adamantem),
2930 1470 2997 1526 in
3047 1481 3169 1544 qua
3212 1468 3510 1530 succinum
3529 1513 3547 1544 ,
3598 1470 3790 1546 solus,

2243 1556 2479 1635 quando
2498 1553 2770 1635 equidem
2792 1555 3038 1632 leyen’m
3056 1597 3073 1628 ,
3101 1552 3279 1629 dicit,
3302 1557 3363 1614 et
3378 1555 3628 1631 prs-sert
3646 1560 3796 1620 Ara-

2245 1642 2386 1704 bicis
2397 1687 2419 1718 ‚
2444 1643 2603 1720 quod
2633 1641 2861 1720 falsum
2883 1658 3014 1702 esse
3036 1645 3170 1720 quis
3190 1639 3463 1701 dubitet?
3488 1640 3794 1708 Metrodo-

2242 1749 2349 1794 rus
2368 1729 2477 1792 ille
2499 1775 2516 1810 ,
2544 1727 2760 1812 Scepsi
2782 1735 2986 1806 natus,
3011 1725 3401 1790 Chalcedone
3422 1725 3486 1788 in
3513 1725 3796 1810 Bithynia

2241 1817 2393 1882 vixit
2432 1817 2703 1900 indeque
2746 1815 2937 1878 etiam
2982 1812 3433 1877 Chalcedonius
3466 1815 3801 1880 vocabatur

2247 1906 2490 1989 (Strabo
2515 1926 2579 1988 p.
2610 1905 2775 1983 609).
2806 1907 2999 1966 Tanto
3027 1900 3216 1982 igitur
3238 1899 3482 1964 facilius
3507 1900 3797 1984 intelligi-

2239 2001 2363 2072 tur,
2394 1997 2503 2077 qui
2532 1993 2767 2057 sacuam
2795 1991 2877 2054 sit
2901 1998 2972 2054 ut
2996 1987 3323 2071 Dionysius
3354 2007 3603 2072 quoque
3636 1988 3794 2074 (317)

2239 2081 2321 2145 ad
2357 2099 2664 2146 oceanum
2709 2079 3031 2143 borealem
3073 2094 3200 2139 non
3245 2076 3434 2139 modo
3472 2076 3798 2142 succinum

2243 2169 2354 2234 sed
2403 2170 2593 2234 etiam
2638 2167 3031 2231 adamantem
3090 2162 3352 2246 reperiri
3413 2163 3656 2244 prodat.
3708 2168 3801 2228 Ex

2243 2257 2470 2324 eodem
2492 2253 2854 2320 Metrodoro
2869 2298 2886 2329 ,
2910 2269 3098 2335 quem
3117 2251 3569 2332 Periegeticum
3588 2255 3798 2337 appel·

2239 2345 2327 2408 lat
2348 2343 2701 2408 Lactantius
2732 2341 2813 2404 ad
2850 2343 3003 2406 Stat.
3044 2339 3239 2403 Theb.
3282 2344 3344 2417 3,
3378 2345 3532 2417 478,
3568 2343 3799 2425 Diony-

2241 2433 2369 2496 sius
2402 2432 2683 2504 fortassis
2712 2431 2901 2494 etiam
2943 2429 3068 2492 alia
3094 2427 3382 2511 quoedam
3420 2429 3499 2493 de
3527 2429 3796 2496 boreali-

2234 2518 2351 2582 bus
2378 2517 2738 2599 regionibus
2769 2515 2919 2579 alibi
2962 2533 3089 2579 non
3135 2513 3316 2578 obvia
3354 2522 3671 2580 mutuatus
3701 2529 3796 2584 est

2240 2606 2334 2690 (v.
2369 2613 2499 2670 not.
2533 2605 2615 2668 ad
2642 2605 2823 2686 356).

2314 2697 2625 2758 Hactenus
2648 2693 2729 2756 de
2757 2692 2957 2774 patria
2979 2691 3256 2772 Dionysii
3276 2711 3293 2764 ;
3313 2691 3448 2771 jam
3472 2690 3795 2756 videamus

2235 2779 2315 2844 de
2346 2787 2529 2844 astate
2560 2779 2882 2862 scriptoris
2900 2824 2917 2853 ,
2952 2776 3031 2840 de
3078 2796 3202 2859 qua
3238 2776 3303 2838 in
3345 2776 3797 2843 diversissimas

2233 2876 2443 2951 partes
2469 2867 2586 2930 viri
2613 2867 2781 2931 docti
2802 2865 3123 2942 abierunt,
3152 2883 3507 2947 quanquam
3537 2866 3794 2947 plurimi

2231 2957 2424 3021 verbo
2451 2957 2621 3020 hanc⁴
2642 2953 3054 3037 quaestionem
3080 2951 3353 3033 tetigisse
3384 2951 3529 3015 satis
3563 2953 3795 3018 habue-

2235 3053 2400 3109 runt.
3704 3101 3718 3112 ,

2314 3133 2595 3197 Primum
2626 3131 2813 3212 igitur
2842 3149 2917 3194 ex
2938 3128 3217 3211 Dionysii
3242 3146 3423 3191 versu
3450 3132 3568 3192 355
3601 3149 3617 3192 ε
3652 3129 3793 3191 Ῥώ-

2237 3247 2342 3300 μην
2385 3221 2678 3300 τιμήεσσαν
2716 3222 2858 3298 ἐμῶν
2910 3217 3075 3298 μέγαν
3120 3210 3259 3278 οἷκον
3302 3216 3542 3276 ἀνάκτων
3562 3262 3581 3294 ‚
3624 3226 3793 3282 recte

2234 3309 2586 3373 scholiastae
2606 3307 2988 3386 collegerunt
3012 3311 3259 3385 poetam
3288 3321 3414 3366 non
3428 3303 3652 3367 vixisse
3676 3305 3799 3368 sub

2235 3396 2618 3472 consulibus,
2647 3394 2759 3458 sed
2776 3401 3059 3475 tempore
3078 3391 3550 3474 imperatorum.
3590 3391 3791 3455 Iidem

2233 3484 2584 3550 accuratius
2608 3488 2857 3565 tempus
2886 3482 2973 3544 ita
3000 3479 3403 3554 definierunt,
3438 3484 3509 3542 ut
3532 3478 3638 3542 alii
3673 3481 3790 3544 sub

2234 3576 2511 3656 Augusto
2525 3619 2549 3652 ,
2593 3570 2702 3635 alii
2744 3587 2895 3634 vero
2940 3567 3150 3632 minus
3192 3567 3345 3631 false
3391 3565 3507 3630 suh
3546 3569 3789 3632 Nerone

2229 3658 2595 3741 Dionysium
2642 3655 2925 3720 floruisse
2972 3659 3307 3720 statuerent
3351 3655 3451 3736 (2).
3494 3655 3619 3718 Nos
3664 3672 3789 3718 non

2296 3881 2365 3946 (1)
2404 3879 2750 3944 Bernhardyus
2780 3879 2847 3932 ad
2876 3879 3077 3942 Dionys.
3110 3893 3161 3943 p.
3198 3883 3289 3930 512
3326 3899 3340 3928 ι
3362 3897 3387 3922 α
3414 3878 3544 3928 Huic
3572 3875 3791 3940 Dionyn’i

2229 3949 2409 4001 versui.
2428 3949 2572 4015 (366)
2587 3949 2761 4002 subest
2782 3950 3065 4015 metropolis
3089 3947 3394 4014 significatio,
3422 3961 3535 4012 quoe
3562 3960 3678 3996 cum
3697 3947 3785 3997 ali-

2228 4019 2467 4084 quamdiu
2495 4020 2762 4085 legitimam
2780 4020 2881 4071 vim
2913 4033 3007 4071 nec
3034 4019 3312 4071 simulatmn
3338 4019 3639 4070 coloniarum
3657 4019 3787 4070 ohti-

2227 4091 2418 4142 nuisset
2444 4091 2671 4142 variasin
2693 4091 2859 4155 partes
2888 4087 3218 4148 diductarum,
3236 4088 3419 4140 sensim
3448 4089 3597 4152 coepit
3613 4089 3680 4140 ad
3704 4102 3790 4140 eas

2227 4161 2377 4212 urbes
2386 4161 2657 4223 transferi-l,
2677 4173 2791 4225 quie
2802 4159 2884 4211 vel
2894 4157 3157 4224 provinciis
3170 4171 3277 4210 suae
3288 4157 3562 4222 principatu
3573 4158 3790 4210 frueren-

2225 4233 2327 4294 tur,
2348 4231 2429 4282 vel
2446 4229 2679 4296 dignitate
2700 4241 2953 4296 opumque
2980 4231 3033 4280 et
3052 4227 3457 4280 cornmerciorum
3476 4227 3789 4280 literarumve

2225 4301 2371 4354 laude
2395 4303 2709 4368 praestarent,
2726 4303 2787 4353 ut
2810 4303 3061 4367 posuemo
3088 4312 3179 4364 per
3205 4301 3489 4350 Graecorum
3518 4299 3789 4351 vanitatem

2224 4373 2372 4424 etiam
2397 4371 2491 4424 hac
2514 4369 2849 4438 amplitudinis
2889 4367 3087 4420 notione
3112 4367 3480 4420 destitueretur.
3511 4371 3673 4426 Quam
3701 4380 3789 4432 po-

2223 4445 2454 4494 testatem
2484 4441 2697 4494 nominis
2721 4439 2967 4492 enarravit
3002 4439 3259 4505 perspicue
3298 4439 3411 4503 post
3440 4437 3787 4502 spanhemium

2223 4513 2484 4566 Eckhelius
2510 4515 2571 4566 D.
2598 4515 2658 4564 N.
2694 4527 2744 4578 p.
2777 4516 2823 4576 1,
2867 4511 2966 4564 vol.
3008 4515 3059 4574 4,
3097 4523 3145 4575 p.
3178 4515 3270 4562 273
3310 4522 3419 4574 sqq.
3458 4511 3621 4566 Quare
3646 4508 3784 4573 quod

2222 4585 2498 4650 exemplum
2546 4583 2919 4634 Nicomedenses
2972 4583 3118 4633 oetate
3164 4579 3429 4632 Domitiam
3466 4579 3773 4644 praeiversnt,

2223 4668 2330 4718 sua,
2358 4665 2674 4718 quiscunque
2701 4665 2763 4704 ea
2788 4651 2951 4714 merit,
2981 4649 3143 4716 potuit
3166 4650 3407 4710 aemulari,
3440 4652 3641 4700 Romam
3670 4663 3779 4700 cois

2223 4726 2387 4776 fessus
2402 4737 2513 4776 esse
2526 4723 2771 4775 dominam
2788 4735 2847 4774 ac
2858 4721 3125 4787 principem
3139 4725 3429 4772 cunctarum
3454 4719 3724 4770 civitatum.
3756 4739 3783 4764 a

2251 4831 2256 4836 -
2284 4795 2353 4858 (2)
2383 4793 2547 4846 schol.
2568 4792 2633 4845 nd
2658 4806 2733 4844 vs.
2762 4797 2853 4844 355
2876 4811 2892 4842 t
2921 4791 3071 4843 Τοῦτό
3100 4807 3212 4851 φησι
3234 4791 3312 4840 διὰ
3334 4791 3528 4854 Νέρωνα
3546 4790 3629 4839 τὸν
3650 4789 3786 4852 βασι·

2219 4865 2452 4916 λούσαντα
2477 4869 2573 4915 τῶν
2590 4863 2860 4929 Ῥωμαίων·
2893 4862 2962 4924 ἐφ’
2978 4861 3035 4911 οὗ
3053 4861 3232 4924 ἐγένετο
3254 4862 3282 4912 ὁ
3304 4861 3501 4920 ποιητὴς
3516 4858 3779 4919 Διονύσιος,

2220 4936 2284 4992 ὥς
2318 4951 2458 4996 φησιν
2490 4933 2629 4990 αὐτός
2662 4933 2767 4997 (vs.
2803 4930 2974 4994 1052)·
3016 4949 3041 4974 α
3062 4930 3295 4981 Αὐσονίαν
3318 4930 3557 4994 βασιλῆος.
3584 4946 3609 4971 ¹·
3644 4925 3781 4977 idem

2219 5003 2284 5055 ad
2310 5017 2386 5056 va.
2423 5008 2541 5054 1052
2572 5023 2587 5053 ι
2612 5003 2840 5053 Αὐσονίαν
2860 5000 3113 5066 βασιλῆος]
3138 5004 3223 5050 τοῦ
3254 5003 3484 5062 Νέρωνος·
3510 4999 3585 5048 ἐπὶ
3610 4997 3778 5047 τούτου

2221 5075 2311 5138 γὰρ
2336 5077 2541 5138 ἤκμαζεν
2572 5076 2600 5122 ὁ
2628 5073 2887 5130 Διονύσιος·
2921 5071 3139 5136 Κράσσον
3181 5071 3273 5134 γὰρ
3298 5069 3551 5132 Ῥωμαίων
3582 5083 3779 5132 στρατη-

2228 5146 2311 5208 γὸν
2347 5145 2546 5204 ἀνεῖλον,
2579 5143 2631 5193 ὃν
2672 5143 2930 5202 ἐξεδίκησεν
2954 5141 3219 5204 Αὔγουστος
3239 5139 3469 5197 ὑποτάξας
3492 5138 3676 5200 αὐτοὺς,
3713 5141 3779 5194 ὡς

2221 5215 2337 5280 μηδὲ
2368 5215 2481 5279 δίχα
2510 5213 2765 5277 Ῥωμαίων
2794 5211 2992 5277 βασιλὶα
3018 5211 3225 5262 ἵσταντο.
3258 5212 3313 5260 ln
3350 5208 3428 5260 his
3446 5207 3684 5260 sententia
3702 5219 3781 5258 eo-

2219 5298 2333 5336 rum
2358 5283 2449 5348 qui
2465 5283 2560 5335 sub
2586 5285 2775 5335 Nerone
2804 5281 3028 5333 floruisse
3066 5279 3351 5344 Dionysium
3383 5277 3624 5342 dixerunt,
3655 5290 3774 5328 con·
