4584 6284
2113 482 2583 547 PERIEGESIS.

715 630 934 687 quarum
957 614 1076 685 quis
1103 614 1271 667 varias
1295 614 1432 667 vires
1449 653 1465 679 ‚
1495 615 1614 685 quis
1639 616 1858 669 uomina
1881 614 2051 669 dicat?

713 700 1018 756 tecolitbum
1041 718 1334 755 memorem
1349 738 1366 765 ,
1389 698 1538 772 justo
1566 702 1884 771 cognomine
1905 701 2108 757 dietum
2126 742 2142 766 ,

711 789 798 859 qui
814 786 1014 861 lapides
1039 803 1234 841 renum
1255 787 1412 841 tritus
1432 797 1694 861 potusque
1714 788 1955 856 resolvit3

709 876 1106 948 myrrhitenque
1126 914 1144 941 ,
1175 874 1378 929 bonum
1397 873 1552 929 nardi
1575 893 1742 948 quum
1769 875 1945 932 reddit
1966 877 2182 933 odorem
2201 900 2216 946 ς

564 962 676 1014 985
705 964 792 1019 hic
807 965 990 1020 aetites
1014 975 1119 1031 est,
1150 964 1386 1018 sonitum
1413 966 1500 1019 cui
1528 966 1740 1039 spiritus
1757 963 1906 1021 addit

705 1070 955 1109 areanum
983 1053 1248 1125 crepitans
1266 1092 1282 1116 ,
1308 1054 1696 1125 pregnantibus
1719 1055 1860 1109 utilis
1880 1057 2056 1128 aegris;

703 1158 802 1195 nec
828 1158 938 1195 non
955 1142 1156 1215 pyrites
1173 1180 1190 1207 ‚
1216 1138 1407 1211 digitos
1427 1142 1519 1212 qui
1547 1144 1760 1197 strictus
1776 1142 1984 1210 adm-iu

701 1245 1012 1301 gemmaque
1036 1247 1156 1302 quae
1171 1228 1348 1284 radios
1373 1230 1568 1284 emittit
1593 1228 1817 1285 eandida
1843 1232 1964 1285 solis
1982 1272 1998 1297 ,

701 1326 860 1387 atque
883 1315 1148 1381 selenites,
1169 1316 1364 1371 lunaris
1393 1318 1618 1387 imagine
1643 1316 1776 1371 lueis

555 1398 674 1451 990
702 1402 796 1474 qui
817 1400 978 1457 decus
995 1412 1049 1457 et
1074 1403 1266 1457 minuit
1287 1403 1508 1477 proprii,
1523 1400 1816 1476 splendoris
1843 1412 1894 1457 et
1920 1414 2092 1475 auget.

519 1470 672 1545 (¹⁰⁵⁰)
773 1488 994 1561 Respice
1013 1506 1156 1542 nunc
1177 1488 1401 1561 reliquas
1423 1490 1560 1543 Asioe
1577 1488 1676 1543 sub
1693 1488 1890 1544 finibus
1912 1508 2049 1545 oms.

702 1574 924 1629 Persidis
952 1574 1020 1629 ad
1036 1586 1258 1649 pontum
1285 1576 1562 1643 Carmani,
1587 1576 1712 1630 solis
1736 1576 1803 1630 ab
1825 1588 1976 1642 ortu;

525 1648 672 1726 (1⁰8⁶)
699 1661 851 1717 litora
866 1680 986 1735 pars
1011 1662 1279 1728 habitant,
1312 1662 1498 1717 mediae
1515 1681 1636 1736 pars
1663 1664 1849 1720 limina
1873 1676 2044 1721 terrae.

698 1748 918 1803 Gedrosi
938 1758 1059 1822 post
1085 1749 1188 1803 hoc
1209 1748 1438 1804 tendunt
1459 1751 1678 1805 orientis
1704 1750 1774 1805 ad
1797 1752 1942 1823 ignes
1958 1793 1974 1818 ‚

552 1830 668 1883 995
694 1856 944 1892 oceanum
952 1835 1104 1909 juxta
1121 1857 1138 1903 ς
1158 1835 1320 1892 radiis
1337 1838 1674 1910 propioribus
1695 1840 1820 1894 inde

692 1934 768 1979 est
788 1924 1010 1997 Scythia
1031 1923 1184 1978 tellus
1205 1924 1445 1979 australis
1462 1964 1478 1991 ,
1501 1925 1700 1981 flumen
1721 1927 1790 1981 ad
1811 1926 2004 1983 Indum

691 2012 781 2083 qui
803 2023 970 2085 ponto
995 2010 1214 2084 rapidus
1241 2011 1427 2067 Rubro
1449 2016 1748 2068 contrarius
1771 2016 1900 2071 exit.

507 2079 659 2162 (100⁰)
689 2100 908 2170 Gurgite
927 2117 1051 2154 nam
1078 2098 1235 2153 celeri
1257 2110 1434 2154 rectus
1459 2098 1695 2157 decurrit
1713 2100 1780 2155 ad
1808 2115 2044 2159 austrum
2061 2146 2078 2169 ,

687 2186 946 2241 Caueasiis
966 2186 1144 2240 oriens
1168 2186 1402 2258 primum
1433 2185 1502 2241 de
1527 2188 1798 2243 montibus
1815 2189 1960 2256 altis;

508 2270 660 2324 1000
688 2272 906 2328 dividua
931 2270 1081 2345 cujus
1107 2272 1349 2328 Patalene
1367 2274 1600 2345 cingitur
1623 2274 1800 2342 unda;

689 2370 894 2432 separat
915 2362 1222 2415 innumeras
1249 2373 1302 2416 et
1329 2372 1476 2415 vasto
1498 2364 1704 2434 gurgite
1723 2376 1902 2437 gentoe
1931 2385 1944 2420 ε

507 2434 660 2517 (1096)
691 2446 758 2502 ad
793 2457 994 2520 partem
1013 2487 1030 2514 ,
1061 2446 1234 2519 rapidi
1261 2466 1368 2521 qua
1397 2460 1619 2519 vergunt
1645 2450 1846 2505 lumina
1870 2452 2020 2519 solis,

689 2536 866 2590 Oritas
889 2536 1183 2609 Aribasque
1209 2536 1364 2591 simul
1395 2538 1594 2611 linique
1619 2540 1910 2595 Arachotas

689 2634 894 2679 utentes
916 2624 1061 2679 loenis
1075 2664 1092 2691 ‚
1121 2636 1175 2681 et
1199 2624 1464 2681 Satraidas
1481 2627 1638 2681 simul
1661 2646 1876 2695 omnes,

504 2713 658 2765 1005
687 2714 942 2787 Parpanei
967 2715 1166 2769 montis
1190 2714 1292 2769 sub
1311 2715 1627 2790 celsa-rupe,
1657 2718 1882 2773 Arienos

685 2802 900 2855 nomine
921 2802 1218 2856 communi.
1243 2799 1350 2869 Qui
1377 2813 1545 2857 terras
1567 2803 1732 2859 ubere
1753 2805 1902 2860 nullo

499 2890 652 2965 (1100)
682 2888 926 2943 florentes
951 2888 1224 2957 babitant;
1254 2889 1498 2961 squalent
1517 2909 1638 2946 nam
1663 2894 1900 2949 sentibus
1923 2896 2118 2968 aspris3

679 2974 860 3029 euralii
887 2972 1116 3047 lapidem
1137 2975 1230 3049 qui
1249 2975 1479 3030 rubrum
1497 2976 1652 3032 litore
1673 2992 1930 3051 carpunt,

499 3062 648 3139 (uns)
679 3062 1014 3135 sapphirique
1029 3061 1192 3117 decus
1212 3062 1350 3133 nigri
1373 3066 1600 3137 flavique
1627 3064 1828 3119 coloris

501 3150 650 3201 1010
677 3166 924 3203 saxorum
950 3148 1164 3204 cedunt
1183 3150 1360 3215 venis,
1382 3149 1482 3203 hac
1508 3169 1682 3205 meree
1711 3152 1870 3207 beati.

745 3234 1002 3289 Indorum
1031 3248 1196 3290 terras
1213 3237 1338 3291 hinc
1359 3240 1594 3311 Tethyos
1615 3258 1827 3312 aequora
1854 3239 2140 3307 claudunt,

509 3313 652 3391 (111⁰)
679 3340 808 3395 quas
827 3324 1002 3394 primo
1026 3323 1178 3377 Titan
1201 3324 1489 3378 ascendens
1509 3325 1710 3381 lumine
1735 3329 1906 3383 cernit
1930 3346 1944 3382 :

679 3410 824 3466 unde
844 3411 988 3467 color
1002 3413 1210 3485 populis
1235 3415 1386 3484 niger
1409 3426 1488 3469 est
1516 3416 1858 3486 flagrantibus
1875 3428 1996 3471 ortu
2016 3458 2032 3485 ,

679 3510 836 3573 atque
859 3511 1049 3572 gerunt
1073 3502 1265 3556 similes
1283 3502 1567 3575 hyacintho
1596 3502 1771 3560 fronte
1793 3506 2026 3580 capillos.

497 3587 652 3642 1015
681 3588 960 3645 Effodiunt
985 3588 1074 3645 alii
1102 3600 1267 3645 terras
1285 3592 1505 3664 aurique
1531 3592 1796 3648 metallum
1815 3634 1832 3661 ‚

495 3658 650 3741 (¹¹¹⁸)
679 3686 759 3731 ast
779 3676 866 3731 alii
893 3686 1080 3731 texunt
1107 3677 1414 3733 tenuissima
1432 3680 1662 3749 tegmina
1688 3679 1818 3748 lini,

682 3762 761 3817 vel
787 3762 970 3820 dentes
991 3764 1254 3835 stringunt
1271 3764 1558 3837 elephantis
1575 3767 1644 3822 ab
1661 3786 1754 3823 ore
1785 3770 2046 3839 revulsos3

649 3842 658 3852 ’
677 3860 983 3906 soeuuntur
1001 3852 1132 3924 ripis
1147 3851 1234 3906 alii
1262 3852 1581 3908 torrentibus
1603 3854 1762 3909 imbri

677 3938 862 4012 berylli
891 3956 1125 4010 gemmas
1144 3938 1313 4009 glauci
1335 3938 1668 4014 nitidumque
1695 3941 1970 3997 adamanta
1987 3982 2005 4009 ,

495 4027 648 4079 ¹020
676 4036 835 4099 atque
857 4044 986 4082 aura
1014 4023 1170 4080 viridi
1194 4025 1388 4097 legitur
1411 4046 1532 4100 quae
1563 4028 1804 4102 splendet
1823 4030 2007 4103 iaspis,

487 4098 644 4176 (¹1²⁰)
675 4116 964 4186 curaliique
985 4113 1149 4169 decus
1170 4112 1390 4187 liquidi,
1415 4118 1655 4188 gratique
1678 4118 1877 4189 topazi,

673 4220 1047 4277 purpureoque
1063 4201 1385 4274 amethystos
1403 4206 1542 4259 inest
1557 4205 1760 4260 suffusa
1784 4205 1958 4261 colore
1982 4223 1997 4260 ι

671 4291 879 4346 divitias
901 4308 1114 4362 magnas
1136 4292 1213 4345 sic
1237 4291 1392 4345 tellus
1421 4291 1508 4347 illa
1539 4292 1820 4349 ministrat.

673 4378 1012 4452 Assiduisque
1034 4382 1209 4453 rigant
1233 4382 1374 4437 hanc
1396 4390 1562 4434 totam
1591 4377 1829 4434 sontibus
1850 4398 2029 4433 amnes
2050 4421 2066 4446 ‚

496 4471 645 4523 102⁵
673 4464 1054 4540 arboribusque
1075 4469 1214 4541 viget
1232 4467 1390 4523 variis
1411 4507 1429 4534 ,
1457 4466 1714 4539 milioque
1734 4464 1998 4538 frequenti
2013 4508 2031 4534 ,

496 4546 645 4619 (1127)
674 4564 729 4607 et
751 4557 920 4625 pretio
946 4556 1122 4610 rubrae
1147 4557 1398 4629 perilorct
1420 4554 1698 4609 arundinis
1724 4554 1828 4611 illa.

679 4642 778 4695 Hie
797 4642 882 4697 alii
899 4655 1147 4715 superant
1167 4662 1389 4717 procero
1410 4660 1634 4715 corpore
1655 4653 1884 4713 tantum,

677 4730 906 4784 insiliant
924 4732 1162 4802 equitum
1189 4730 1364 4784 faciles
1391 4740 1452 4784 ut
1473 4746 1623 4783 more
1641 4728 1979 4803 elephantos3

673 4827 755 4871 ast
775 4818 862 4873 alii
885 4820 1070 4872 vivunt
1095 4819 1316 4891 sapienti
1338 4827 1552 4891 pectore
1573 4816 1738 4882 nudi,

488 4916 513 4966 1
527 4912 644 4966 030
671 4904 1068 4977 luminibusque
1091 4904 1271 4959 vident
1292 4905 1450 4959 rectis
1469 4902 1778 4973 (mirabile)
1805 4902 1968 4957 solem
1985 4942 2003 4971 ,
2117 4961 2124 4970 ‚

668 5006 722 5049 et
747 4994 924 5049 radios
945 4995 1114 5049 oculis
1129 5006 1182 5049 et
1198 5012 1342 5049 sacra
1359 5004 1536 5049 mente
1561 5003 1844 5049 retractant
1859 5033 1876 5059 ,

665 5082 918 5153 signaque
943 5082 1252 5153 concipiunt
1275 5098 1464 5135 arcana
1482 5080 1598 5135 luce
1622 5079 1803 5134 futuri.

665 5168 923 5222 Psittacus
951 5166 1041 5222 hic
1070 5165 1255 5221 viridis
1271 5207 1287 5234 ,
1316 5166 1593 5221 decoratus
1617 5176 1803 5237 torque
1823 5166 2064 5233 rubenti,

673 5256 915 5317 »scitum
945 5253 1190 5309 bumanae
1215 5253 1427 5309 simulat
1449 5255 1542 5326 qui
1569 5253 1782 5307 verbera
1811 5254 2016 5325 lingum.

3814 496 3927 549 1⁹9

2434 614 2591 667 Nunc
2615 631 2739 684 age,
2770 624 2821 667 tc
2846 614 3064 679 fluvios,
3095 624 3299 669 montes
3317 654 3332 681 ,
3364 615 3698 689 formamque
3723 615 3927 671 docebo
3962 629 4107 683 1082

2362 702 2525 775 ipsius
2549 712 2701 757 terre
2717 742 2733 768 ,
2754 703 2976 776 populos
3004 714 3292 775 gentesque
3310 704 3505 763 beatas.
3678 760 3683 765 ,

2360 788 2689 860 Marginibus
2712 790 2874 844 ternis
2903 788 3053 843 tellus
3083 788 3197 843 haec
3214 789 3479 844 clauditur
3506 792 3679 846 omnis
3695 829 3712 858 ,

2362 876 2701 951 obliquatque
2722 878 2855 933 latus
2870 896 2969 952 per
2992 890 3208 934 cunctas
3231 878 3366 933 linea
3388 890 3561 951 partes
3587 896 3602 934 ε

2358 964 2625 1039 hesperios
2648 966 2778 1021 lines
2798 968 3045 1023 immanis
3072 968 3319 1023 terminat
3332 966 3499 1023 Indus
3516 1008 3531 1035 ,

2357 1065 2412 1107 at
2428 1054 2603 1109 notios
2619 1053 2831 1126 pelagus
2854 1052 3125 1109 concludit
3142 1055 3347 1126 gurgite
3366 1054 3608 1109 Rubrum
3620 1096 3637 1119 ‚

2356 1140 2449 1194 sed
2476 1141 2685 1213 Ganges
2709 1151 2886 1208 ortus,
2907 1151 2961 1195 et
2988 1141 3251 1196 Caucasus
3271 1141 3467 1214 excipit
3492 1152 3721 1195 arctum.

2357 1228 2507 1281 Hane
2522 1227 2763 1282 homines
2790 1227 3028 1281 habitant
3062 1227 3213 1281 multi
3236 1226 3476 1299 ditesque
3500 1226 3774 1281 colendam
3799 1267 3814 1294 ,

2354 1316 2658 1371 nominibus
2678 1318 2831 1371 variis
2858 1314 3075 1371 discreti
3100 1327 3154 1371 et
3188 1314 3385 1371 finibus
3408 1316 3616 1389 amplis.

2356 1400 2619 1457 Dardanei
2641 1404 2781 1475 ripas
2804 1404 3121 1473 contingunt
3142 1402 3377 1457 fluminis
3405 1402 3529 1457 Indi
3547 1442 3564 1469 ,

2354 1486 2443 1541 hic
2468 1488 2561 1541 ubi
2584 1490 2904 1560 praecipitem
2933 1488 3135 1561 scopuli
3155 1487 3389 1542 fundunt
3408 1490 3684 1543 Acesinem
3706 1528 3721 1555 ,

2352 1572 2599 1647 huncque
2631 1592 2793 1645 capax
2812 1574 2989 1628 classis
3012 1576 3307 1629 venientem
3334 1574 3495 1628 volvit
3520 1574 3821 1647 Hydaspes,

2352 1662 2537 1715 tertius
2563 1662 2661 1716 hos
2680 1664 2916 1735 sequitur
2934 1660 3226 1734 splendenti
3251 1664 3454 1733 gurgite
3476 1664 3706 1735 Cophes.

2348 1748 2563 1803 Taxilus
2588 1750 2727 1803 inter
2754 1768 2887 1822 quos
2920 1750 3124 1806 habitat
3147 1768 3269 1804 cum
3295 1762 3448 1821 gente
3466 1752 3744 1807 Sabarum.

2350 1838 2489 1891 Hinc
2511 1838 2696 1892 Scodri
2717 1848 2837 1911 post
2862 1838 2961 1893 hos
2978 1849 3103 1893 sunt
3119 1878 3135 1903 ,
3164 1838 3511 1911 Peucaleique
3536 1838 3739 1894 feroces
3760 1881 3776 1905 ,

2347 1925 2763 1999 Gangas-ideque
2786 1937 2960 1981 truces
2987 1944 3002 1981 ε
3028 1928 3143 1982 auri
3166 1944 3272 1999 qua
3299 1926 3509 1999 pondus
3526 1928 3809 1983 honestum

2348 2012 2627 2069 devolvens
2654 2016 2993 2089 Hypanisque
3014 2014 3175 2069 trahit
3198 2013 3522 2089 rapidusque
3540 2018 3811 2088 Megas-sus
3842 2035 3856 2071 ε

2348 2120 2481 2176 quos
2506 2104 2645 2177 capit
2664 2102 2871 2159 Emodo
2901 2106 3085 2158 missos
3108 2104 3393 2174 Gangetica
3418 2114 3602 2159 monte

2346 2189 2497 2244 tellus
2514 2231 2530 2259 ,
2550 2191 2842 2264 porrigitur
2864 2208 2985 2263 quae
3002 2188 3069 2243 ad
3089 2201 3239 2244 terrm
3262 2189 3461 2245 Colidis
3482 2201 3689 2245 austros
3707 2230 3724 2257 ,

2348 2279 2529 2332 oceani
2554 2292 2773 2350 tangens
2798 2280 3014 2353 pelagus
3044 2278 3145 2333 sub
3164 2278 3385 2333 collibus
3408 2278 3545 2345 altis,

2346 2384 2482 2439 quos
2516 2364 2753 2421 volucres
2784 2377 3031 2421 metuunt
3050 2366 3204 2420 celeri
3226 2367 3531 2437 contingere
3552 2384 3749 2439 penna,

2348 2451 2491 2507 unde
2518 2452 2648 2507 loeis
2670 2454 2817 2508 Graii
2844 2462 3136 2525 posuerunt
3160 2470 3355 2506 nomen
3376 2454 3604 2509 Aornin.

2347 2542 2449 2595 Hic
2472 2542 2555 2596 via
2569 2580 2585 2607 ,
2615 2559 2775 2614 quam
2800 2540 3029 2596 celebrat
3050 2558 3243 2595 nomeu
3272 2541 3525 2613 Dionysia
3539 2584 3555 2607 ‚
3581 2542 3769 2598 Bacchi
3790 2582 3805 2602 .

2346 2631 2433 2683 cui
2456 2640 2650 2685 statuas
2670 2628 2888 2684 dederat
2906 2630 3125 2684 victoria
3149 2628 3343 2684 finibus
3364 2629 3485 2684 illis.

2346 2720 2449 2773 llic
2468 2718 2627 2792 Tylos
2649 2729 2757 2786 est,
2777 2736 3028 2793 superans
3054 2728 3209 2773 vastae
3232 2716 3481 2771 miracula
3501 2728 3657 2771 terrae

2346 2806 2516 2861 insula
2538 2822 2551 2860 :
2576 2824 2805 2877 namque
2828 2808 2965 2860 viret
2980 2805 3185 2859 cunctis
3210 2805 3266 2857 in
3288 2802 3529 2877 partibus
3554 2804 3709 2868 anni,

2343 2911 2443 2948 nec
2461 2892 2598 2948 soliis
2622 2891 2789 2948 nudat
2814 2910 2997 2947 ramos
3018 2903 3303 2946 autumnus
3326 2892 3381 2944 in
3404 2890 3517 2956 illa;

2342 2978 2655 3051 assidueque
2684 2990 2825 3034 tenet
2841 2979 2999 3034 flores
3028 2996 3190 3049 genus
3214 2977 3421 3033 arboris
3442 2994 3619 3031 omne.

2342 3070 2445 3122 Hic
2464 3067 2678 3123 adamas
2696 3067 2856 3139 fulget
2875 3068 3199 3141 lymphantis
3222 3076 3436 3139 pectora
3461 3082 3653 3120 sanans
3670 3104 3687 3131 ‚

2338 3167 2392 3211 et
2414 3156 2703 3229 prohibens
2732 3157 2933 3209 miseris
2952 3154 3143 3238 occulti
3162 3152 3357 3208 damna
3381 3155 3567 3209 veneni
3586 3174 3602 3219 ς

2339 3260 2499 3314 quem
2520 3243 2741 3295 minime
2760 3240 2929 3295 valeat
2961 3239 3163 3295 serrum
3184 3258 3435 3313 superare
3452 3257 3553 3294 nec
3578 3241 3746 3311 iguis;

2340 3328 2599 3401 frangitur
2622 3329 2831 3383 hircino
2853 3338 3145 3382 maceratus
3166 3328 3421 3398 sanguine
3442 3336 3673 3391 tantum,

2336 3414 2430 3469 sed
2454 3415 2633 3488 tepido
2652 3456 2669 3479 ‚
2703 3412 2878 3469 fractis
2898 3415 3077 3469 multis
3098 3413 3381 3469 incudibus
3408 3424 3549 3469 ante.

2338 3500 2441 3555 Hic
2454 3497 2607 3571 juxta
2626 3500 2830 3574 positus
2858 3510 3157 3571 magnetem
3184 3499 3386 3553 viribus
3410 3509 3553 3553 arcet

2336 3588 2555 3645 occultis
2584 3588 2710 3643 ferri
2732 3599 2888 3662 raptu
2906 3629 2922 3653 ,
2952 3588 3034 3643 vel
3049 3588 3303 3644 tractibus
3322 3598 3445 3643 aute

2334 3676 2613 3731 admotum
2644 3677 2892 3743 retrahit,
2926 3674 3215 3731 defendens
3242 3675 3435 3730 robore
3456 3674 3614 3733 miro.

2334 3767 2436 3821 Hic
2452 3765 2657 3838 lychnis
2682 3765 2853 3820 lucem
2878 3764 3090 3821 simulat
3108 3763 3389 3839 splendore
3416 3764 3645 3819 lueernae
3669 3780 3684 3818 ε

2334 3852 2461 3907 hine
2486 3854 2685 3908 meruit
2708 3870 2904 3907 nomen
2926 3852 3176 3925 praeclaro
3192 3852 3394 3907 lumine
3418 3851 3667 3924 dignum.

2411 3941 2521 3994 Tot
2540 3950 2667 3994 sunt
2694 3958 2789 4012 per
2811 3950 2976 3995 terras
2998 3939 3217 4013 vulg-atae
3232 3940 3445 3994 nomine
3463 3947 3663 4009 gentes.

2333 4027 2467 4083 Nam
2483 4027 2711 4099 reliquas
2730 4044 2847 4099 quae
2869 4044 3021 4081 mens
3040 4026 3205 4081 valeat
3234 4025 3471 4080 mortalis
3490 4026 3548 4079 in
3566 4024 3697 4079 orbe

2336 4114 2601 4189 dispersas
2621 4133 2903 4170 numerare
2930 4115 3027 4171 tibi
3046 4116 3159 4169 sinc
3176 4116 3395 4169 numine
3424 4131 3615 4185 magno
3631 4152 3649 4179 ,

2336 4204 2483 4275 quod
2499 4204 2635 4259 bene
2656 4201 2916 4275 disposuit
2934 4214 3099 4257 terras
3134 4203 3392 4275 pontique
3422 4200 3771 4275 profundum,

2334 4290 2600 4345 sideribus
2624 4291 2781 4345 variis
2808 4288 3066 4345 decorans
3087 4288 3313 4344 coelestia
3340 4288 3553 4361 templa,

2333 4390 2389 4433 et
2414 4379 2593 4434 multis
2618 4396 2861 4433 recreans
2878 4380 3145 4451 gratisque
3162 4378 3429 4433 coloribus
3458 4396 3616 4444 arva,

2336 4486 2557 4523 munera
2582 4486 2680 4540 per
2698 4466 2919 4541 populos
2946 4468 3186 4522 tribuens
3217 4467 3425 4521 diversa
3454 4468 3689 4521 virorum
3704 4467 3730 4521 P

2403 4554 2508 4610 Sed
2528 4572 2621 4608 vos
2642 4566 2899 4610 teri-amm
2924 4564 3124 4609 tractus
3156 4552 3379 4626 gaudete
3398 4571 3495 4625 per
3518 4572 3711 4619 aevum,

2330 4654 2387 4699 et
2412 4661 2743 4717 quecunque
2768 4644 2899 4699 mari
2920 4642 3285 4699 circumdatur
3309 4641 3481 4697 insula
3502 4652 3672 4706 vasto,

2330 4750 2665 4804 oceanusque
2683 4731 2858 4797 simul,
2884 4750 2983 4786 nec
3007 4750 3115 4786 non
3140 4729 3473 4805 penetrabilis
3490 4728 3655 4797 unda,

2329 4837 2489 4892 quam
2513 4820 2715 4891 gremio
2743 4818 2889 4873 tellus
2906 4818 3125 4873 sinuoso
3142 4816 3363 4890 suscipit
3384 4815 3521 4870 alma
3534 4856 3549 4883 ,

2326 4918 2381 4963 ct
2400 4907 2546 4962 fluvii
2565 4949 2579 4971 ‚
2610 4916 2937 4978 montesque,
2966 4906 3107 4960 lacus
3125 4922 3261 4978 quos
3283 4904 3519 4959 eontinet
3544 4904 3710 4958 orbis.

2324 4996 2461 5049 Nam
2490 4995 2660 5069 pelagi
2683 5005 2855 5068 partes
2882 4998 3125 5068 percurri
3151 4994 3385 5047 carmine
3408 5002 3581 5046 vastas
3599 5031 3616 5058 ‚

2323 5092 2379 5136 et
2405 5091 2560 5135 terrae
2584 5082 2782 5153 pariter
2808 5082 3047 5152 regiones
3068 5078 3268 5135 finibus
3288 5078 3477 5152 amplis
3509 5095 3537 5151 t,

2324 5168 2663 5241 omnipotens
2690 5184 2789 5240 pro
2809 5184 2920 5240 quo
2942 5166 3149 5238 genitor
3169 5166 3301 5220 mihi
3320 5166 3534 5238 premia
3553 5161 3737 5218 donet.

3958 700 4110 781 (κω)

3943 3251 3968 3300 1
3980 3250 4093 3304 006

3938 3680 4089 3734 1070

3932 3935 4082 4021 (ιω)

3932 4124 4083 4179 1076

3927 4557 3952 4608 1
3962 4556 4077 4610 080

3928 4643 4074 4724 (11⁸2)

3921 5001 4071 5055 loss

3916 5071 4071 5152 (¹¹⁸⁸)
