4584 6284
2066 452 2440 513 DESCRlPT
2443 452 2541 511 10.

617 579 687 641 A
715 593 767 641 et
780 586 1120 655 transigentes
1142 601 1263 639 cum
1280 585 1425 638 omni
1447 585 1735 657 provincia.
1761 582 1965 637 Deinde
1986 582 2269 639 Osdroenae

715 682 795 725 est
824 671 1045 735 Edessa,
1072 681 1126 725 et
1156 672 1270 743 ipsa
1296 672 1487 724 civitas
1513 670 1807 743 splendida.

784 758 873 813 23.
904 756 1115 811 Deinde
1134 756 1247 827 jam
1271 758 1435 829 Syriae
1452 757 1599 827 regio
1626 756 1799 810 omnis
1819 794 1837 822 ,
1868 774 1985 827 quae
2011 754 2267 811 dividitur

715 844 771 897 in
797 844 977 915 Syrias
1002 854 1131 908 tres,
1155 843 1411 897 Punicam
1430 853 1480 896 et
1506 842 1835 898 Palatinam
1855 851 1912 895 et
1936 841 2147 907 ceulam,
2172 840 2265 896 ha·

716 929 899 983 bentes
916 929 1153 983 civitates
1174 930 1363 993 varias,
1389 928 1696 982 excellentes
1709 937 1762 982 et
1788 944 2019 997 magnas,
2044 944 2265 998 quarum

715 1015 889 1086 prima
932 1014 1219 1083 Antiochia
1248 1007 1431 1069 civitas
1458 1014 1641 1085 regalis
1683 1016 1739 1068 in
1766 1013 2030 1079 omnibus,
2071 1013 2161 1066 ubi
2211 1024 2265 1067 et

715 1102 967 1157 dominus
1008 1103 1153 1157 orbis
1194 1114 1449 1157 terrarum
1483 1102 1650 1167 sedet,
1676 1103 1859 1157 civitas
1898 1100 2167 1176 splendida
2207 1113 2263 1157 et

714 1188 967 1261 operibus
994 1188 1215 1260 publicis
1240 1190 1473 1243 eminens
1506 1198 1561 1241 et
1586 1186 1920 1242 multitudine
1946 1185 2259 1259 populorum

630 1345 683 1403 B
714 1350 949 1405 civitates
970 1368 1173 1423 semper
1193 1360 1382 1405 stantes
1401 1348 1559 1403 deum
1577 1359 1631 1404 et
1650 1350 1975 1422 imperatoris
1992 1349 2259 1421 sapientia,

718 1437 965 1493 lubentes
983 1438 1173 1491 moenia
1188 1437 1361 1492 inclita
1371 1436 1505 1491 bello
1516 1454 1720 1510 semper
1733 1438 1977 1491 virtutem
1988 1439 2264 1490 Persarum

718 1524 1027 1593 dissolvunt,
1049 1524 1301 1579 ferventes
1328 1526 1566 1594 negotiis,
1600 1525 1939 1595 transigentes
1966 1540 2089 1577 eum
2115 1524 2265 1577 omni

719 1614 986 1685 provincia
998 1614 1147 1667 bene.
1168 1612 1367 1666 Deinde
1378 1611 1661 1666 Osdroenae
1678 1611 1875 1667 Edessa
1894 1621 1946 1665 et
1960 1612 2071 1684 ipsa
2080 1611 2264 1664 civitas

716 1698 1001 1771 splendida.

784 1787 871 1843 23.
909 1784 1113 1839 Deinde
1136 1784 1239 1855 jam
1265 1787 1409 1857 regio
1439 1786 1599 1857 Syriae
1628 1786 1801 1839 omnis
1824 1784 2048 1857 partitur
2074 1783 2129 1837 in
2158 1792 2265 1836 tres

714 1874 912 1946 Syrias,
942 1873 1193 1928 Punicam
1220 1883 1276 1927 et
1296 1873 1619 1928 Palaestinam
1648 1883 1703 1927 et
1728 1872 1949 1927 Coelam.
1978 1874 2049 1926 Et
2072 1870 2268 1925 habent

710 1957 939 2016 civitates
963 1962 1129 2013 varias
1153 1970 1208 2013 et
1230 1958 1536 2014 excellentes
1562 1970 1615 2013 et
1636 1960 1918 2023 maximas,
1947 1974 2169 2035 quarum
2199 1974 2262 2010 ex

710 2058 857 2122 parte
896 2064 1193 2101 memorans
1232 2046 1505 2101 delectabo
1550 2045 1842 2100 audientes.
1882 2047 1976 2100 Est
2000 2062 2125 2115 ergo
2154 2046 2265 2098 An-

710 2135 905 2191 tioehia
929 2136 1103 2209 prima
1134 2134 1314 2188 civitas
1340 2132 1526 2205 regalis
1552 2144 1605 2188 et
1625 2132 1767 2188 bona
1786 2134 1845 2189 in
1868 2133 2115 2188 omnibus
2129 2171 2147 2198 ,
2175 2132 2269 2186 ubi

713 2234 767 2279 et
792 2222 1041 2278 dominus
1066 2222 1211 2276 orbis
1236 2232 1495 2277 terrarum
1522 2220 1697 2288 sedet,
1718 2221 1899 2277 civitas
1922 2218 2192 2293 splendida
2216 2230 2271 2274 et

714 2311 961 2385 operibus
981 2310 1203 2384 publicis
1219 2310 1475 2375 eminens,
1488 2321 1540 2363 et
1551 2309 1939 2365 multitudinem
1954 2308 2271 2382 populorum

714 2398 973 2469 accipiens
1026 2397 1197 2451 omnis
1248 2396 1467 2450 sustinet
1484 2435 1501 2462 ,
1547 2394 1820 2450 abundans
1854 2395 2117 2449 omnibus
2167 2394 2268 2449 bo-

714 2588 971 2631 navanees
994 2595 1057 2629 ex
1084 2574 1385 2647 conjectura
1407 2574 1675 2631 Theodori
1700 2574 1930 2629 mulleri.
1958 2575 1980 2644 ΙΙ
2015 2603 2089 2615 -
2118 2582 2273 2627 exera

714 2673 938 2709 eramen
985 2667 1039 2708 et
1067 2654 1295 2727 finum]
1344 2678 1367 2701 ιι
1408 2654 1629 2707 Ferrum
1666 2664 1721 2707 et
1744 2670 1815 2707 τε
1848 2663 1909 2706 ut
1944 2652 2179 2707 hostibus
2213 2653 2271 2706 in

716 2732 999 2787 coinmune
1015 2772 1031 2799 ,
1051 2735 1119 2787 ita
1145 2734 1315 2788 Persis
1337 2732 1649 2786 nominatim
1674 2731 1881 2785 tradere
1901 2736 2117 2786 vetitum
2141 2730 2267 2797 suit;

715 2811 857 2883 quod
885 2822 1072 2881 praeter
1092 2811 1233 2865 bunc
1252 2822 1519 2866 auctorem
1546 2809 1743 2864 indicat
1774 2827 1987 2881 quoque
2021 2810 2271 2863 Libanius

712 2892 766 2942 in
786 2889 1162 2960 Βασιλικῷ,ᾳιιί
1182 2890 1489 2943 Constantio
1509 2889 1638 2961 imp.
1655 2886 1829 2941 dietus
1846 2899 1943 2954 est,
1958 2897 2011 2941 et
2030 2906 2270 2962 expressa

711 2969 1014 3022 constitutio
1062 2968 1390 3039 imperatoris
1441 2968 1695 3022 Marciani
1735 2966 1847 3037 lege
1885 2982 1919 3020 2
1964 2982 1980 3020 :
2023 2969 2149 3035 Quoe
2189 2984 2269 3020 m

712 3046 997 3118 exportari.
1034 3072 1055 3093 ι
1096 3047 1509 3100 Gornormm.

781 3128 811 3192 S
838 3124 926 3177 23.
956 3124 1231 3195 Punicam]
1267 3123 1536 3177 Phoenicen
1577 3125 1729 3187 Cav..
1776 3124 2027 3193 Pynicam
2060 3126 2123 3180 B.
2154 3126 2175 3193 ΙΙ
2198 3154 2270 3166 -

717 3202 919 3273 Coelam]
956 3201 1113 3255 Coelen
1136 3204 1263 3256 Cav.
1301 3203 1322 3271 ΙΙ
1352 3232 1427 3243 -
1446 3218 1665 3274 quorum
1692 3219 1759 3254 ea:
1780 3211 1940 3275 parte
1956 3212 2270 3255 memoratus

712 3278 1001 3334 delectabor
1024 3279 1294 3333 audientes
1316 3282 1379 3333 Β.
1412 3282 1434 3349 ΙΙ
1460 3309 1535 3321 --
1556 3278 1649 3333 ubi
1669 3290 1721 3332 et
1746 3278 1989 3333 dominus
2014 3290 2269 3333 terrarum

713 3356 872 3427 sedet]
889 3383 910 3404 ι
925 3358 1199 3412 Antiochia
1210 3358 1310 3412 hac
1328 3368 1629 3429 tempestate
1640 3358 2031 3429 imperator-isin
2050 3357 2268 3411 Oriente

714 3435 878 3490 δίαιτα
912 3446 966 3490 et
1007 3436 1262 3507 χειμάδιον
1303 3434 1480 3501 fuere3
1517 3432 1664 3507 quod
1688 3433 1780 3488 hie
1820 3444 2005 3489 auctor
2040 3452 2149 3489 non
2176 3433 2266 3489 hle

718 3524 925 3570 tantum
969 3515 1145 3588 prodit
1161 3555 1176 3580 ‚
1206 3532 1389 3570 verum
1414 3515 1571 3569 etiam
1613 3531 1741 3569 mox
1767 3531 1982 3568 rursum
1997 3555 2013 3578 ,
2048 3513 2141 3568 ubi
2180 3534 2265 3571 ra·

718 3596 915 3650 tionem
936 3593 1143 3657 reddit,
1167 3612 1262 3649 cur
1287 3594 1574 3651 Antiochiae
1611 3595 1789 3649 omnia
1822 3593 2142 3665 voluptatum
2171 3613 2265 3650 seu

722 3676 973 3732 ludorum
999 3692 1182 3747 genera
1204 3673 1609 3728 exhiberentur:
1645 3672 1936 3746 Quoniam,
1957 3674 2157 3745 inquit,
2186 3674 2266 3729 iba·

727 3754 1007 3830 imperator
1028 3752 1185 3809 sedet.
1222 3752 1283 3807 ld
1306 3754 1461 3807 etiam
1491 3764 1711 3829 testatur
1732 3752 1981 3807 Libanius
2010 3752 2265 3823 legatione

723 3853 825 3909 pro
850 3833 1179 3889 Antiochenis
1213 3832 1279 3886 ad
1306 3832 1568 3886 Julianum
1609 3850 1663 3903 p.
1695 3830 1814 3895 154.
1836 3832 1986 3884 Mora
2008 3830 2121 3886 baec
2156 3834 2266 3887 An·

723 3913 967 3969 tiocbena
994 3912 1321 3983 imperatoris
1346 3930 1467 3965 cum
1492 3905 1701 3965 nonnisi
1728 3910 2033 3964 Constantio
2067 3921 2121 3963 et
2159 3912 2268 3963 Va-

723 3992 853 4046 lenti
880 3990 1161 4045 convenire
1193 3992 1383 4061 possit,
1414 3990 1577 4062 priori
1604 4007 1718 4042 eam
1743 3988 2023 4042 convenire
2040 3989 2095 4042 in
2120 3991 2257 4044 Pro·

720 4068 1003 4139 legemenis
1029 4065 1269 4121 ostendo.
1298 4067 1431 4119 Sane
1451 4065 1518 4119 de
1540 4065 1827 4120 Constantii
1855 4062 1977 4117 sede
2004 4082 2097 4117 seu
2118 4082 2267 4120 mora

716 4144 1003 4200 Antiochia
1032 4146 1183 4199 variis
1215 4145 1365 4198 annis
1392 4146 1541 4216 (puta
1558 4162 1647 4199 an.
1675 4144 1796 4205 348.
1836 4142 1957 4212 339.
1989 4142 2109 4206 34ο.
2140 4144 2263 4207 341.

718 4221 843 4287 342.
875 4222 1000 4287 343.
1040 4232 1094 4276 et
1131 4220 1377 4293 deinceps
1412 4224 1569 4275 etiam
1609 4239 1697 4276 an.
1726 4222 1829 4291 349
1868 4231 1921 4273 et
1958 4222 2081 4289 361)
2108 4220 2266 4275 fidem

714 4299 838 4355 facit
861 4301 941 4354 vel
966 4300 1131 4355 codex
1156 4300 1553 4355 Theodosinnus
1569 4340 1585 4365 ,
1606 4300 1919 4354 Athanasius
1932 4302 2011 4353 De
2031 4299 2262 4370 synodis,

714 4379 954 4433 Julianus
979 4381 1129 4434 Orat.
1168 4397 1191 4432 1
1234 4396 1291 4450 p.
1330 4383 1417 4441 64,
1452 4379 1703 4433 Libanius
1729 4377 1979 4449 Βασιλικῷ
2020 4377 2088 4431 ad
2128 4379 2266 4432 Con-

714 4459 967 4513 stantium
991 4476 1049 4530 p.
1077 4474 1197 4525 122,
1226 4470 1414 4514 auctor
1439 4460 1577 4513 Vita
1598 4458 1745 4513 Pauli
1772 4458 1933 4529 episc.
1962 4456 2105 4529 apud
2130 4456 2269 4512 Pbo-

719 4537 851 4588 tium
865 4576 881 4602 ,
912 4538 1233 4608 Augustinus
1260 4541 1343 4593 De
1366 4556 1609 4593 sermone
1636 4539 1853 4591 Domini
1879 4540 1933 4591 in
1964 4548 2139 4591 monte
2170 4537 2262 4595 tib.

723 4630 773 4680 1,
797 4632 855 4687 p.
889 4615 1044 4682 1522,
1063 4618 1294 4672 Socrates
1316 4634 1370 4685 2,
1394 4637 1442 4673 e.
1466 4617 1517 4673 5.
1548 4634 1631 4673 ιο.
1658 4616 1743 4671 13.
1774 4621 1861 4682 16;
1880 4634 1943 4670 ae
1958 4618 2268 4671 nominatim

718 4711 807 4750 an.
836 4694 962 4765 347,
990 4696 1027 4748 i.
1051 4714 1100 4752 e.
1128 4714 1267 4751 anno
1292 4698 1499 4771 imperii
1528 4696 1639 4768 ejus
1664 4696 1977 4761 undecimo,
2004 4696 2145 4749 tastis
2168 4697 2267 4750 Ce-

718 4772 916 4828 drenus
938 4790 953 4828 :
975 4780 1048 4846 τῷ
1076 4773 1143 4827 ια’
1166 4774 1265 4830 ἔτει
1306 4776 1651 4840 Κωνστάντιος
1676 4776 1727 4831 ἓν
1770 4775 2041 4848 Ἀντιοχείᾳ
2079 4776 2267 4848 διάγων

720 4862 847 4918 ete.;
878 4868 987 4925 qno
1010 4872 1147 4909 anno
1172 4854 1315 4909 bunc
1337 4855 1567 4911 libellum
1613 4859 1967 4929 conscriptum
2005 4854 2157 4927 plane
2182 4872 2267 4909 ar-

718 4928 910 4987 bitror.
942 4957 966 4979 ¹·
1000 4934 1420 4991 Gon-nonanus.

788 5013 819 5079 S
847 5012 938 5075 24.
967 5013 1031 5065 In
1054 5013 1097 5066 B
1117 5012 1380 5083 legebatur
1408 5031 1423 5068 ε
1444 5025 1682 5087 potentes
1712 5012 1767 5067 in
1800 5014 2035 5067 omnibus
2062 5011 2265 5085 portis.

725 5088 856 5141 Tam
882 5092 1131 5155 Berytus,
1150 5107 1265 5162 quae
1282 5109 1346 5145 ex
1370 5096 1417 5147 A
1435 5092 1725 5146 emendavi.
1750 5093 2079 5163 Quamquam
2101 5089 2267 5144 facilis

718 5166 1020 5239 conjectura
1045 5179 1123 5223 est
1143 5168 1419 5241 legendum
1445 5188 1557 5223 esse
1586 5186 1600 5223 ε
1642 5168 1697 5224 in
1717 5168 1953 5223 omnibus
1981 5169 2264 5241 portubus.

728 5249 856 5300 Tum
881 5251 1116 5321 Berytus.

3777 470 3894 524 51⁸1

2358 592 2566 647 ornata,
2601 582 2832 654 undique
2852 584 3110 655 accipiens
3141 602 3323 640 omnes
3349 586 3594 653 sustinet,
3631 587 3907 647 abundans

2355 668 2599 722 omnibus
2616 667 2790 725 bonis.
2813 668 2926 741 (24)
2951 671 3122 742 Tyrus
3142 688 3353 743 quoque
3377 673 3557 727 civitas
3582 674 3638 727 in
3661 676 3908 732 omnibus

2357 754 2505 821 felix,
2533 756 2748 827 spissior
2773 756 2978 828 populis
2994 798 3010 820 ‚
3044 758 3184 811 viros
3209 757 3368 813 babet
3397 777 3460 813 ex
3483 762 3692 831 negotio
3717 763 3905 818 divites

2355 851 2407 896 et
2429 852 2665 915 potentes
2683 845 2737 896 in
2765 843 3028 897 omnibus.
3054 845 3171 914 (25)
3193 847 3318 899 Post
3337 846 3500 917 ipsam
3523 848 3746 920 Berytus
3771 851 3900 904 civi·

2353 940 2430 983 tas
2464 929 2612 983 valde
2643 929 2888 985 deliciosa
2926 939 2981 985 et
3018 930 3277 985 auditoria
3323 931 3494 1002 legum
3533 932 3730 988 babens
3749 975 3763 997 .
3809 954 3906 1009 per

2352 1033 2507 1087 quam
2529 1017 2708 1070 omnia
2731 1018 3090 1071 Romanorum
3107 1014 3307 1088 judicia
3331 1028 3468 1073 stare
3496 1018 3760 1077 videntur.
3785 1022 3902 1097 (26)

2351 1103 2598 1158 Similiter
2617 1113 2670 1158 et
2689 1104 2919 1159 Cesarea
2936 1105 3117 1159 civit-s
3143 1104 3554 1174 deliciosissima,
3573 1108 3724 1180 cujus
3747 1120 3906 1165 tetra·

2353 1189 2532 1262 pylum
2581 1192 2881 1245 nominatur
2921 1190 3145 1264 ubique,
3189 1191 3334 1264 quod
3395 1211 3562 1249 unum
3607 1206 3678 1249 et·
3705 1214 3904 1253 novun

2351 1352 2452 1405 nis.
2504 1353 2620 1422 (24)
2664 1355 2782 1408 Jam
2829 1351 3001 1407 altera
3046 1354 3278 1408 civitates
3328 1353 3486 1409 veluti
3530 1357 3734 1427 Tyrus,
3784 1374 3904 1430 que

2352 1439 2590 1491 omnium
2639 1438 2904 1508 negotium
2949 1436 3212 1493 ferventer
3253 1457 3414 1509 agens
3465 1442 3739 1513 magnifice
3779 1442 3904 1499 felix

2352 1533 2430 1577 est
2472 1523 2642 1590 (nulla
2667 1524 2808 1577 enim
2835 1522 2968 1577 sorte
2991 1524 3171 1580 civitas
3196 1524 3430 1579 Orientis
3450 1536 3528 1580 est
3544 1526 3659 1598 ejus
3685 1530 3904 1601 spissior

2351 1628 2407 1665 ιιι
2453 1612 2722 1682 negotio),
2749 1621 2802 1665 et
2843 1609 3028 1665 divites
3072 1612 3211 1665 viros
3251 1611 3450 1667 habens
3491 1624 3546 1669 et
3583 1626 3819 1687 potentes
3845 1618 3902 1672 in

2351 1696 2616 1752 omnibus.
2646 1698 2762 1767 (25)
2789 1700 2912 1751 Post
2947 1697 3352 1770 istam.Berytus
3385 1700 3568 1755 civitas
3597 1700 3746 1756 valde
3771 1702 3902 1757 deli-

2353 1784 2483 1837 tiosa
2514 1794 2568 1837 et
2610 1781 2868 1837 auditoria
2905 1782 3077 1853 legum
3119 1782 3348 1850 habens,
3375 1802 3472 1857 per
3519 1804 3678 1857 quam
3725 1790 3905 1844 omnia

2348 1868 2548 1942 judicia
2584 1872 2962 1928 Romanorum.
2993 1870 3124 1926 lude
3147 1872 3289 1925 enim
3315 1873 3414 1926 viri
3435 1871 3580 1928 docti
3603 1876 3660 1929 in
3689 1894 3902 1932 omnem

2352 1956 2536 2011 orbem
2583 1967 2836 2011 terrarum
2863 1954 3104 2011 adsident
3133 1954 3404 2029 judicibus
3428 1970 3482 2015 ct
3521 1964 3744 2017 scientes
3769 1963 3904 2034 leges

2352 2042 2656 2098 custodiunt
2677 2044 3002 2117 provincias,
3032 2043 3226 2117 quibus
3249 2046 3532 2101 mittuntur
3551 2046 3726 2119 legum
3755 2049 3902 2105 ordi·

2354 2134 2608 2187 nationes.
2643 2130 2755 2205 (26)
2787 2134 2904 2189 Jam
2925 2133 3082 2187 etiam
3105 2134 3334 2189 Caesares
3361 2136 3542 2190 civitas
3568 2148 3648 2191 est
3667 2139 3906 2195 similiter

2355 2217 2648 2273 deliciosior
2668 2228 2719 2273 et
2749 2217 3021 2273 abundans
3058 2219 3305 2274 omnibus
3322 2259 3338 2285 ,
3371 2230 3429 2275 et
3458 2220 3802 2295 dispositione
3826 2228 3904 2281 ei·

2359 2304 2528 2360 vitatis
2569 2306 2624 2359 in
2669 2304 2830 2359 multa
2871 2304 3139 2372 eminens3
3163 2306 3453 2379 tetrapylon
3488 2309 3632 2364 enim
3669 2308 3782 2383 ejus
3805 2331 3904 2367 no-

2357 2393 2586 2446 minatur
2647 2390 2869 2463 ubique,
2921 2392 3067 2463 quod
3119 2410 3284 2447 unum
3333 2404 3388 2449 et
3441 2413 3642 2451 novum
3691 2398 3902 2471 aliquod

2433 2574 2484 2640 S.
2529 2568 2620 2627 25.
2667 2568 2942 2625 auditoria
2988 2570 3154 2639 legum
3203 2571 3426 2645 habens]
3465 2598 3489 2621 ι
3526 2577 3672 2630 Juris
3719 2579 3906 2634 studiis

2359 2648 2536 2705 schola
2545 2659 2600 2703 et
2610 2647 2928 2722 professione
2951 2647 3087 2702 clara
3107 2647 3216 2719 jam
3235 2647 3331 2703 din
3350 2661 3406 2704 et
3425 2650 3671 2725 deinceps
3685 2658 3904 2729 Berytus

2363 2728 2491 2795 suit,
2520 2726 2664 2799 quod
2685 2727 2841 2781 etiam
2861 2726 3017 2781 docet
3036 2726 3121 2781 Iex
3149 2744 3175 2782 1
3207 2732 3260 2784 G.
3285 2727 3383 2800 qm'
3401 2740 3575 2785 oeente.
3617 2734 3904 2805 Gregorius

2361 2808 2777 2877 'thaumaturgus
2802 2806 2856 2858 in
2883 2815 3016 2860 orat.
3041 2823 3288 2878 panegyr.
3315 2806 3383 2861 ad
3401 2808 3684 2879 Origenem
3718 2829 3771 2884 p.
3803 2817 3902 2869 186

2360 2900 2500 2955 sqq.;
2534 2881 2626 2937 sed
2665 2892 2719 2936 et
2755 2898 2850 2954 per
2891 2881 3002 2935 boee
3044 2882 3154 2954 ipsa
3196 2893 3432 2956 tempora
3474 2884 3772 2960 Eunapius,
3801 2891 3902 2945 sub

2360 2962 2666 3017 Constantio
2712 2961 2865 3032 imp„
2893 2962 2952 3015 in
2993 2962 3096 3015 vita
3138 2964 3406 3017 Proseresii
3439 2982 3494 3035 p.
3539 2966 3660 3023 150.
3697 2969 3904 3026 libanii

2361 3058 2572 3113 quoque
2615 3038 2761 3093 locus
2794 3040 3010 3109 insignis
3047 3041 3198 3096 Orat.
3241 3045 3310 3095 26
3338 3040 3655 3113 apologetica
3691 3063 3748 3118 p.
3777 3049 3901 3119 595,

2359 3120 2450 3174 ubi
2477 3118 2545 3172 de
2586 3116 2844 3189 frequenti
2882 3117 2981 3171 sub
3007 3118 3224 3173 Valente
3263 3120 3395 3191 imp.
3419 3138 3484 3175 eo
3515 3121 3904 3182 adolescentum

2357 3213 2646 3261 concursu,
2696 3194 2948 3250 abdic-to·
2976 3196 3282 3268 eloquentia
3315 3198 3526 3265 studio,
3564 3207 3906 3276 conqueritur

2356 3272 2606 3345 sophista.
2627 3272 2868 3326 Meminit
2889 3282 2942 3326 et
2967 3272 3212 3346 deinceps
3231 3276 3555 3329 lastinianus
3573 3278 3628 3331 in
3645 3280 3903 3335 constitu·

2358 3350 2495 3405 tione
2524 3350 2730 3403 δέδωκεν
2753 3352 2784 3418 S
2810 3369 2864 3420 9,
2888 3349 2984 3404 ubi
3019 3352 3268 3423 Bet-ytum
3311 3363 3460 3407 vocat
3484 3352 3574 3421 τὴν
3610 3360 3709 3410 τῶν
3737 3360 3902 3429 νόμων

2354 3426 2520 3494 πόλιν,
2553 3437 2605 3480 et
2646 3428 2703 3480 iu
2749 3427 3124 3483 constitutione
3163 3428 3240 3483 ad
3277 3442 3619 3487 antecessores
3653 3436 3684 3502 S
3719 3452 3771 3505 7,
3809 3436 3902 3493 ubi

2353 3508 2609 3562 nutricem
2643 3505 2816 3577 legum
2860 3517 3034 3569 vocat,
3061 3508 3196 3563 sicut
3221 3510 3490 3582 Eunapius
3517 3508 3568 3565 ἔν
3595 3514 3702 3576 τοῖς
3739 3516 3902 3569 τοιού-

2353 3606 2452 3650 τοις
2478 3587 2660 3660 ‘antipa
2681 3584 2988 3659 παιδεύμασι.
3011 3587 3094 3644 Cs.
3124 3589 3372 3659 Agathias
3400 3606 3454 3646 2.
3485 3591 3548 3645 15
3590 3608 3605 3646 t
3635 3596 3784 3648 τοῦτο
3804 3594 3903 3669 γὰρ

2353 3669 2551 3740 πάτριον
2576 3669 2641 3737 τῇ
2667 3664 2812 3720 πόλει
2845 3665 2929 3719 καὶ
2951 3668 3114 3738 ὥσπερ
3137 3668 3282 3739 γέρας
3310 3686 3358 3722 τι
3385 3670 3617 3739 μέγιστον
3649 3670 3713 3725 τὰ
3736 3675 3901 3728 τοιάδε

2354 3744 2476 3817 αὐτῇ
2504 3744 2696 3798 ἀνεῖται
2721 3744 3060 3800 διδασκαλεῖα.
3103 3746 3324 3799 Nonnus
3357 3747 3576 3819 Dionys.
3619 3753 3710 3815 41,
3741 3751 3844 3823 396
3883 3769 3898 3805 :

2352 3829 2592 3901 Βηρυτδς,
2625 3829 2810 3899 βιότοιο
2846 3828 3139 3900 γαληναίοιο
3161 3828 3363 3898 τιθήνη,
3403 3840 3455 3884 et
3491 3830 3586 3886 lib.
3632 3836 3696 3898 14
3724 3850 3739 3889 :
3768 3835 3904 3903 δίκης

2328 3910 2494 3971 ,πέδον
2517 3908 2638 3961 ἄστυ
2666 3907 2928 3979 θεμίστων.
2963 3932 2987 3954 ι
3025 3909 3450 3963 Gornormus.
3480 3909 3504 3979 ΙΙ
3525 3927 3710 3984 —per
3745 3930 3904 3985 quam

2351 3988 2526 4043 omnia
2558 3984 2773 4059 judicia
2810 3988 3172 4058 Romanos-um]
3207 4011 3231 4034 ι
3270 3986 3579 4042 Adsessores
3605 3986 3846 4059 judicum
3872 4009 3904 4044 e

2350 4066 2486 4139 juris
2509 4066 2686 4121 schola
2710 4066 3071 4139 Berytensium
3106 4064 3322 4138 prodire
3354 4066 3454 4131 ait,
3475 4067 3570 4137 qui
3597 4066 3790 4123 seilicet
3813 4068 3905 4141 ju·-

2355 4144 2490 4199 dicia
2511 4145 2688 4199 omnia
2703 4160 2798 4197 seu
2807 4140 3012 4213 judices
3028 4141 3255 4213 dirigant
3271 4182 3286 4207 ,
3309 4144 3400 4215 qui
3419 4144 3802 4215 magistratibus
3813 4144 3903 4216 jus

2354 4223 2552 4277 dictent
2567 4262 2582 4289 ,
2616 4222 2708 4293 qui
2737 4219 2860 4293 jura
2896 4222 3321 4294 interpretentur.
3356 4220 3668 4276 Adsessores
3699 4224 3896 4278 scilieet

2353 4324 2444 4360 seu
2467 4305 2750 4360 consiliarii
2772 4304 3155 4375 magistratibus
3181 4302 3294 4377 (qui
3331 4302 3494 4360 ferme
3509 4303 3649 4376 juris
3672 4307 3902 4380 imperiti

2353 4388 2524 4453 erant)
2545 4382 2678 4455 juris
2703 4382 2968 4436 scientiam
3001 4380 3376 4452 suggerebant3
3403 4381 3471 4436 de
3510 4400 3621 4454 quo
3652 4383 3773 4439 vide
3805 4385 3897 4442 tit.

2354 4462 2416 4516 de
2437 4460 2740 4517 assessor-ib.
2769 4471 2822 4514 et
2840 4460 2938 4528 leg.
2963 4476 3013 4526 1,
3046 4460 3186 4532 quod
3199 4460 3416 4533 quisque
3432 4460 3600 4532 juris.
3630 4464 3700 4515 Et
3725 4472 3900 4517 motus

2355 4542 2652 4593 animorum
2698 4537 3111 4609 compescebant.
3167 4537 3417 4593 Libanius
3457 4548 3592 4592 orat.
3629 4538 3754 4593 κατὰ
3801 4546 3900 4595 τῶν

2354 4616 2779 4690 προσεδρευόντων
2804 4618 2909 4679 τοῖς
2933 4615 3144 4687 ἄρχουσι
3165 4633 3220 4688 p.
3267 4618 3366 4685 198
3388 4631 3404 4669 z
3429 4615 3527 4669 Τὸν
3555 4614 3609 4669 δὲ
3637 4616 3790 4688 θυμὸν
3817 4616 3903 4671 αὖ·

2353 4698 2460 4759 τοῖς
2483 4696 2612 4765 (τοῖς
2633 4692 2885 4767 ἄρχουσιν)
2908 4692 3168 4767 ἐπᾴδοντες
3190 4694 3416 4748 σὸέσουσι
3439 4694 3524 4749 καὶ
3546 4700 3619 4768 τῷ
3649 4695 3778 4767 παρὰ
3798 4702 3897 4751 τῶν

2355 4776 2602 4847 παρέδρων
2622 4774 2834 4847 χαλινῷ.
2864 4798 2888 4820 ι
2915 4775 3080 4829 Innr.
3112 4775 3230 4844 11-
3253 4772 3365 4828 ‘vin'
3387 4772 3549 4846 docti]
3585 4798 3608 4821 ι
3629 4776 3903 4831 Anatolius

2355 4872 2479 4908 sane
2503 4852 2602 4907 sub
2629 4852 2934 4907 Constantio
2960 4854 3088 4925 imp.
3113 4850 3303 4906 exinde
3326 4851 3444 4910 fuit.
3465 4854 3536 4909 V.
3557 4855 3828 4926 Eunapius
3844 4855 3902 4909 in

2355 4932 2639 4987 Proaeresio
2656 4948 2711 5003 p.
2746 4934 2843 5001 149
2863 4947 2945 5001 sq.
2971 4956 2994 4978 ι
3021 4932 3188 4986 Innr.
3221 4931 3656 5000 ss—custodiune
3675 4951 3902 5006 provan-

2359 5008 2492 5080 εἰπε]
2526 5032 2549 5055 ι
2576 5009 2656 5061 De
2677 5008 3018 5063 Antiochenis
3036 5006 3139 5061 boc
3161 5008 3329 5080 ipsum
3357 5008 3536 5080 prodit
3569 5009 3821 5067 Libanius
3845 5012 3902 5064 in

2356 5087 2668 5142 Antiocbico
2691 5105 2746 5160 p.
2771 5088 2894 5158 369.
2920 5112 2944 5135 ι
2971 5090 3140 5143 Ιοιιιι.
3169 5088 3190 5156 ΙΙ
3213 5088 3333 5157 —S
3359 5091 3428 5141 26
3460 5088 3791 5162 teemmlum]
3820 5090 3903 5143 De

2357 5169 2588 5221 Caesariae
2603 5168 2952 5222 monumentis
2968 5166 3218 5237 urbisque
3227 5166 3474 5238 διαγραφῇ
3497 5167 3691 5222 multus
3717 5178 3794 5222 est
3813 5170 3904 5223 Jo-

2358 5246 2549 5317 scphus
2573 5250 2695 5300 Ant.
2723 5247 2805 5310 15;
2828 5250 2879 5313 8,
2898 5245 2949 5301 5.
2973 5246 3055 5312 15,
3074 5265 3125 5315 9,
3141 5251 3191 5311 63
3213 5243 3416 5302 B.Jud.
3435 5262 3483 5312 1,
3507 5262 3594 5311 21,
3621 5246 3670 5311 53
3699 5264 3746 5312 ι,
3770 5262 3823 5312 2,
3844 5246 3896 5313 ⁵3
