4584 6284
1640 411 1742 474 DE
1781 412 2062 474 'forms
2101 413 2326 474 ORBIS
2369 413 2949 478 DESCRIPTIONE.
3861 424 3901 500 ij

721 545 902 610 Tauri
935 545 998 608 in
1035 562 1274 608 oceano
1301 545 1432 606 Eoo
1460 544 1915 627 promontorio,
1951 561 2146 626 usque
2187 544 2266 607 ad
2361 553 2599 627 partem
2628 547 3041 622 recensuerit;
3076 547 3245 629 quod
3273 555 3341 611 ut
3372 547 3701 611 credamus
3742 568 3907 631 prae-

717 632 854 698 Indi
881 632 1052 697 fluvii
1088 632 1267 695 ostia.
1304 631 1483 696 Unde
1518 631 1742 713 aliquis
1783 632 2129 714 suspicetur
2156 633 2268 694 Ca-

2356 641 2451 696 ter
2490 651 2719 697 nomen
2760 633 2949 697 etiam
2996 633 3343 715 adscriptus
3382 633 3441 698 ei
3478 637 3597 697 210
3640 635 3906 698 mansio-

717 739 958 785 maram
1011 721 1368 802 emporium
1423 719 1502 782 ab
1553 719 1760 802 aliquo
1813 719 1892 784 ad
1934 723 2262 784 Tamarum
2353 739 2507 784 num
2560 739 2857 784 numerus
2913 720 3167 799 suadet,
3226 739 3419 802 quum
3488 719 3725 784 schoeni
3786 725 3905 785 210

718 808 1220 891 promontorium
1248 819 1482 874 temere
1508 808 1868 872 translatum
1887 854 1904 885 ‚
1932 815 2116 892 atque
2146 827 2266 872 nu-
2354 809 2767 892 respondeant
2792 809 3161 892 longitudini
3192 808 3409 872 insulae
3438 809 3517 870 ab
3545 808 3783 872 oriente
3824 810 3903 873 ad

717 915 928 960 meros
972 895 1060 958 ita
1096 894 1425 960 adornatos
1461 913 1594 960 esse
1640 904 1712 959 ut
1753 915 1996 960 summa
2041 915 2258 960 eorum

719 1001 865 1046 cum
913 983 1382 1047 Eratosthenico
1431 990 1726 1065 computu
1775 983 2148 1047 conveniret.
2192 983 2260 1046 Id

717 1079 929 1135 tamen
951 1072 1274 1154 probabile
1293 1091 1426 1136 esse
1455 1072 1610 1134 mihi
1638 1090 1764 1137 non
1781 1071 2044 1142 videtur.
2065 1090 2258 1155 quum

718 1159 1006 1242 regiones
1034 1177 1072 1224 a
1089 1162 1306 1225 Nostro
1331 1159 1654 1225 recensita
1679 1160 2036 1224 continuam
2069 1179 2261 1242 quan-

721 1247 865 1311 dam
895 1248 1118 1312 seriem
1129 1247 1458 1328 juxtalitus
1475 1247 1856 1312 maritimum
1880 1247 2258 1312 metiendam

717 1333 816 1398 vix
842 1335 1241 1412 constituant3
1269 1355 1412 1399 nam
1442 1355 1583 1418 quae
1613 1337 1773 1400 inter
1797 1335 2037 1400 Indiam
2065 1337 2259 1417 majo-

716 1441 852 1486 rem
875 1431 938 1487 et
965 1423 1270 1488 minorem
1291 1431 1817 1488 commemoratur
1847 1428 1964 1489 150
1984 1425 2258 1488 mansio-

715 1529 865 1574 num
894 1510 1066 1591 regio
1106 1519 1426 1594 tamquam
1457 1511 1634 1575 India
1669 1511 1890 1594 majori
1927 1511 2250 1594 adjacens,

714 1617 786 1661 ea
803 1599 866 1662 in
894 1597 1362 1663 mediterraneis
1385 1600 1588 1683 posita
1611 1599 1830 1676 fuerit3
1859 1600 2084 1664 deinde
2101 1619 2250 1665 vero

707 1686 1226 1751 verisimillimum
1253 1693 1350 1751 est
1377 1689 1599 1750 Divum
1627 1707 1751 1752 non
1779 1689 2088 1752 diversam
2115 1706 2254 1752 esse

707 1792 744 1835 a
767 1775 1116 1838 stete-Diva
1139 1775 1266 1840 sive
1291 1775 1656 1857 Taprobane
1675 1777 1876 1842 insula
1891 1823 1908 1854 ,
1938 1796 2126 1860 quam
2145 1795 2257 1841 ex-

708 1868 953 1936 cerptor
970 1871 1180 1929 noster
1198 1882 1525 1948 perperam
1544 1870 1860 1949 tamquam
1883 1865 2280 1931 continentis·

2352 915 2643 961 occasum
2673 897 3037 978 pertinenti,
3075 896 3323 980 qualem
3354 895 3652 960 exhibent
3674 895 3900 960 tabulae

2349 984 2687 1048 Ptolemaei.
2717 988 2855 1049 Jam
2878 1003 3023 1048 vero
3051 1003 3129 1048 ex
3153 983 3414 1066 reliquis
3439 985 3749 1048 mensuris
3771 986 3901 1049 col-

2350 1073 2627 1154 liguntur
2660 1071 2899 1135 schoeni
2940 1076 3059 1136 799
3096 1071 3220 1134 sive
3258 1070 3457 1134 stadia
3500 1075 3724 1149 23790,
3759 1091 3899 1154 quse

2350 1160 2401 1222 si
2432 1177 2469 1222 a
2501 1161 2753 1222 Gamara
2781 1177 2979 1242 usque
3003 1159 3081 1222 ad
3106 1161 3293 1222 finem
3316 1156 3509 1221 Indiae
3531 1159 3703 1240 juxta
3726 1177 3899 1222 oram

2349 1245 2661 1311 metienda
2710 1253 2885 1324 sunt,
2918 1255 3059 1330 apte
3096 1245 3413 1311 conciliari
3454 1254 3715 1328 possunt
3754 1265 3897 1310 cum

2348 1341 2647 1419 computu
2690 1335 2985 1399 Marciani
3015 1337 3207 1414 (tom.
3247 1337 3303 1410 I,
3350 1353 3411 1417 p.
3457 1337 3577 1398 540
3596 1332 3614 1413 )
3630 1379 3648 1408 ‚
3670 1334 3779 1416 qui
3820 1335 3899 1397 ab

2346 1426 2538 1490 Indiae
2568 1424 2835 1490 termino
2862 1422 3227 1489 occidentali
3252 1441 3449 1506 usque
3478 1421 3557 1486 ad
3582 1423 3738 1504 Cory
3760 1440 3899 1504 pro-

2348 1513 2726 1578 montorium
2744 1518 3029 1576 numerat
3047 1511 3244 1576 stadia
3270 1515 3467 1575 21715
3485 1529 3501 1585 ;
3519 1509 3667 1572 inde
3688 1517 3895 1572 autem

2346 1602 2424 1664 ad
2441 1603 2761 1666 camaram
2782 1647 2799 1678 ,
2822 1619 2859 1662 a
2874 1599 3063 1664 borea
3089 1599 3382 1665 Chaberis
3410 1597 3699 1682 (Citavere
3722 1597 3891 1676 hod.)

2346 1690 2514 1754 fluvii
2562 1689 2741 1754 sitam
2760 1735 2778 1768 ,
2806 1688 2873 1752 in
2922 1687 3151 1752 nostris
3176 1686 3421 1750 ’tabulis
3468 1690 3612 1750 sunt
3646 1684 3895 1748 circiter

2342 1781 2501 1844 2000
2532 1778 2729 1842 stadia
2748 1779 2929 1860 (3000
2947 1795 3073 1841 sec.
3097 1775 3417 1840 Ptolemaei
3440 1774 3619 1856 tab.)‚
3647 1773 3806 1836 adeo
3828 1779 3894 1836 ut

2345 1885 2591 1930 summa
2610 1865 2975 1930 conficiatur
3000 1864 3347 1929 stadiorum
3368 1863 3567 1928 ferme
3588 1866 3703 1926 237
3709 1866 3735 1912 ⁴
3748 1864 3807 1924 5.
