4584 6284
718 481 839 533 294

790 623 893 666 410.
925 598 1057 664 “ou
1078 602 1141 663 τὸ
1160 601 1217 662 Ἄ
1229 624 1347 683 ργος
1386 599 1481 680 μὲν
1516 604 1588 669 εἷς
1626 601 1884 673 ἀνατολὴν
1914 605 2011 683 δρᾷ
2041 606 2136 676 τῆς
2164 605 2280 666 112-

2098 472 2508 534 Eusnmu

2441 611 2565 675 419.
2599 609 2764 676 Argos
2789 616 2866 660 est
2889 606 2977 660 ubi
2999 606 3388 680 Peloponnesus
3407 607 3474 662 ad
3495 621 3670 665 ortum
3690 612 3940 686 respicit}

706 691 1029 764 λοποννήσου
1047 735 1067 767 ,
1094 689 1226 770 πρὸς
1263 689 1410 750 δύσιν
1438 687 1495 750 δὲ
1524 695 1558 764 ἡ
1598 689 1967 767 Λακεδαίμων.
2013 689 2279 768 Ἑκατόμ·
2373 707 2476 762 qua
2495 707 2618 746 vero
2638 690 2706 745 ad
2723 709 2990 759 occasum,
3014 693 3380 750 lacedaemon.
3403 697 3630 752 Centum
3645 697 3937 770 antiquitus

707 785 858 848 πολις
884 777 940 840 δὲ
962 784 999 854 ἡ
1028 775 1317 850 Λακωνικὴ
1347 777 1409 837 τὸ
1438 775 1687 848 παλαιὸν,
1710 777 1845 838 καθὰ
1874 779 1962 836 καὶ
1992 784 2025 851 ἡ
2066 777 2276 860 Κρήτη,

708 869 939 946 λέγεται.
968 866 1067 928 Διὸ
1090 865 1185 926 καὶ
1216 863 1286 924 τὰ
1310 863 1688 940 Ἑκατόμὸαια
1718 867 1825 926 ἐκεῖ
1850 867 2026 927 ἐθύετο
2056 868 2143 928 ἐπὶ
2176 893 2277 928 σω·

653 971 682 1012 ⁸
710 955 864 1038 τηρία
909 957 1015 1015 τῶν
1052 953 1319 1014 τοσούτων
1368 952 1593 1012 πόλεων.
1628 952 1743 1013 Μία
1790 952 1845 1013 δὲ
1873 958 1976 1014 τῶν
2011 957 2195 1018 ἑκατὸν
2223 961 2277 1016 αἱ

708 1045 1001 1122 Ἀμύκλαι,
1036 1042 1099 1112 ἃς
1126 1042 1331 1104 ἔκτισεν
1371 1041 1476 1108 υἱὸς
1520 1043 1911 1120 Λακεδαίμονος
1940 1047 1967 1101 ὁ
1997 1043 2275 1122 Ἀμύκλας.

708 1133 907 1194 ’letior
935 1132 991 1194 δὲ
1020 1131 1101 1191 ὅτι
1129 1131 1191 1191 τὸ
1215 1128 1403 1210 Ἄργος
1428 1134 1580 1190 τοῦτο
1604 1127 1821 1212 cpont-ff
1846 1152 1972 1190 ποτε
2002 1137 2102 1192 τῶν
2133 1135 2185 1191 ἐν
2212 1137 2279 1214 τῇ

710 1220 935 1283 Ἑλλάδι
976 1219 1130 1299 χώρα
1174 1218 1401 1290 πόλεων,
1431 1217 1521 1276 καὶ
1546 1219 1780 1293 ’μάλιστα
1823 1218 1907 1278 διὰ
1932 1219 2031 1291 τὴν
2063 1221 2273 1300 ἀνδρίαν

708 1314 813 1368 τῶν
852 1312 908 1369 ἐν
952 1309 1105 1388 αὐτῇ.
1165 1308 1321 1368 Κατὰ
1365 1302 1420 1364 δὲ
1459 1305 1549 1364 τὸν
1578 1305 1857 1388 Ἡρόδοτον
1895 1306 2127 1379 ἤκουσαν
2155 1331 2282 1368 ποτε

634 1416 686 1456 ιο
710 1395 801 1454 καὶ
829 1392 1073 1473 μουσικοὶ
1100 1384 1233 1453 εἶναι
1258 1396 1457 1474 πρῶτοι
1483 1393 1778 1463 Ἑλλήνων.
1823 1395 2045 1455 Κάκεῗνο
2081 1393 2135 1456 &i
2172 1395 2279 1478 χρὴ

710 1480 907 1540 εἰδέναι
923 1525 940 1555 ,
963 1481 1043 1539 ὅτι
1070 1483 1170 1560 οὔχ
1190 1477 1245 1538 ἓν
1272 1477 1458 1560 Ἄργος
1481 1480 1643 1552 ἐστὶν,
1665 1479 1802 1540 ἀλλὰ
1820 1481 2061 1564 διάφορα.
2090 1483 2116 1509 ¹*
2132 1483 2193 1543 τό
2217 1508 2277 1545 τε

710 1566 852 1628 κατὰ
873 1565 970 1640 τὴν
1000 1567 1420 1641 Πελοπόννησον,
1449 1567 1579 1646 ὅπερ
1608 1571 1636 1627 ὁ
1665 1569 1935 1649 Σοφοκλῆς
1974 1567 2065 1630 καὶ
2094 1565 2280 1651 Ἄργος

710 1655 948 1735 Δωρικὸν
992 1655 1137 1734 λέγει
1184 1654 1274 1714 καὶ
1314 1655 1499 1717 Ἀπίαν
1542 1659 1673 1732 γῆν·
1719 1656 1913 1729 ἐκλήθη
1938 1657 2009 1716 ’δὲ
2051 1657 2110 1717 τὸ
2152 1659 2277 1720 αὐτὸ

710 1742 803 1802 καὶ
841 1741 1149 1818 Φορωνικὸν
1179 1742 1311 1802 ἄστυ
1340 1741 1467 1802 ποτὲ
1495 1743 1601 1802 ἀπὸ
1642 1743 1963 1823 Φορωνέως,
1992 1746 2273 1823 ὠνομάσθη

632 1847 683 1888 15
710 1831 767 1889 δὲ
793 1829 887 1892 καὶ
922 1829 1201 1908 Αἰγιάλεια
1234 1828 1295 1890 ἔκ
1320 1853 1457 1898 τινος
1482 1830 1801 1910 Αἰγιαλέως,
1834 1831 1924 1892 καὶ
1972 1832 2275 1906 ἱππόὸοτον,

708 1918 797 1978 ναὶ
826 1918 930 1996 μὴν
961 1919 1053 1979 καὶ
1079 1914 1263 1980 Ἴασον
1292 1917 1399 1980 ἀπὸ
1442 1917 1617 1980 Ἰάσου
1654 1917 1819 1993 τινὸς,
1853 1921 1943 1980 καὶ
1980 1921 2145 2003 δίψιον
2190 1921 2275 1982 διὰ

707 2006 769 2066 τὸ
796 2007 873 2083 μὴ
894 2005 1183 2088 πολύῦδρον
1216 1997 1370 2067 εἶναι·
1405 2009 1610 2085 ἐλέγετο
1638 2007 1723 2081 δὲ,
1752 2007 1879 2089 φασὶ
1901 2054 1918 2083 ,
1944 2010 2034 2068 καὶ
2062 2011 2273 2071 Θεττα-

706 2093 854 2155 λικὸν
897 2089 1085 2176 Ἄργος
1127 2099 1162 2168 ἡ
1213 2100 1302 2154 νῦν
1344 2094 1621 2176 Λάρισσα,
1669 2094 1761 2155 καὶ
1805 2095 2172 2178 Ἀμφιλοχικὸν
2218 2097 2272 2158 δὲ

707 2183 866 2256 ἄλλο,
892 2183 984 2243 καὶ
1018 2183 1201 2251 ἁπλῶς
1226 2185 1386 2242 εἰπεῖν
1416 2186 1486 2252 εἰς
1522 2181 1707 2244 ἕνδεκα
1734 2184 1923 2252 τόπους
1966 2188 2013 2245 οἱ
2054 2187 2267 2247 παλαιοὶ

626 2285 680 2326 20
705 2270 767 2331 τὸ
787 2267 848 2332 Ἀ
857 2294 974 2353 ργος
998 2276 1271 2351 μετροῦσι,
1291 2270 1522 2349 λέγοντες
1544 2270 1635 2331 καὶ
1654 2271 1735 2332 ὅτι
1757 2281 1863 2331 πᾶν
1884 2272 2069 2354 σχεδὸν
2092 2276 2271 2336 πεδίον

710 2357 1137 2440 παραθαλάσσιον
1159 2356 1216 2418 Ἄ
1225 2368 1342 2439 ργος
1364 2357 1588 2438 ἐλέγετο.
1616 2356 1685 2421 Ὅ
1711 2359 1765 2419 δὲ
1784 2363 1830 2422 Γ
1832 2361 2096 2442 εωγροίςρος
2114 2362 2269 2446 φησὶν

704 2448 785 2508 ὅτι
810 2450 860 2509 οἱ
887 2444 1129 2528 νεώτεροι
1157 2446 1248 2507 καὶ
1285 2447 1517 2524 μάλιστα
1548 2447 1847 2516 Μακεδόνες
1876 2449 1969 2507 καὶ
2005 2450 2267 2512 Θετταλοὶ

702 2537 857 2616 ἄργος
902 2533 963 2593 τὸ
1007 2535 1185 2594 πεδίον
1230 2533 1378 2614 φασί.
1415 2534 1523 2594 Καὶ
1562 2538 1598 2605 ἡ
1642 2533 1736 2607 ὅλη
1777 2533 1831 2593 δὲ
1873 2535 2268 2611 Πελοπόννησος

701 2619 887 2703 Ἄργος
916 2619 1023 2680 ἀπὸ
1060 2626 1153 2680 τοῦ
1196 2621 1600 2700 πολυοφθᾶλμου
1640 2619 1700 2681 Ἀ
1712 2643 1833 2702 ργου
1876 2623 2069 2696 ἐκλήθη
2113 2624 2261 2686 ποτέ.

618 2731 672 2769 as
698 2706 767 2771 ‘O
795 2707 851 2768 δὲ
884 2709 1198 2789 Γεωγροίφος
1212 2705 1349 2768 οὕτω
1363 2708 1454 2767 καὶ
1482 2708 1601 2789 περὶ
1622 2706 1803 2768 τούτου
1834 2709 2019 2790 φησίν·
2048 2737 2072 2762 α
2088 2709 2267 2790 Ἀχαΐ-

696 2795 785 2858 κὸν
812 2795 1000 2876 Ἄργος
1034 2795 1231 2868 ἰκλήθη
1282 2795 1319 2868 ἥ
1363 2819 1423 2856 τε
1450 2794 1547 2868 ὅλη
1580 2796 1977 2870 Πελοπόννησος
2005 2799 2097 2859 καὶ
2126 2799 2265 2867 ἰδίως

692 2888 728 2956 ἡ
756 2884 1067 2957 Λακωνική.
1099 2885 1179 2946 Τὸ
1206 2889 1331 2961 γοῦν
1359 2883 1503 2964 παρὰ
1529 2887 1607 2962 τῷ
1639 2887 1847 2964 Ποιητῇ
1875 2885 1996 2964 περὶ
2023 2891 2113 2946 τοῦ
2142 2889 2264 2948 Με-

696 2971 883 3030 νελάου
924 2970 1132 3051 λεχθέν,
1165 2999 1189 3024 ι
1215 2969 1251 3043 ἢ
1278 2973 1375 3030 οὐκ
1398 2967 1612 3051 Ἄργεος
1658 2963 1751 3043 ἦεν
1781 2972 2065 3052 Ἀχαῖκοῧς
2093 3002 2118 3028 ι
2136 2975 2265 3035 ’ἀντὶ

690 3063 786 3118 τοῦ
813 3061 907 3118 οὐκ
928 3049 994 3131 ἦν
1020 3061 1074 3117 ἐν
1099 3063 1165 3140 τῇ
1186 3063 1497 3138 Λακωνικῇ;
1530 3058 1798 3119 Ἐντεῦθεν
1829 3061 1883 3119 δὲ
1906 3061 1999 3120 καὶ
2016 3065 2051 3132 ἡ
2073 3061 2264 3135 Ἑλένη

613 3164 669 3206 ω
694 3145 901 3228 Ἀργεία
922 3143 1153 3226 λέγεται.
1181 3173 1206 3199 ¹·
1234 3145 1443 3226 Προϊὼν
1471 3145 1528 3206 δὲ
1552 3147 1698 3227 λέγει
1730 3149 1991 3220 κληθῆναί
2015 3171 2145 3208 ποτε
2168 3149 2264 3222 τὴν

694 3232 1099 3304 Πελοπόννησον
1128 3231 1317 3313 Ἄργος
1341 3230 1525 3294 Ἴασον
1557 3234 1650 3292 καὶ
1678 3233 1922 3314 Ἀχαϊκὸν
1944 3235 2037 3294 καὶ
2053 3231 2261 3311 ἵππιον,

694 3319 785 3380 καὶ
822 3321 1132 3381 ἱππόὸοτον.
1178 3322 1261 3382 Τὸ
1298 3319 1355 3379 δὲ
1394 3325 1483 3378 τοῦ
1521 3315 1741 3398 Ἄργους
1769 3320 1967 3381 ἑθνικὸν
1999 3323 2059 3380 οὗ
2109 3325 2263 3399 μόνον

696 3405 954 3487 Ἀργεῖος,
978 3403 1049 3474 ὥς
1070 3430 1226 3488 φασιν
1250 3410 1297 3465 οἱ
1321 3405 1572 3480 παλαιοὶ,
1598 3406 1734 3466 ἀλλὰ
1760 3409 1851 3466 καὶ
1878 3409 2155 3485 Ἀργόλας,
2173 3408 2264 3470 καὶ

697 3499 733 3566 ἡ
751 3499 904 3575 χώρα
926 3493 977 3554 Ἀ
988 3495 1178 3575 ργολίς.
1219 3493 1465 3573 Ἐλέγετο
1486 3493 1543 3552 δὲ
1566 3493 1657 3553 καί
1676 3517 1727 3553 τι
1744 3491 1802 3554 'A
1811 3518 1927 3573 ργος
1945 3496 2085 3563 ἰδίως
2105 3497 2266 3564 οὕτως

618 3607 673 3648 ss
701 3581 1023 3662 Ἀργολικόν.

778 3689 885 3730 420.
912 3667 1043 3730 Ὀτι
1067 3669 1162 3738 τὰς
1188 3669 1415 3752 πλευρὰς
1440 3679 1531 3732 τοῦ
1557 3671 1791 3753 ῥηθέντος
1814 3674 2000 3748 ἰσθμοῦ
2024 3677 2117 3732 τοῦ
2154 3675 2263 3734 Πε-

699 3760 1113 3832 λοποννησιακοῦ
1160 3758 1603 3840 περιὸρομέουσαι
1640 3761 1882 3830 κλύζουσι
1923 3762 2049 3838 πρὸς
2111 3759 2261 3841 ζόφον

699 3844 797 3922 μὲν
831 3852 867 3920 ἡ
899 3851 993 3920 τῆς
1030 3845 1261 3928 Ἐφύρης
1305 3847 1571 3920 θάλασσα,
1611 3845 1641 3908 ὃ
1680 3846 1819 3908 ἔστιν
1860 3851 1888 3907 ὁ
1930 3846 2266 3928 Κορινθιακὸς

697 3933 917 4009 κόλπος,
955 3935 1086 4015 πρὸς
1113 3935 1278 4013 αὐγὰς
1317 3934 1373 3996 δὲ
1406 3939 1442 4008 ἡ
1478 3937 1715 4016 Σαρωνὶς
1742 3936 2001 3997 θάλασσα.
2036 3931 2169 3996 Ὀτι
2206 3935 2261 3996 δὲ

616 4042 672 4082 ιο
698 4021 902 4105 Ἐφύρα
938 4027 973 4097 ἡ
1022 4021 1271 4103 Κόρινθος
1312 4023 1555 4102 λέγεται,
1589 4024 1681 4083 καὶ
1720 4025 1799 4083 ὅτι
1830 4025 1920 4084 καὶ
1960 4025 2116 4084 ἄλλαι
2160 4023 2260 4084 εἰσὶ

2371 775 2587 830 urbibus
2626 775 2782 832 fuisse
2819 775 3012 832 dicitur
3044 780 3332 846 Laconica,
3369 780 3527 834 sicuti
3565 783 3724 836 ctiam
3759 783 3932 840 Creta.

2368 859 2628 929 Quocirca
2639 858 2712 914 ibi
2733 860 2888 914 etiam
2904 860 3264 917 Ecoetombaea
3279 861 3348 916 ad
3369 863 3588 918 urbium
3609 864 3832 921 totidem
3851 886 3932 923 sa-

2369 943 2528 999 lutem
2545 943 2984 1000 sacrificabantur.
3009 948 3130 1002 Una
3149 947 3339 1001 barum
3364 947 3613 1020 Amyclae,
3632 966 3762 1021 quas
3775 953 3938 1025 Amy·

2369 1031 2471 1086 clas
2496 1029 2881 1087 Lacedaemonis
2907 1031 3044 1087 filius
3065 1031 3326 1090 condidit.
3356 1032 3642 1088 Sciendum
3675 1051 3840 1108 porro
3855 1045 3934 1090 est

2369 1126 2536 1188 Argos
2561 1117 2718 1171 totius
2747 1116 2871 1171 olim
2908 1117 3121 1172 Graeciae
3161 1116 3388 1172 urbibus
3413 1117 3748 1190 prostitisse,
3773 1118 3936 1192 idque

2374 1199 2596 1254 maxime
2611 1209 2824 1271 propter
2837 1199 3030 1254 civium
3043 1199 3411 1254 fortitudinem
3424 1220 3439 1266 ς
3460 1199 3754 1256 secundum
3772 1203 3937 1258 Hero-

2369 1283 2554 1338 dotum
2569 1283 2646 1353 (3,
2663 1283 2784 1353 131)
2797 1301 2919 1338 vero
2937 1285 3090 1339 etiam
3121 1286 3308 1340 musici
3335 1283 3605 1358 quondam
3625 1287 3934 1343 Graecorum

2368 1365 2604 1439 primarii
2637 1383 2747 1420 esse
2789 1365 3150 1424 credebantur.
3195 1369 3341 1424 Scire
3385 1369 3546 1424 ctiam
3579 1379 3790 1442 oportet
3817 1388 3928 1426 non

2369 1468 2538 1505 unum
2563 1467 2672 1504 esse
2704 1453 2903 1522 Argos,
2933 1451 3022 1506 sed
3055 1452 3262 1507 diversa
3304 1452 3419 1524 ejus
3443 1454 3676 1508 nominis
3713 1453 3929 1526 oppida.

2335 1537 2450 1592 .Ex
2497 1535 2579 1590 his
2623 1553 2748 1590 vcro
2791 1541 2957 1607 Argos
2999 1537 3344 1609 Peloponnesi
3390 1537 3675 1611 Sophocles
3715 1536 3933 1610 quidem

2367 1619 2534 1685 (OEd.
2557 1624 2609 1675 C.
2639 1621 2795 1690 1301)
2818 1621 2978 1692 Argos
3004 1622 3258 1674 Doricum
3281 1631 3463 1688 vocat,
3485 1632 3541 1676 et
3561 1623 3745 1694 Apiam
3761 1624 3932 1693 regio·

2367 1723 2518 1771 nem;
2554 1717 2797 1761 vocatum
2818 1723 2942 1761 vcro
2969 1716 3046 1760 est
3069 1707 3228 1760 etiam
3263 1702 3547 1778 aliquando
3574 1705 3930 1760 Phoronicum

2367 1784 2622 1857 oppidum
2643 1803 2676 1838 a
2693 1785 2970 1840 Phoroneo
2981 1805 2998 1850 ς
3023 1785 3154 1857 quin
3173 1795 3227 1838 et
3249 1802 3444 1838 nomen
3467 1783 3538 1838 illi
3563 1783 3664 1838 suit
3685 1785 3932 1856 AEgialca,

2363 1865 2430 1919 ab
2457 1864 2685 1935 AEgialeo
2699 1863 2957 1938 quodam,
2981 1875 3038 1919 et
3063 1863 3331 1920 ἱππόᾶοτον
3347 1903 3364 1931 ,
3387 1881 3486 1918 nec
3508 1881 3615 1918 non
3632 1866 3806 1919 Iasum
3825 1904 3842 1929 ,
3865 1866 3932 1920 ab

2363 1945 2479 1998 Iaso
2488 1943 2738 2016 quodam,
2753 1953 2806 1998 et
2818 1941 2993 2016 δίψιόν,
3007 1942 3360 2009 siticulosum,
3377 1959 3544 2016 quum
3556 1961 3665 1998 non
3685 1961 3930 2014 magnam

2331 2065 2340 2078 .
2362 2040 2616 2096 aquarum
2647 2022 2853 2096 copiam
2877 2019 3110 2077 haberet.
3137 2022 3240 2077 Sed
3263 2033 3318 2078 et
3338 2021 3700 2077 Thessalicum
3726 2027 3895 2094 Argos
3910 2063 3930 2090 ,

2364 2111 2422 2156 ut
2441 2102 2608 2168 aiunt,
2633 2099 2904 2156 dicebatur
2923 2117 3039 2173 quae
3060 2119 3205 2156 nunc
3226 2101 3463 2167 Larissa3
3479 2111 3532 2156 et
3546 2100 3687 2156 aliud
3711 2120 3893 2156 rursus
3909 2142 3926 2167 ,

2361 2181 2844 2253 Amphilochicum3
2871 2179 3124 2252 denique,
3153 2199 3263 2236 uno
3307 2180 3470 2236 verbo
3487 2220 3503 2246 ,
3531 2198 3700 2254 usque
3723 2180 3794 2236 ad
3829 2199 3932 2236 un-

2359 2259 2530 2316 decim
2557 2261 2668 2316 looe
2695 2270 2890 2314 veteres
2920 2272 3264 2328 enumerant,
3289 2278 3410 2334 quae
3429 2264 3697 2333 Argorum
3715 2263 3932 2318 nomine

2359 2351 2640 2406 voantur-3
2663 2340 2755 2412 qui
2775 2340 2931 2394 etiam
2953 2338 3159 2395 addunt
3191 2342 3370 2396 omnia
3409 2339 3801 2413 propemodum
3817 2341 3930 2397 loca

2357 2419 2663 2492 campestria
2686 2419 2752 2475 ad
2777 2435 2920 2472 mare
2937 2419 3034 2473 sita
3053 2421 3222 2490 Argos
3240 2419 3494 2492 appellata
3510 2416 3689 2474 fuisse.
3711 2422 3782 2475 At
3802 2438 3928 2476 vero

2357 2498 2698 2572 Geographus
2725 2501 2812 2574 (p.
2849 2501 2979 2568 372)
3002 2508 3224 2553 testatur
3241 2499 3577 2562 recentiores,
3596 2501 3928 2573 maximeque

2357 2579 2663 2633 Macedones
2688 2597 2750 2633 ac
2776 2577 3068 2642 Thessalos,
3096 2577 3247 2650 ἄργος
3269 2579 3446 2633 locum
3473 2589 3817 2650 campestrem
3846 2579 3926 2636 di-

2355 2677 2491 2718 cere.
2523 2657 2607 2713 Ad
2629 2657 2740 2712 baec
2763 2668 2872 2711 tota
2899 2655 3287 2729 Peloponnesus
3311 2666 3494 2712 vocata
3521 2666 3600 2710 est
3619 2657 3744 2711 olim
3766 2659 3926 2730 Argos

2354 2736 2421 2792 ab
2459 2744 2604 2809 Argo
2633 2737 2722 2792 illo
2749 2748 2862 2791 toto
2888 2735 3090 2793 oculeo.
3121 2737 3327 2791 Verum
3355 2735 3424 2791 de
3449 2736 3554 2791 hoc
3595 2736 3665 2790 ita
3695 2739 3928 2808 Geogra-

2353 2817 2490 2890 plius
2519 2833 2534 2871 ε
2572 2841 2595 2863 ι
2617 2815 2902 2872 Achaicum
2923 2817 3090 2886 Argos
3118 2825 3174 2869 ct
3201 2825 3312 2869 tota
3338 2815 3730 2887 Peloponnesus
3747 2828 3922 2873 vocata

2353 2905 2429 2949 est
2441 2934 2459 2961 ,
2484 2905 2538 2949 et
2560 2895 2771 2967 proprie
2787 2894 3066 2948 laconica.
3095 2896 3282 2966 Itaque
3299 2892 3448 2966 quod
3467 2893 3669 2948 dictum
3687 2906 3766 2949 est
3782 2895 3924 2966 apud

2352 2978 2567 3031 Poetam
2597 2973 2725 3045 (Od.
2750 2993 2803 3045 γ,
2835 2973 2957 3040 251)
2980 2973 3048 3028 de
3073 2973 3314 3029 Menelao
3346 2991 3361 3029 ε
3395 2999 3418 3021 ι
3440 2978 3526 3030 An
3547 2992 3656 3029 non
3691 2973 3748 3028 in
3780 2980 3924 3046 Argo

2353 3065 2464 3110 erat
2487 3054 2750 3110 Achaico?
2764 3077 2786 3104 ι
2815 3053 2956 3108 idem
2969 3065 3046 3109 cst
3067 3073 3130 3109 ac
3145 3057 3188 3108 si
3206 3053 3424 3110 dixisset
3454 3072 3469 3109 ε
3497 3058 3584 3111 An
3602 3072 3712 3111 non
3732 3065 3846 3109 erat
3863 3057 3918 3110 in

2355 3131 2790 3189 laconica-'Inde
2812 3151 2937 3188 vero
2959 3144 3013 3188 et
3027 3133 3225 3189 Helena
3245 3135 3437 3204 Argiva
3454 3133 3668 3189 dicitur.
3685 3159 3710 3183 ι
3736 3136 3919 3190 Postea

2326 3230 2481 3271 ,vero
2529 3213 2602 3267 ait
2639 3224 2872 3267 vocatam
2912 3213 3034 3266 olim
3079 3211 3498 3285 Peloponnesum
3543 3211 3702 3268 fuisse
3752 3216 3921 3286 Argos

2353 3293 2526 3346 Iasum
2547 3301 2602 3346 et
2622 3291 2926 3356 Achaicum,
2947 3300 3001 3346 et
3017 3291 3188 3346 ἵππιον
3213 3301 3266 3345 et
3285 3291 3575 3348 ἷππόόοτον.
3651 3298 3918 3362 Argorum

2354 3381 2529 3424 autem
2552 3368 2740 3440 gentile
2773 3387 2880 3422 non
2907 3366 3066 3422 modo
3094 3366 3336 3440 Ἁργεῖος,
3367 3380 3430 3423 ut
3455 3379 3654 3424 veteres
3693 3369 3917 3436 docent,

2354 3447 2446 3501 scd
2487 3448 2644 3500 etiam
2694 3446 2957 3518 Ἀργόλας,
2987 3458 3039 3501 et
3076 3449 3225 3517 regio
3266 3450 3376 3519 ipsa
3423 3446 3662 3520 Ἆργολίς.
3707 3447 3812 3504 Sed
3865 3460 3917 3504 et

2353 3543 2520 3581 unum
2546 3525 2812 3599 quoddam
2844 3530 3010 3597 Argos
3041 3529 3256 3600 proprie
3281 3528 3352 3580 ita
3383 3525 3684 3596 Argolicum
3712 3544 3922 3581 nuncu·

2353 3605 2594 3678 pabatur.

2425 3689 2548 3748 4αο.
2585 3685 2768 3738 Isthmi
2797 3683 2932 3737 illius
2954 3682 3406 3756 Peloponnesiaci,
3441 3681 3509 3738 de
3525 3701 3634 3756 quo
3653 3682 3914 3748 diximus,

2353 3769 2512 3826 latera
2536 3771 2872 3826 circumcirca
2910 3788 3030 3824 cum
3071 3769 3282 3823 fremitu
3311 3769 3550 3837 alluunt,
3579 3770 3646 3825 ad
3671 3787 3913 3825 occasum

2353 3875 2498 3913 mare
2529 3857 2783 3931 Ephyrae,
2812 3856 2869 3917 h.
2915 3875 2964 3915 e.
3008 3856 3374 3912 Corinthiacus
3410 3858 3586 3923 sinus,
3624 3856 3693 3912 ad
3737 3867 3916 3912 ortum

2355 3961 2478 3998 vero
2503 3944 2808 4000 Saronicum
2831 3961 2993 3998 mare.
3018 3942 3288 4016 Ephyram
3311 3943 3509 3998 dictam
3535 3945 3702 4016 ipsam
3725 3944 3916 3998 Corin·

2349 4029 2532 4096 thum,
2558 4030 2784 4102 aliasque
2821 4030 2977 4085 etiam
3015 4046 3126 4084 esse
3161 4029 3319 4084 urbes
3349 4028 3509 4101 hujus
3539 4031 3910 4102 cognomines,

692 4113 873 4181 πόλεις
914 4111 1112 4184 ταύτης
1148 4112 1452 4190 ὁμώνυμοι,
1492 4115 1545 4172 ἐν
1574 4115 1681 4179 τοῖς
1708 4115 1780 4180 εἰς
1808 4111 1904 4184 τὴν
1946 4111 2257 4173 Ὀδύσσειαν
2345 4116 2598 4189 scriptum
2633 4127 2712 4169 est
2749 4117 2804 4169 in
2825 4115 3226 4169 Commentariis
3253 4116 3322 4170 ad
3347 4114 3635 4189 Odysscam
3665 4117 3754 4187 (α,
3785 4117 3912 4186 259,

692 4201 1008 4283 γέγραπται.
1044 4200 1348 4279 Σαρωνικὸς
1376 4199 1429 4259 δὲ
1459 4199 1649 4266 κόλπος
1673 4197 1707 4270 ἢ
1737 4199 1841 4258 ἀπὸ
1874 4199 2119 4272 Σάρωνος
2152 4223 2255 4257 πο-
2340 4221 2406 4276 p.
2445 4203 2624 4272 1415).
2653 4202 2928 4256 Saronicus
2955 4211 3128 4255 autem
3164 4203 3312 4256 sinus
3343 4201 3424 4256 vel
3453 4221 3486 4256 a
3507 4203 3733 4268 Sarone,
3761 4203 3914 4256 Τνω-

692 4295 863 4365 ταμοῧ
886 4291 1163 4370 Τροιζῆνος
1191 4288 1541 4364 ε’μὸάλλοντος
1568 4291 1640 4355 εἰς
1670 4289 1842 4358 αὐτὸν,
1870 4287 1901 4360 ἢ
1932 4285 2110 4359 ἐπειδὴ
2142 4287 2254 4348 Σοί·
2343 4294 2482 4348 zenis
2505 4289 2667 4346 fluvio
2688 4293 2742 4345 in
2764 4309 2886 4346 eum
2907 4291 3081 4345 sinum
3111 4289 3414 4357 delabente,
3447 4291 3528 4346 vel
3557 4290 3702 4365 quod
3723 4291 3914 4346 Saron·

1992 4465 2029 4493 Q

692 4525 966 4598 proposuit
984 4525 1195 4578 Tzctm
1208 4522 1449 4594 Exeg.1l.
1469 4539 1525 4594 p.
1549 4522 1637 4590 75,
1658 4521 1751 4575 scd
1764 4524 1960 4593 πρώτην
1989 4523 2251 4592 ignorans.
2295 4531 2306 4595 Ι
2343 4520 2468 4573 πάνυ
2493 4517 2636 4588 ὕδρον
2669 4522 2728 4572 L.
2759 4517 2783 4586 ΙΙ
2805 4547 2877 4557 -
2906 4519 2985 4571 18.
3015 4515 3068 4569 δὲ
3089 4534 3196 4572 om.
3232 4522 3298 4579 1.;
3313 4515 3466 4588 ἄλλο]
3501 4515 3670 4587 Ἀργος
3691 4519 3755 4571 F.
3791 4518 3812 4586 ΙΙ
3840 4547 3910 4558 -

694 4608 873 4672 Quare
894 4621 1003 4657 nou
1026 4600 1377 4656 dubitandum
1396 4601 1525 4672 quin
1545 4602 1713 4671 πρώην
1731 4601 1799 4653 sit
1822 4599 2203 4672 reponendum.
2226 4625 2248 4646 ι

700 4683 725 4754 ΙΙ
764 4713 845 4724 -
874 4683 926 4736 3.
946 4681 979 4748 ἡ
1007 4682 1325 4753 Λακεδαιμὼν
1348 4683 1413 4735 F.
1446 4681 1469 4751 ΙΙ
1494 4711 1565 4722 -
1590 4679 1641 4734 5.
1674 4680 1919 4732 τοσούτων
1946 4697 2056 4733 om.
2083 4684 2150 4741 L‚·
2173 4678 2257 4732 zui.

692 4762 747 4816 αἱ
782 4759 887 4834 up..
930 4760 989 4817 d.
1022 4762 1046 4832 ΙΙ
1071 4791 1144 4802 -
1170 4777 1222 4829 7.
1250 4764 1348 4813 τῶν
1379 4776 1489 4814 om.
1522 4763 1589 4820 C,·
1616 4759 1760 4829 χώρα
1796 4777 1906 4812 om.
1944 4761 2006 4811 U.
2046 4759 2068 4828 ΙΙ
2099 4787 2173 4800 --
2197 4777 2250 4827 9.

691 4847 792 4898 τῶν
830 4859 937 4897 om.
970 4845 1023 4896 C.
1048 4840 1133 4894 τὸν
1170 4857 1278 4894 om.
1319 4838 1425 4895 Ed.
1460 4839 1481 4904 ss
1514 4868 1585 4878 —
1624 4855 1708 4893 10.
1740 4843 1921 4909 πρῶτοι
1944 4837 2076 4891 εἶναι
2106 4835 2252 4894 qm.

690 4926 773 4979 M.
804 4923 926 4994 11-
958 4937 1041 4975 11.
1066 4920 1126 4974 τό
1154 4919 1239 4991 τε]
1273 4920 1397 4972 Haec
1418 4917 1671 4971 laborant.
1704 4921 1786 4972 An
1820 4917 1889 4969 Τὸ
1916 4917 1969 4970 δὲ
2006 4915 2130 4969 κατὰ
2166 4915 2254 4982 τὴν

689 4999 844 5055 Πελ.Ρ
860 4999 889 5052 ὁ
914 4997 1003 5071 μὲν
1027 4997 1310 5068 Σοφοκλῆςῖ
1332 4995 1420 5063 τὴν
1448 4995 1627 5049 addidi
1656 5014 1719 5049 ex
1749 5001 1809 5050 L.
1834 4997 1949 5066 11-
1973 5013 2057 5049 12.
2088 4995 2255 5066 Ἀργοι

690 5081 743 5138 C,
762 5081 909 5132 etsie
928 5081 1087 5132 etiam
1114 5077 1207 5132 lin.
1226 5092 1315 5133 20.
1348 5078 1371 5146 l}
1391 5107 1463 5118 —
1482 5080 1565 5139 14.
1586 5076 1857 5146 Φορωνέως
1878 5076 2008 5136 τινός
2030 5077 2140 5131 EN
2141 5097 2159 5135 ,·
2175 5073 2256 5126 ναὶ

689 5161 787 5212 EF
788 5161 908 5212 MN
913 5161 977 5219 U.
1012 5157 1097 5210 καὶ
1120 5156 1235 5219 alii;
1262 5155 1430 5207 Ἴασον
1456 5157 1735 5216 mmm,
1780 5153 1941 5216 Ἴασος
1966 5173 1997 5208 c
2032 5151 2253 5206 Berkclii

682 5233 822 5305 conj.
855 5235 1249 5308 Bernhardyus.
1282 5233 1440 5305 Apud
1479 5232 1817 5305 Stephanum.
1847 5251 1897 5286 ν.
1935 5231 2130 5304 Ἄργος,
2159 5231 2251 5284 ubi

2343 4597 2393 4652 oi
2409 4597 2614 4652 παλαιοὶ
2629 4615 2736 4650 om.
2763 4600 2817 4650 C.
2846 4597 2867 4666 ss
2891 4625 2963 4638 -
2984 4596 3072 4652 23.
3093 4595 3126 4662 ἡ
3149 4613 3260 4649 om.
3286 4601 3356 4651 D.
3383 4597 3408 4666 ΙΙ
3433 4625 3506 4639 -
3524 4597 3614 4651 25.
3639 4595 3768 4649 οὕτω
3794 4608 3912 4668 post

2342 4696 2486 4748 φησιν
2507 4685 2714 4749 ponunt
2744 4677 2856 4738 m),-
2877 4675 2953 4729 ὅτι
2978 4685 3098 4748 post
3114 4694 3260 4747 φησιν
3289 4675 3511 4729 inseruit
3533 4674 3753 4739 Bernh.,
3777 4691 3910 4746 quo·

2344 4757 2486 4810 niam
2505 4754 2772 4826 sequentia
2794 4770 2902 4807 non
2921 4755 3026 4806 sint
3043 4753 3154 4826 ipsa
3172 4752 3332 4807 verba
3353 4753 3646 4808 Strabonis.
3676 4755 3699 4825 ΙΙ
3726 4784 3800 4796 -
3816 4771 3906 4827 27.

2343 4835 2401 4890 τὸ
2423 4839 2545 4908 γοῦν
2659 4833 2711 4888 ἐν
2732 4835 3076 4906 τῇΛακωνικῇ
3097 4851 3206 4888 om.
3243 4837 3306 4888 Y.
3336 4834 3359 4904 ΙΙ
3387 4863 3463 4876 -
3485 4835 3574 4889 31.
3599 4833 3810 4906 ’Ἄργους
3849 4839 3903 4890 C.

2349 4915 2372 4985 ss
2402 4945 2476 4957 —
2495 4915 2584 4969 32.
2610 4913 2667 4967 rb
2693 4911 2746 4967 δὲ
2766 4915 2852 4968 τοῦ
2876 4911 3039 4975 ἔθνους
3067 4911 3263 4985 Ἄργους
3288 4915 3343 4968 C.
3373 4913 3396 4983 ss
3418 4943 3492 4955 —
3513 4913 3604 4976 34.
3627 4914 3698 4986 τι]
3723 4912 3781 4967 τὸ
3813 4917 3907 4977 CI,-

2343 4993 2426 5047 καὶ
2451 4992 2580 5055 ἰδίως
2603 4991 2771 5064 Ἄργος
2792 4991 2942 5054 οὕτως
2972 4989 3252 5063 Ἀργολικὸν
3288 4994 3353 5046 U.
3386 4993 3408 5062 ΙΙ
3431 5023 3507 5034 —-
3529 4993 3618 5048 38.
3655 4993 3906 5064 Κορίνθιος

2342 5072 2449 5128 Ed.
2497 5074 2519 5143 ΙΙ
2563 5100 2636 5114 --
2667 5077 2755 5137 4ο.
2801 5071 2880 5125 ὅτι
2915 5070 3064 5123 ἄλλαι
3092 5069 3150 5127 d.
3193 5072 3214 5142 ΙΙ
3254 5101 3328 5113 -
3363 5075 3454 5134 49.
3495 5071 3548 5126 δὲ
3586 5072 3734 5134 τόπος
3787 5071 3904 5125 κόλ-

2341 5171 2430 5214 πος
2459 5155 2516 5206 C.
2543 5151 2698 5222 Apud
2723 5150 2970 5223 Stephan-
3009 5150 3199 5220 lcgitur
3243 5167 3258 5203 ι
3299 5151 3494 5221 Σάρων,
3525 5151 3672 5212 τόπος
3697 5151 3904 5220 Τροιζῆ·

2342 5250 2449 5295 νος,
2490 5229 2579 5283 uhi
2605 5229 2818 5300 ποταμὸς
2844 5247 2910 5282 ex
2939 5229 3216 5284 Eustathio
3243 5229 3340 5300 legi
3365 5229 3532 5284 voluit
3558 5229 3900 5286 Hoeschelius.

678 5311 839 5367 codd.
876 5312 1044 5375 Ἴασος
1070 5313 1333 5384 praebent,
1359 5311 1525 5365 Ἴασον
1548 5313 1780 5383 reposuit
1812 5311 1975 5366 Mein.
2012 5313 2039 5382 ΙῙ
2062 5341 2135 5352 -
2164 5327 2248 5380 17.
2348 5309 2467 5380 ΙΙ-
2502 5309 2592 5374 43.
2624 5308 2946 5371 ἒκὸάλλοντος
2988 5307 3170 5374 codd„
3209 5329 3324 5363 cxc.
3351 5307 3444 5364 Off.
3469 5311 3597 5363 Mox
3629 5310 3820 5362 διώκων
3843 5307 3896 5365 d.
