4584 6284
1823 530 2179 595 ANAPLUS
2221 528 2540 593 Bospolu
2585 531 2928 593 THRACH.

742 673 891 733 Juxta
914 666 1235 736 Bosporum,
1266 662 1525 735 conjicere
1548 662 1668 717 licet
1694 681 1758 717 ex
1784 681 1869 730 co,
1902 662 2045 735 quod
2074 660 2318 733 Orpheus

744 747 873 805 dicit
899 753 1229 822 Argonautas
1259 768 1323 805 ex
1352 767 1416 805 eo
1444 748 1657 804 solvisse
1694 750 1833 805 circa
1859 748 2133 805 meridiem
2161 758 2315 803 vento

743 834 1001 891 secundo.
1060 835 1311 891 Similiter
1338 835 1647 909 Apollonius
1672 837 1745 891 ait
1760 854 1825 892 cx
1842 838 1941 893 Cio
1956 836 2215 893 solventes
2236 845 2316 890 to-

745 934 861 979 tum
893 923 1039 979 diem
1060 936 1113 979 et
1142 934 1307 979 totam
1335 935 1545 1005 noctem
1579 924 1811 980 secundo
1843 937 2001 981 vento
2029 936 2081 981 et
2102 926 2316 998 copioso

745 1022 921 1068 vectos
946 1012 1125 1079 fuisse,
1148 1010 1404 1087 postridie
1429 1030 1583 1069 mane
1604 1022 1762 1069 vento
1788 1022 2019 1069 cessante
2046 1030 2314 1071 remorum

743 1100 799 1155 vi
836 1100 1103 1175 appulisse
1140 1118 1330 1155 navem
1376 1099 1443 1155 ad
1482 1118 1606 1155 eum
1644 1100 1815 1155 locum
1830 1140 1846 1167 ,
1895 1100 1986 1155 ubi
2026 1112 2159 1155 esset
2196 1100 2314 1156 aula

745 1188 935 1261 Amyci
949 1227 966 1254 ,
1005 1187 1101 1243 ubi
1130 1186 1315 1243 Pollux
1352 1206 1413 1243 cx
1452 1188 1823 1260 provocatione
1863 1188 1985 1243 vicit
2026 1191 2308 1261 Amycum.

745 1277 865 1330 Jam
894 1291 1023 1329 vero
1048 1292 1077 1328 a
1100 1272 1321 1331 meridie
1343 1272 1411 1330 ad
1435 1285 1703 1349 posterum
1732 1273 1873 1331 diem
1902 1286 2057 1331 vento
2079 1275 2313 1331 secundo

748 1380 873 1417 usos
904 1362 1161 1418 conficere
1182 1364 1411 1438 potuisse
1449 1362 1671 1437 amplius
1706 1375 1917 1419 centum
1948 1362 2171 1418 miliaria
2200 1366 2309 1419 exi-

748 1451 907 1506 stimo
943 1468 1011 1505 ex
1032 1468 1147 1506 mea
1176 1450 1527 1523 navigatione,
1557 1466 1663 1523 qua
1702 1449 1839 1505 intra
1867 1450 2051 1523 viginti
2082 1460 2312 1524 quatuor

738 1536 909 1616 ‚horas
933 1554 967 1593 a
1008 1546 1187 1593 monte
1216 1535 1575 1609 Arganthonio
1588 1576 1605 1605 ,
1629 1537 1895 1593 eminente
1930 1554 2093 1611 supra
2128 1537 2305 1593 sinum

750 1624 1013 1679 Cioticum
1026 1665 1045 1693 ,
1072 1626 1281 1698 perveni
1300 1624 1367 1679 ad
1387 1626 1683 1699 Bosporum
1708 1624 1990 1680 distantem
2013 1642 2047 1679 a
2070 1624 2168 1679 Cio
2192 1624 2310 1698 plus

748 1722 959 1767 centum
984 1712 1221 1769 miliaria.
1295 1712 1393 1768 Vel
1416 1732 1479 1767 ex
1506 1713 1590 1770 his
1613 1711 1893 1769 verisimile
1916 1710 2085 1767 videri
2110 1724 2305 1787 posset,

748 1799 916 1855 aulam
942 1802 1123 1874 Amyci
1150 1800 1207 1857 in
1232 1803 1468 1873 Bosporo
1500 1803 1679 1875 potius
1704 1819 1863 1876 quam
1886 1801 1943 1857 in
1986 1802 2310 1875 Propontide

748 1888 929 1957 fuisse,
970 1890 1169 1945 etiamsi
1205 1889 1347 1945 nulla
1389 1902 1561 1947 essent
1599 1890 1861 1967 apertiora
1894 1902 2205 1963 argumenta
2241 1892 2308 1947 ad

742 1976 1072 2049 probandum
1098 1976 1269 2033 aulam
1302 1978 1486 2052 Amyci
1521 1996 1633 2033 esse
1654 1977 1807 2051 juxta
1844 1980 2163 2051 Bosporum.
2238 1983 2311 2035 At

741 2060 837 2117 alia
866 2063 1127 2136 permulta
1164 2064 1389 2119 certiora
1427 2074 1577 2131 sunt,
1626 2081 1857 2137 quorum
1880 2082 2003 2119 cum
2036 2063 2137 2119 alia
2172 2082 2308 2120 non-

739 2148 877 2205 nulla
902 2168 967 2205 ex
995 2150 1277 2223 Apollonio
1304 2150 1547 2221 colligere
1573 2168 1851 2225 possumus
1868 2190 1884 2217 ,
1916 2162 2029 2205 tum
2051 2149 2205 2222 juxta
2231 2150 2310 2206 lo-

738 2264 889 2313 cum,
946 2247 1044 2302 ubi
1096 2246 1401 2303 interfectus
1432 2258 1511 2303 est
1562 2251 1821 2321 Amycus,
1888 2247 2049 2303 fuisse
2112 2239 2307 2313 νεάτην

740 2326 941 2409 δάφνην
982 2350 999 2387 2
1042 2354 1203 2409 quam
1264 2354 1375 2392 non
1412 2336 1752 2411 Apollonium
1796 2340 1885 2405 (2,
1928 2335 2065 2409 166)
2108 2338 2310 2410 poetice

738 2421 952 2477 finxisse
966 2462 982 2490 ,
1022 2422 1115 2479 sed
1158 2441 1339 2479 revera
1375 2424 1431 2478 in
1458 2424 1563 2479 hoc
1606 2422 1724 2479 loco
1754 2422 1911 2477 fuisse
1936 2440 2272 2497 permagnam
2289 2464 2306 2489 ,

741 2529 809 2566 ex
865 2510 1123 2567 Androeta
1161 2511 1398 2567 Tenedio
1449 2522 1503 2567 et
1564 2510 1889 2584 Apollodoro
1947 2510 2087 2566 infra
2138 2522 2311 2567 osten·

741 2596 887 2653 dam.
960 2600 1093 2653 Eam
1132 2598 1329 2672 posteri
1370 2598 1695 2673 appellarunt
1745 2600 1983 2653 Laurum
2016 2600 2306 2677 jusanam,

740 2684 833 2741 ubi
858 2684 1059 2742 Plinius
1085 2684 1216 2740 dicit
1232 2682 1621 2758 fuisseportum
1644 2685 1847 2758 Amyci,
1873 2702 2033 2757 quem
2057 2686 2312 2739 Arrianus

740 2772 1015 2847 appellavit
1039 2784 1257 2847 portum
1275 2775 1481 2829 Laurus
1500 2775 1725 2841 Insanae,
1747 2790 1977 2845 eumque
2004 2772 2169 2827 tradit
2189 2791 2315 2845 qua·

744 2862 979 2935 draginta
1009 2862 1177 2919 stadia
1212 2860 1407 2917 distare
1442 2881 1475 2918 a
1504 2864 1653 2917 Fano
1678 2862 1823 2918 sevis
1862 2862 1979 2917 Urii
1997 2901 2013 2928 ,
2044 2864 2310 2935 octoginta

746 2949 801 3013 ὼ
842 2950 981 3005 urbe
1018 2949 1292 3023 Byzantio.
1365 2950 1448 3004 Ex
1492 2948 1577 3003 his
1624 2947 1963 3005 manifestum
2010 2958 2089 3002 est
2134 2949 2308 3005 aulam

740 3038 921 3110 Amyci
964 3036 1122 3092 fuisse
1164 3038 1221 3091 in
1255 3036 1434 3093 medio
1472 3038 1713 3110 Bosporo
1726 3080 1743 3101 ‚
1798 3036 2077 3110 aulamque
2120 3036 2308 3092 Phinei

732 3124 891 3183 inisse
912 3127 1053 3180 inter
1068 3124 1303 3181 medium
1320 3127 1617 3199 Bosporum
1638 3136 1692 3181 et
1712 3126 1945 3197 Cyaneas
1962 3140 1978 3179 ε
2003 3122 2099 3179 sed
2120 3126 2178 3179 in
2195 3142 2307 3197 quo

730 3210 881 3278 loco,
910 3230 1055 3268 nunc
1084 3210 1443 3285 conjiciamus.
1517 3214 1664 3267 Vero
1690 3212 1999 3284 proximum
2036 3223 2143 3277 cst,
2174 3230 2300 3267 cum

733 3300 963 3355 Phineus
982 3299 1201 3356 liaberet
1221 3318 1399 3372 greges
1418 3300 1585 3356 boum
1610 3310 1665 3355 et
1686 3300 1869 3355 ovium
1898 3316 2267 3372 equorumque
2283 3340 2300 3367 ,

734 3406 934 3463 rexque
971 3400 1105 3445 esset
1142 3389 1411 3456 Thraciae,
1454 3388 1717 3445 habitasse
1752 3405 1922 3461 prope
1962 3387 2180 3443 flumen.
2256 3390 2304 3443 A

736 3476 915 3532 medio
930 3478 1169 3551 Bosporo
1184 3477 1241 3531 in
1260 3478 1471 3551 Europa
1492 3476 1561 3531 ad
1580 3478 1811 3549 Cyaneas
1828 3476 2031 3549 primus
2053 3485 2132 3530 est
2146 3475 2308 3529 Phar-

735 3564 935 3620 macius
956 3564 1175 3631 fluvius,
1220 3565 1349 3619 situs
1391 3574 1574 3620 contra
1600 3574 1815 3639 portum
1844 3562 2031 3636 Amyci
2049 3602 2067 3629 ,
2110 3562 2169 3617 in
2193 3579 2304 3633 quo

734 3670 847 3710 non
860 3651 1017 3709 fuisse
1030 3653 1309 3722 Phineum,
1330 3671 1451 3709 cum
1470 3653 1678 3727 excepit
1696 3654 1964 3716 Jasonem,
1980 3652 2207 3725 Bospori
2226 3651 2298 3706 la-

736 3739 911 3796 titudo
936 3738 1183 3810 ostendit,
1213 3758 1329 3813 quae
1353 3740 1499 3796 haud
1530 3738 1787 3796 excedens
1810 3738 2040 3805 miliare,
2086 3754 2197 3791 non
2227 3747 2304 3792 te·

736 3825 938 3881 unisset
972 3828 1391 3899 Argonautarum
1432 3824 1710 3898 trajectum
1752 3834 1959 3879 tantum
2012 3825 2266 3897 temporis
2283 3865 2298 3887 ,

736 3924 999 3987 quantum
1016 3915 1261 3989 Orpheus
1283 3926 1337 3970 et
1360 3914 1669 3989 Apollonius
1686 3912 1903 3969 tradunt
1920 3912 2304 3986 consumpsisse

736 4001 807 4057 ab
830 4001 951 4056 aula
984 4002 1173 4075 Amyci
1196 4000 1267 4057 ad
1298 4000 1465 4057 aulam
1493 4000 1700 4057 Phinei.
1772 4000 2033 4073 Deinceps
2066 4000 2305 4071 sequitur

733 4088 1087 4164 Bathycolpus
1108 4090 1329 4157 fluvius,
1354 4088 1447 4144 ubi
1473 4088 1594 4144 aula
1616 4087 1805 4144 Phinei
1830 4086 1991 4143 fuisse
2020 4105 2130 4142 non
2157 4085 2303 4141 vide-

732 4188 823 4234 tur
842 4196 909 4233 et
928 4177 1031 4234 loci
1054 4178 1348 4235 intervallo.
1407 4177 1501 4233 Ille
1522 4178 1667 4233 enim
1693 4174 1850 4231 distat
1874 4195 1907 4232 a
1932 4186 2094 4250 portu
2119 4178 2306 4249 Amyci

731 4266 941 4321 circiter
962 4264 1063 4319 tria
1082 4264 1333 4332 miliaria3
1358 4282 1468 4319 non
1482 4264 1625 4318 enim
1644 4264 1955 4336 Argonauta
1971 4261 2112 4318 diem
2134 4279 2305 4317 unum

730 4353 1179 4427 consumpsissent
1194 4354 1253 4408 in
1278 4353 1383 4408 tria
1402 4353 1631 4408 miliaria
1646 4350 1995 4409 conficienda.
2036 4353 2213 4407 Restat
2242 4362 2302 4406 ut

731 4440 1006 4518 Scletrinas
1016 4451 1110 4497 aut
1128 4438 1431 4515 Myrleanus
1451 4438 1701 4496 habuerit
1721 4438 1944 4495 domum
1965 4438 2153 4495 Phinei
2169 4460 2185 4506 ;
2212 4437 2306 4493 sed

734 4530 1119 4597 utet-habuerit,
1135 4548 1201 4586 ex
1213 4528 1297 4585 his
1314 4546 1431 4604 que
1442 4546 1571 4585 mox
1584 4526 1803 4583 afferam
1818 4524 2083 4599 conjicias.
2098 4524 2302 4581 Scletri-

735 4635 829 4674 nas
838 4618 1082 4675 habuisse
1090 4616 1299 4673 videtur
1316 4634 1380 4673 ex
1391 4614 1651 4691 Apollonii
1671 4612 1926 4681 versibus,
1940 4613 2156 4687 quibus,
2182 4629 2304 4667 cum

3899 546 3974 600 68

2407 661 2542 717 infra
2571 662 2842 719 ostendam
2869 680 2982 717 esse
3011 664 3066 715 in
3097 679 3162 717 eo
3189 662 3332 727 loco,
3363 662 3452 717 ubi
3481 674 3560 717 cst
3591 664 3796 719 Fanum
3829 667 3976 723 Jovis

2403 751 2520 805 Un'i
2538 789 2554 816 ‚
2583 750 2668 803 cui
2697 748 2916 805 domum
2944 749 3132 804 Phinei
3159 749 3514 822 propinquam
3539 748 3698 806 fuisse
3721 752 3974 809 antedicti

2403 836 2666 911 Apollonii
2691 855 2870 893 versus
2896 836 3191 909 designant.
3266 836 3400 893 Inde
3427 836 3696 911 adjungit,
3721 851 3783 895 ut
3807 860 3874 897 ex
3908 860 3976 899 eo

2403 923 2536 989 loco,
2559 923 2650 979 ubi
2675 926 2878 979 Fanum
2898 934 2995 989 est,
3015 924 3274 979 solventes
3299 927 3612 997 navigarunt
3627 926 3698 983 ad
3719 929 3970 1003 Cyaneas.

2401 1013 2830 1068 Promontorium
2861 1012 2990 1067 Fani
3012 1022 3092 1067 est
3127 1012 3291 1085 magis
3330 1013 3468 1067 intra
3493 1014 3790 1087 Bosporum
3815 1035 3972 1091 quam

2399 1100 2698 1173 Myrleanus
2727 1101 2917 1157 fluvius
2945 1099 3157 1156 duobus
3185 1100 3495 1156 miliaribus.
3569 1104 3756 1177 Itaque
3783 1104 3828 1159 si
3854 1106 3974 1161 aula

2399 1188 2584 1245 Phinei
2612 1187 2711 1244 suit
2746 1186 2814 1243 ad
2851 1186 3182 1261 Myrleanum
3196 1226 3212 1253 ,
3255 1187 3495 1259 oportuit
3531 1191 3862 1259 Argonautas
3889 1210 3971 1246 re·

2399 1274 2668 1331 trocedere
2688 1274 2798 1331 duo
2817 1274 3058 1330 miliaria.
3133 1272 3238 1329 Sed
3257 1271 3317 1329 id
3335 1272 3462 1329 ferri
3499 1284 3700 1347 potest3
3731 1294 3854 1331 nam
3885 1294 3972 1333 va·

2399 1365 2466 1417 tis
2490 1363 2676 1421 Phinei
2703 1364 2948 1419 vaticinio
2989 1360 3120 1418 illud
3149 1360 3406 1435 templum
3431 1362 3732 1417 excitarunt
3771 1362 3974 1419 duode-

2397 1454 2502 1507 cim
2525 1450 2656 1521 diis;
2685 1451 3122 1524 verisimiliusque
3147 1450 3354 1507 videtur
3381 1452 3556 1507 aulam
3591 1452 3780 1507 Phinei
3813 1452 3972 1509 fuisse

2395 1556 2562 1613 prope
2590 1538 2916 1613 Myrleannm
2945 1538 3166 1593 fluvium
3180 1578 3201 1609 ,
3227 1538 3320 1593 ubi
3350 1538 3453 1593 suit
3473 1538 3784 1612 Gypopolis,
3810 1558 3970 1613 quam

2395 1645 2561 1703 prope
2593 1628 2926 1693 Seleu-inam,
2969 1646 3036 1683 ex
3071 1627 3313 1701 Orpheo,
3353 1646 3476 1683 cum
3508 1628 3583 1683 ait
3608 1631 3968 1701 Argonautas,

2395 1726 2672 1787 postquam
2707 1715 3037 1789 reliquissent
3076 1714 3248 1769 aulam
3270 1714 3478 1781 Phinei,
3520 1732 3682 1788 supra
3724 1732 3968 1787 magnam

2397 1799 2594 1855 undam
2639 1802 2794 1857 maris
2833 1802 3108 1855 accessisse
3137 1818 3302 1873 prope
3351 1800 3612 1873 Cyanen-‘23
3647 1800 3743 1855 sed
3779 1800 3968 1857 clarius

2396 1908 2462 1945 ex
2504 1890 2783 1963 Apollonio
2798 1930 2815 1957 ,
2845 1888 2986 1963 apud
3018 1906 3180 1962 quem
3211 1888 3444 1945 Phineus
3482 1888 3756 1945 dimittens
3796 1892 3966 1963 Argo-

2398 1989 2616 2033 nautas:
2645 2002 2668 2025 «
2691 1981 2735 2034 A
2755 1996 2860 2043 me,
2890 1977 3084 2049 inquit,
3111 1976 3438 2031 discedentes
3463 1978 3862 2050 quamprimum
3885 1981 3965 2033 vi-

2396 2063 2588 2120 debitis
2615 2066 2843 2137 Cyaneas
2869 2090 2892 2112 ι
2921 2105 2938 2131 ,
2967 2081 3032 2118 ex
3053 2064 3245 2136 quibus
3266 2064 3505 2137 oportuit
3526 2061 3748 2118 domum
3777 2064 3964 2120 Phinei

2397 2155 2741 2228 propinquam
2769 2171 2880 2208 esse
2915 2152 3156 2225 Cyaneis.·
3231 2150 3412 2218 Adde,
3443 2150 3590 2223 quod
3631 2151 3804 2207 aulam
3838 2152 3964 2208 Phi·

2399 2242 2482 2297 nei
2521 2241 2650 2297 dicit
2676 2242 2920 2315 Orpheus
2955 2239 3115 2295 fnisse
3145 2238 3237 2294 ubi
3273 2241 3551 2294 exoecavit
3587 2238 3740 2307 filios,
3769 2258 3964 2314 eosque

2399 2330 2452 2383 in
2482 2342 2654 2402 petras
2679 2329 2966 2383 eminentes
2993 2324 3232 2401 projecit.
3291 2327 3370 2379 Ex
3395 2325 3588 2399 quibus
3617 2324 3826 2381 videtur
3847 2330 3964 2383 aula

2397 2416 2582 2471 Phinei
2616 2417 2962 2488 propinquior
2987 2412 3259 2485 Myrleano
3293 2430 3454 2485 quam
3481 2411 3748 2467 Scletrinae
3767 2454 3783 2479 ,
3817 2414 3964 2487 quod

2397 2502 2536 2555 circa
2561 2500 2888 2573 Myrleanum
2913 2516 3071 2571 rupes
3097 2509 3220 2553 sunt
3243 2498 3534 2552 eminentes
3549 2508 3604 2553 et
3635 2500 3928 2572 praecipites
3943 2540 3959 2566 ,

2399 2586 2714 2661 frequentari
2741 2586 2904 2639 solitae
2927 2584 3220 2640 vulturibus
3243 2595 3296 2637 et
3317 2583 3490 2638 corvis
3522 2582 3828 2657 milvisque‚
3859 2584 3964 2640 hoc.

2395 2685 2494 2742 est,
2507 2674 2733 2747 harpyiis
2755 2673 3028 2746 rapacibus
3047 2674 3134 2743 (In
3150 2672 3416 2726 contrario
3439 2670 3614 2726 littore
3623 2681 3702 2726 est
3715 2690 3965 2745 promon-

2399 2765 2593 2819 torium
2611 2802 2626 2830 ,
2645 2760 2790 2836 quod
2813 2762 3096 2835 Dionysius
3113 2760 3395 2833 Byzantius
3413 2758 3636 2833 appellat
3649 2761 3926 2817 Coracium
3943 2803 3958 2830 ‚

2397 2855 2454 2909 in
2480 2853 2617 2908 hanc
2638 2851 2779 2906 diem
2809 2868 3004 2905 nomen
3045 2850 3341 2918 retinens.);
3369 2858 3622 2922 praeterea
3651 2848 3799 2921 quod
3823 2850 3962 2905 nulla

2397 2958 2518 3016 pars
2535 2938 2756 3014 Bospori
2773 2955 2932 3011 quam
2955 2956 3016 2991 ea
3033 2953 3150 3009 quae
3165 2945 3242 2991 est
3255 2936 3396 2990 circa
3406 2933 3688 3008 Myrelium
3712 2946 3766 2990 et
3786 2937 3965 3009 Gypo-

2394 3030 2560 3103 polim
2577 3038 2758 3083 ventos
2771 3026 3059 3100 rapidiores
3077 3025 3233 3081 habet
3258 3042 3272 3079 :
3295 3024 3432 3079 venti
3451 3024 3595 3080 enim
3613 3024 3858 3097 Harpyiae
3879 3024 3960 3079 di·

2393 3122 2603 3165 cuntur.
2626 3110 2887 3163 Homerus
2909 3104 3038 3177 (od.
3061 3126 3110 3171 υ,
3129 3109 3195 3160 66
3219 3115 3271 3159 et
3291 3106 3383 3175 77)
3399 3104 3454 3159 in
3482 3106 3795 3177 synonymia
3811 3107 3962 3177 ponit

2393 3190 2610 3256 θυέλλας
2633 3211 2686 3247 τε
2709 3187 2798 3246 καὶ
2824 3186 3044 3266 ἁρπυίας
3068 3183 3184 3244 ἀντὶ
3207 3190 3299 3242 τοῦ
3328 3181 3728 3264 καταιγιδώδεις
3765 3182 3928 3251 πνοάς
3945 3206 3958 3221 ·

2393 3278 2570 3356 τὸμὲν
2597 3276 2703 3337 ἀπὸ
2729 3280 2818 3335 τοῦ
2851 3273 3130 3356 ἁρπάζειν,
3161 3274 3222 3333 τὸ
3253 3270 3308 3331 δὲ
3345 3270 3452 3329 ἀπὸ
3483 3275 3572 3331 τοῦ
3607 3270 3767 3353 Odeis,
3793 3270 3825 3329 8
3851 3273 3960 3330 ἐστι

2394 3364 2528 3445 μετὰ
2551 3362 2664 3445 βίας
2692 3362 2836 3443 ἄγειν
2855 3370 2899 3423 ¹.
2939 3373 3112 3440 Atque
3139 3375 3198 3421 ut
3223 3365 3450 3420 solemus
3480 3366 3740 3437 Harpyias
3780 3356 3962 3438 ἅρπα-

2391 3452 2598 3520 κτικοὺς
2629 3450 2789 3518 κύνας
2815 3456 3101 3531 appellare,
3126 3456 3200 3509 ita
3223 3452 3453 3508 latrones
3491 3469 3704 3525 rapaces
3729 3452 3961 3507 Thraces

2391 3547 2645 3623 Harpyias
2669 3562 2856 3600 vocare
2873 3560 3172 3618 possumus.
3213 3538 3419 3612 Quodsi
3442 3538 3689 3614 Orpheus
3717 3536 3846 3593 dicit
3865 3556 3960 3594 au·

2389 3638 2491 3693 lam
2513 3636 2698 3720 Phiqei
2715 3634 2874 3689 fuisse
2891 3634 2947 3687 in
2968 3632 3129 3699 silvis,
3152 3648 3298 3685 nunc
3330 3627 3548 3701 quidem
3576 3626 3734 3681 nullae
3758 3628 3960 3681 suntin

2388 3724 2676 3798 Myrleano,
2693 3721 2785 3779 sed
2803 3739 2974 3795 neque
2993 3722 3120 3775 item
3134 3720 3188 3773 in
3201 3719 3322 3773 sinu
3337 3716 3666 3783 Pharmacia,
3685 3732 3808 3769 cum
3832 3716 3958 3769 olim

2390 3814 2548 3869 fuisse
2567 3804 2734 3870 densa'
2749 3822 2802 3867 et
2817 3807 3085 3885 profunda
3103 3824 3340 3873 nemora,
3363 3816 3486 3861 ante
3509 3823 3576 3858 ex
3598 3804 3855 3876 Dionysio
3869 3822 3955 3857 ac-

2392 3903 2702 3977 ceperimus.
2777 3898 2879 3955 Sed
2917 3898 2986 3953 de
3005 3897 3089 3953 his
3113 3895 3271 3951 rebus
3298 3906 3408 3950 tam
3434 3892 3664 3965 antiquis
3681 3930 3698 3959 ,
3731 3908 3861 3963 quas
3889 3908 3958 3944 ne

2389 3993 2590 4065 antiqui
2617 3989 2829 4063 quidem
2861 3984 3108 4061 permulti
3141 3984 3298 4039 etiam
3318 3982 3592 4038 literarum
3621 3976 3960 4033 monimentis

2391 4082 2516 4135 clari
2542 4080 2676 4135 bene
2696 4079 2902 4133 novisse
2923 4072 3191 4137 videntur,
3231 4070 3397 4126 cuivis
3419 4068 3681 4123 curiosius
3714 4064 3957 4137 relinquo

2383 4167 2662 4241 judicium.

2771 4312 2976 4367 XXIII.
3024 4312 3098 4363 De
3113 4318 3270 4382 petra
3292 4304 3514 4362 Dotina.

3048 4456 3151 4516 Fr.
3199 4462 3294 4513 ⁵2.

2463 4622 2632 4677 Paulo
2672 4620 2814 4675 ultra
2857 4612 3163 4690 Gypopolim
3221 4610 3436 4682 (inquit
3499 4599 3819 4676 Dionysius)
3879 4612 3960 4656 ese

738 4724 803 4763 ex
827 4706 1057 4781 hospitio
1082 4706 1266 4762 Phinei
1297 4709 1615 4777 Argonautae
1636 4703 1931 4769 solvissent,
1962 4701 2035 4757 ait
2056 4700 2300 4769 (2,531):
2388 4723 2542 4785 pen-a
2569 4706 2768 4763 norim
2805 4701 3103 4765 nominata,
3136 4716 3238 4753 non
3267 4694 3322 4751 iu
3349 4710 3590 4763 mgnum
3627 4688 3793 4743 maris
3827 4686 3955 4742 alti.

870 4824 927 4875 ἐκ
947 4824 998 4875 ἃ
1017 4824 1145 4875 τόθεν
1168 4822 1427 4887 μακάρισσι
1450 4822 1663 4873 δυώδεκα
1685 4819 1988 4885 δωμήσαντες

864 4896 1029 4960 βωμὸν
1052 4894 1160 4953 ἁλὸς
1184 4895 1368 4961 ῥηγμῖνι
1390 4894 1549 4958 πέρην,
1575 4894 1656 4943 καὶ
1681 4892 1751 4955 ἐφ’
1776 4892 1876 4956 ἱερὰ
1894 4890 2045 4946 Θὲντες
2061 4924 2079 4953 ,

862 4969 959 5023 νῆα
982 4964 1091 5026 θοὴν
1110 4964 1331 5023 siccat-m
1349 4964 1595 5029 ἐρεσσέμεν
1616 4982 1631 5013 2

738 5066 843 5124 hoc
887 5078 969 5124 ast
983 5108 1000 5135 ,
1046 5068 1101 5123 in
1138 5066 1313 5124 littore
1351 5065 1589 5122 ulteriore
1627 5082 1777 5119 aram
1811 5073 2079 5119 enzer-unt
2098 5102 2113 5127 ,
2154 5059 2304 5135 quod
2345 5008 2356 5109 l

2395 4795 2626 4850 tudinem
2657 4790 2844 4847 abdita
2858 4830 2874 4855 ,
2905 4806 3061 4862 neque
3085 4802 3251 4859 supra
3291 4798 3484 4855 aquam
3507 4788 3724 4832 exstans
3739 4798 3761 4840 ;
3790 4792 3953 4829 natus

2395 4884 2448 4937 in
2474 4882 2644 4957 ipsam
2673 4876 3050 4954 impinguntur.
3089 4877 3262 4929 Petroe
3289 4888 3470 4925 nomen
3497 4862 3669 4921 ironia
3699 4861 3954 4917 dissimu-

2394 4968 2662 5041 lantiaque
2700 4964 2838 5021 ridet
2877 4960 3238 5031 navigantium
3283 4952 3655 5029 ignorantiam.
3715 4940 3954 5013 Δωτίνην

2393 5069 2583 5114 vocant
2599 5056 2869 5111 Dorienses
2889 5052 2958 5106 ab
2975 5048 3104 5104 aliis
3127 5044 3324 5103 Groecis
3343 5045 3666 5099 nominatam
3689 5038 3904 5113 προῖκα.
3923 5060 3948 5083 ι.

739 5164 3936 5213 ....-.---.-.-..—--------———-—--——-—-------

808 5266 901 5317 Fr.
954 5261 1041 5315 52.
1091 5260 1326 5332 Detinet]
1384 5257 1464 5313 Cf.
1508 5258 1661 5311 Δωτώ
1694 5275 1887 5312 nomen
1924 5253 2165 5311 Nereidis
2201 5272 2287 5325 ap.

2459 5268 2510 5308 1.
2549 5250 2674 5304 Haec
2715 5246 2915 5319 Gyllius
2963 5240 3235 5312 exscripsit
3273 5255 3303 5291 e
3344 5235 3509 5291 schol.
3543 5231 3716 5304 Apoll.
3762 5228 3864 5285 Rh.
3897 5244 3946 5295 1,

740 5344 900 5398 Hom.
930 5340 995 5395 11.
1027 5345 1080 5407 6,
1105 5340 1206 5407 433
1228 5338 1441 5395 Hesiod.
1472 5338 1673 5408 Theog.
1699 5340 1831 5404 2483
1863 5336 2089 5391 Pausan.
2120 5350 2173 5400 α,
2208 5351 2289 5401 17.
2392 5334 2546 5388 1016.
2579 5328 2660 5384 Cf.
2685 5324 2984 5381 Eustathius
3006 5320 3072 5376 ad
3101 5320 3259 5374 Hom.
3291 5334 3348 5390 p.
3385 5317 3541 5381 ¹414,
3574 5312 3664 5367 38.

746 5424 974 5479 Ubinam
998 5421 1153 5477 lateat
1180 5419 1321 5476 istud
1340 5436 1525 5475 saxum
1551 5417 1757 5491 ὕφαλον,
1779 5416 1916 5471 nese·
