4584 6284
697 570 771 624 82
1926 564 2271 627 DlONYSIl
2314 567 2684 629 ΒΥΖΑΝΤΙΙ

673 704 883 776 pha-nm
902 714 923 743 ²
941 746 956 769 ,
984 704 1077 759 ubi
1098 705 1369 761 nominata
1388 710 1593 761 Itu-ana
1623 711 1827 762 Laurus
1854 699 2064 783 [δάφνη
2087 702 2250 785 ψυχό·
2339 704 2566 777 afficiet,
2597 717 2648 760 et
2677 708 2994 763 contumelia
3023 708 3280 785 implebit.
3358 716 3474 768 Hoc
3497 734 3624 771 sane
3647 734 3911 791 expet-ten·

680 784 833 864 νους]
855 828 873 862 ,
904 791 1055 866 apud
1089 811 1247 866 quam
1287 792 1445 848 aium
1484 799 1735 867 Amycum
1765 796 2045 868 Bebrycum
2090 816 2251 868 regem
2342 790 2422 846 1⁸⁰⁰
2448 790 2620 847 didici
2635 833 2652 861 ι
2691 806 2942 849 'mmmm
2981 794 3270 854 fmmftall'
3299 802 3554 856 mmorl'oe
3593 803 3731 873 ”⁸8¹3
3765 803 3914 861 illim

678 877 945 934 habitasse
966 878 1267 955 pugillatus
1279 899 1469 955 pugna
1492 881 1732 937 omnibus
1750 900 1859 935 811ae
1879 884 2059 939 coeatis
2080 886 2248 940 leomi-

676 964 833 1020 m'bus·
850 977 1191 1041 paestanum
1205 1007 1221 1034 ,
1246 966 1355 1022 nisi
1371 986 1407 1021 a
1424 968 1638 1023 Polluce
1672 968 2084 1040 victusfiukset,
2107 972 2253 1027 Ion-is

2340 879 2672 955 iniquitatem
2698 882 2986 939 tmdidisse
3007 904 3074 939 ea:
3098 884 3220 961 ipsa
3245 886 3412 943 laum.

2410 970 2659 1025 Arbitror
2683 984 2916 1028 erratum
2943 974 3132 1029 esseio
3155 976 3440 1049 exemplari
3467 981 3792 1056 Dionysiano
3825 984 3914 1039 ha-

676 1064 727 1108 ee
754 1053 906 1109 Ledce
931 1052 1077 1127 filio.
1151 1055 1251 1110 ule
1279 1055 1417 1111 enim
1464 1055 1519 1111 in
1560 1056 1886 1132 expeditione
1916 1060 2154 1115 Colchica
2184 1079 2250 1115 ex
2337 1056 2493 1113 beute
2517 1049 2641 1111 ἔνθα
2668 1078 2768 1133 pro
2797 1052 2968 1129 ένθεν;
2997 1081 3118 1119 nam
3143 1065 3188 1119 si
3215 1056 3337 1117 ἔνθα
3357 1065 3577 1139 legatur,
3603 1073 3717 1129 vult
3737 1072 3913 1131 dicem

671 1140 1046 1215 provocatione
1062 1141 1306 1207 caristia-i!
1332 1160 1449 1197 cum
1480 1142 1716 1207 Polluce,
1746 1142 1815 1197 ab
1840 1143 2108 1217 eodemque
2133 1146 2250 1200 1²0!-

678 1229 789 1284 Iuce
802 1228 975 1304 periit
992 1269 1009 1296 ,
1036 1249 1315 1305 poenasque
1345 1230 1493 1286 dedit
1526 1250 1580 1286 m
1611 1244 1847 1287 extet-nos
1875 1232 2212 1290 crudelitatis
2228 1276 2243 1299 ,

676 1328 962 1391 exortaque
986 1317 1102 1387 fuit
1123 1318 1315 1393 planta
1345 1318 1493 1374 illins
1540 1317 1757 1374 iusam‘oe
1786 1318 1985 1389 insigne
2008 1320 2249 1376 divinius

678 1422 838 1479 quam
860 1406 1090 1461 harumna
1114 1425 1253 1463 mem
1276 1407 1485 1480 assequi
1506 1421 1679 1481 queat.
1744 1415 1879 1463 Nam
1898 1409 1952 1464 si
1975 1409 2098 1483 quis
2117 1409 2251 1464 lemn:

2336 1145 2684 1222 Nymphaeum
2732 1168 2843 1205 esse
2860 1193 2877 1218 ‚
2925 1152 3018 1207 ubi
3066 1164 3146 1208 cst
3189 1156 3398 1211 Laurus
3444 1157 3658 1227 insana3
3703 1169 3759 1216 at
3802 1164 3912 1215 An-

2336 1233 2530 1291 droetas
2554 1235 2822 1292 Tenedius
2845 1243 2963 1312 (ap.
2988 1239 3164 1295 Schol.
3201 1241 3376 1314 Apoll.
3417 1243 3519 1301 uh.
3550 1261 3617 1314 a,
3653 1246 3821 1318 159.)
3851 1250 3910 1304 in

2335 1322 2540 1396 periplo
2575 1325 2916 1399 Propontidis
2942 1325 3102 1382 tradit
3126 1333 3388 1401 Amycum
3415 1330 3592 1387 locum
3607 1372 3625 1400 ,
3654 1332 3747 1388 ubi
3781 1345 3914 1389 esset

2339 1414 2544 1467 Laurus
2568 1413 2768 1480 insana,
2791 1414 2988 1470 distare
3009 1435 3040 1470 a
3064 1417 3357 1491 Nymphaeo
3382 1419 3736 1477 Chalcedonio
3756 1423 3912 1493 quin·

679 1491 889 1547 laurum
910 1491 1146 1548 intulerit
1170 1493 1223 1549 ιἰι
1237 1493 1551 1562 convivium,
1574 1493 1828 1550 com-ivus
1846 1495 2017 1550 simila·
2042 1495 2251 1550 insania
2280 1510 2287 1546 ι
2337 1515 2442 1570 que
2469 1500 2656 1554 stadia.
2731 1502 2902 1557 Nemo
2927 1501 3189 1569 declarat,
3207 1503 3360 1575 quale
3385 1502 3543 1560 suerit
3559 1506 3908 1581 Nymphaeum

678 1712 748 1753 ao
764 1694 923 1769 pedes
948 1695 1191 1767 longum,
1223 1696 1253 1750 ⁵
1280 1696 1441 1771 pedes
1466 1697 1653 1755 latum.
1684 1699 1901 1751 Veteres
1922 1696 1977 1751 id
2003 1698 2251 1753 habuisse

675 1775 973 1847 sepulcrum
1014 1776 1226 1847 Amyci,
1268 1792 1426 1848 quem
1464 1780 1731 1847 gigantem
1756 1776 2001 1830 Valerius
2035 1777 2248 1831 Flaccus

676 1864 856 1921 vocat,
914 1864 1088 1908 censet
1127 1854 1367 1909 Clarkius
1415 1855 1688 1925 (Trea-eis.
1726 1854 1822 1925 ll).
1854 1853 2005 1910 Idem
2047 1856 2102 1909 in
2148 1855 2250 1909 hoc

674 1945 854 1989 monte
872 1933 997 1989 olim
1020 1934 1293 2007 templum,
1316 1935 1510 1992 lortase
1531 1938 1677 1992 Jovis
1698 1936 1839 2000 Urii,
1863 1934 2023 1990 fuisse
2044 1936 2243 1990 statuit.

744 2032 798 2070 2.
838 2015 1181 2089 NJwqoehoeum
1197 2056 1214 2081 ,
1244 2015 1337 2070 aba·
1357 2017 1634 2072 nominum
1659 2020 1861 2071 Insana
1889 2015 2111 2090 lamus]
2145 2017 2251 2073 Pro

674 2096 767 2150 ubi
783 2094 987 2169 Gyllius
1012 2093 1080 2148 de
1106 2111 1203 2149 suo
1229 2114 1373 2168 penu
1392 2095 1541 2152 dedit
1570 2095 1687 2151 inde
1698 2136 1719 2166 ,
1740 2097 1794 2149 in
1822 2095 2023 2151 Graecis
2050 2112 2149 2169 pro
2173 2093 2251 2149 ἕν·

678 2177 739 2231 θα
751 2214 768 2243 ,
793 2174 940 2248 quod
958 2172 1124 2229 codex
1144 2174 1389 2244 habebat,
1413 2175 1552 2232 ἔνθεν
1575 2174 1859 2249 legendum
1883 2194 1993 2231 oese
2011 2192 2247 2249 censens,

678 2256 929 2327 quoniam
957 2252 1235 2310 Androetas
1262 2257 1424 2310 tradit
1453 2261 1713 2329 Amycum
1751 2254 1955 2321 locum,
2001 2256 2093 2310 ubi
2118 2267 2248 2312 esset

680 2337 885 2391 Laurus
904 2338 1112 2401 Insana,
1134 2353 1165 2389 a
1184 2336 1477 2409 Nymphaeo
1503 2334 1856 2393 Chalcedonio
1874 2334 2068 2391 distare
2091 2335 2245 2408 quin·

678 2434 783 2489 que
808 2413 994 2471 stadia.
1022 2413 1311 2471 Videamus
1328 2434 1445 2489 quae
1466 2435 1551 2471 res
1574 2418 1659 2471 sit.
1685 2415 1993 2489 Apollonius
2010 2413 2247 2469 Rhodius

682 2512 730 2560 1,
770 2495 908 2551 1360
930 2492 1060 2549 dicit
1085 2509 1100 2548 ε
1126 2494 1671 2571 0131(Argonautae)
1699 2494 1880 2568 χθονὸς
1898 2493 2241 2567 εἰσανέχουσαν

683 2576 852 2646 Ἆκτὴν
880 2576 935 2633 ἔκ
961 2578 1168 2635 κόλποιο
1208 2578 1327 2653 μάλ’
1356 2579 1546 2652 εὖρεῗαν
1583 2576 1821 2634 ἐσιδέσθαι
1860 2578 2239 2652 Φρασσάμενοι,

675 2660 894 2733 κώπῃσιν
923 2659 1011 2733 ἅμ’
1052 2658 1205 2734 ἠελίῳ
1236 2658 1517 2716 ἐπέκελσαν.
1558 2657 1753 2713 Ἐνθάδ’
1798 2654 1914 2710 ἔσαν
1943 2656 2157 2731 σταθμοί
2189 2676 2243 2711 τε

677 2738 807 2809 βοῶν
846 2732 985 2803 αὖλίς
1009 2740 1053 2794 τ’
1089 2737 1330 2811 Ἀμύκοιο.
1374 2739 1575 2792 Navem
1617 2735 1891 2807 alligarunt
1933 2735 2001 2789 ad
2033 2734 2241 2789 laurum

672 2836 791 2890 quae
815 2820 869 2874 in
902 2818 1054 2873 litore
1075 2818 1326 2875 exsultat.
1365 2816 1433 2871 Id
1464 2817 1607 2872 enim
1636 2816 1891 2871 docemur
1914 2834 1979 2870 eo
2008 2815 2123 2870 loco
2147 2815 2240 2870 ubi

669 2902 755 2965 (α,
789 2898 925 2971 159)
953 2902 1267 2971 Argonautae
1298 2908 1421 2971 post
1446 2895 1712 2952 devictum
1749 2899 2011 2970 Amycum
2040 2907 2094 2951 et
2122 2914 2240 2970 per-

668 2988 782 3033 acta
814 2996 961 3033 sacra
1000 2980 1199 3053 Orphei
1234 2978 1479 3033 cantibus
1518 2976 1911 3033 delectabantur
1947 2976 2098 3040 ξανθὰ
2138 2975 2241 3050 έρε-

665 3059 873 3131 ψάμενοι
924 3060 1081 3135 δάφνῃ
1112 3058 1379 3132 καθύπερθε
1428 3060 1628 3131 μέτωπα
1678 3056 1935 3130 ἀγχιάλῳ,
1976 3061 2041 3131 τῇ
2067 3057 2150 3111 καί
2187 3076 2240 3111 τε

666 3138 777 3210 περὶ
805 3138 1067 3211 πρυμνήσι’
1099 3136 1307 3207 ἀνῆπτο.
1349 3136 1435 3192 Ad
1462 3136 1575 3191 haec
1598 3135 1871 3191 scholiasta
1905 3152 1921 3189 ι
1950 3134 2021 3189 Οὔ
2049 3154 2240 3203 ποιητι-

666 3222 761 3281 κῶς
792 3217 844 3273 δὲ
875 3216 1117 3273 ἀνέπλασε
1144 3218 1232 3287 τὴν
1270 3218 1457 3290 δάφνην
1490 3216 1518 3271 ὁ
1561 3215 1919 3281 Ἀπολλώνιος,
1961 3214 2077 3268 ἀλλ’
2110 3213 2237 3269 ἔστιν

668 3294 821 3359 ὄντως
848 3294 898 3349 έν
926 3301 1002 3368 τῷ
1042 3298 1179 3369 τόπῳ
1208 3296 1407 3367 δένδρον
1442 3296 1625 3367 δάφνης
1666 3292 1920 3365 εὗμέγεθες
1938 3331 1955 3360 ,
1986 3296 2054 3355 ὣς
2095 3312 2239 3363 φησιν

676 3371 949 3445 Ἀνδροίτας
980 3374 1009 3428 δ
1043 3376 1261 3439 Τενέδιος
1289 3373 1341 3429 έν
1370 3380 1443 3446 τῷ
1478 3372 1713 3445 Περίπλῳ
1753 3376 1841 3439 τῆς
1873 3372 2238 3444 Προποντίδος,

671 3458 975 3583 {5332}
1008 3454 1094 3584 332
1109 3450 2242 3601 “32:3522²335312‘215322‘2’550305222133

718 3566 733 3583 b
1098 3570 1115 3597 ,
1501 3566 1517 3583 b
1764 3562 1776 3596 Ι

674 3609 897 3672 σταδίους
932 3610 1091 3665 πέντε.
1133 3608 1495 3682 Ἀπολλόδωρος
1520 3607 1574 3663 δὲ
1600 3607 1649 3663 ἔν
1679 3613 1749 3682 τῷ
1774 3608 1952 3681 πρώτῳ
1986 3614 2083 3663 τῶν
2115 3606 2241 3662 Πον-

674 3695 824 3743 τικῶν
850 3688 1017 3763 ἡρῷον
1036 3689 1204 3746 αὖτόθι
1220 3690 1366 3764 φησὶν
1398 3688 1530 3744 εἶναι
1568 3688 1791 3763 ‘'Ap-5200,
1816 3688 1900 3743 καὶ
1923 3685 1974 3743 εἴ
1990 3708 2061 3752 τις
2082 3686 2135 3742 ἐκ
2155 3692 2241 3758 τῆς

672 3772 857 3844 δάφνης
878 3772 1060 3827 κλάδον
1085 3772 1249 3841 λάὅοι,
1275 3770 1343 3837 εἰς
1365 3771 1617 3845 λοιδορίαν
1642 3771 1882 3839 ἀνίστησι.

750 3854 831 3907 Ex
859 3852 943 3907 his
968 3864 1109 3925 patet
1134 3853 1338 3908 laurum
1374 3852 1632 3908 litoralem
1650 3892 1667 3917 ,
1700 3850 1767 3905 dc
1794 3869 1899 3924 qua
1930 3850 2239 3924 Apollonius

672 3936 812 4010 agit,
840 3954 947 3992 non
975 3956 1085 3992 asse
1105 3937 1309 3993 laurum
1338 3937 1573 3993 insanam
1592 3978 1607 4003 ‚
1638 3953 1797 4009 quam
1830 3937 1888 3990 in
1914 3935 2121 3991 tumulo
2144 3934 2237 3991 de·

674 4034 825 4071 mum
852 4016 1039 4089 Amyci
1086 4028 1260 4072 natam
1290 4034 1406 4071 esse
1444 4016 1681 4091 produnt
1717 4016 2026 4071 Ptolemaeus
2062 4018 2233 4089 (Hist.

672 4113 797 4152 nov.
836 4115 886 4151 c.
923 4096 954 4151 3
997 4114 1050 4170 p.
1086 4099 1184 4170 187
1210 4096 1277 4152 ed
1306 4098 1639 4169 Westerm.)
1673 4108 1726 4151 et
1760 4097 1959 4152 Plinius
2005 4102 2101 4164 16,
2131 4101 2232 4167 48,

668 4175 985 4246 quibuscum
1004 4176 1233 4231 concinit
1253 4178 1487 4233 narratio
1505 4178 1765 4250 Dionysii.
1795 4176 2075 4233 Androetas
2090 4198 2232 4247 vero,

669 4252 735 4307 ad
774 4253 1140 4311 illustrandum
1171 4255 1508 4330 Apollonium
1551 4276 1583 4312 a
1610 4255 1885 4313 scholiasta
1918 4257 2230 4327 advocatus,

666 4333 921 4391 curaliter
934 4346 1091 4410 atque
1116 4336 1428 4410 Apollonius
1440 4337 1509 4392 de
1522 4338 1671 4393 lauro
1692 4338 1929 4393 statuisse
1946 4336 2235 4394 censendus

667 4418 761 4481 sit.
792 4435 946 4473 causa
984 4416 1165 4475 subest
1194 4418 1358 4477 nulla.
1400 4419 1547 4474 Nihil
1585 4420 1747 4493 igitur
1785 4417 2055 4475 Androetoe
2088 4417 2233 4475 locus

668 4495 969 4571 suppeditat
986 4538 1001 4564 ‚
1032 4498 1172 4571 quod
1208 4498 1425 4555 suadeat
1464 4498 1606 4573 apud
1638 4498 1955 4571 Dionysium
1985 4515 2083 4570 pro
2119 4499 2234 4554 {vila

668 4575 949 4648 legendum
974 4595 1084 4633 esse
1110 4576 1269 4634 ἔνθεν.
1340 4581 1517 4634 Immo
1544 4596 1661 4650 quae
1684 4575 1753 4631 de
1778 4576 2015 4650 quinque
2038 4574 2233 4632 stadio·

667 4676 791 4713 rum
815 4657 1087 4713 intervallo
1113 4660 1249 4714 inter
1276 4660 1631 4732 Nymphaeum
1659 4669 1712 4713 et
1741 4657 2001 4731 Apollonii
2026 4656 2233 4713 laurum

668 4736 925 4791 litoralem
948 4737 1301 4793 intercedente
1324 4737 1597 4792 Androetas
1614 4736 1814 4811 prodit,
1845 4754 1965 4791 cum
1988 4738 2229 4809 Dionysii

664 4818 971 4873 narratione
995 4828 1045 4872 et
1070 4818 1172 4873 situ
1200 4818 1437 4874 locorum
1473 4821 1670 4892 optime
1697 4830 1918 4891 possunt
1942 4818 2231 4873 conciliari.

663 4898 801 4953 Nam
858 4898 969 4971 ipse
1020 4898 1219 4972 Gyllius
1261 4898 1451 4954 fatetur
1492 4899 1783 4955 secundum
1836 4897 2075 4953 ordinem
2126 4916 2233 4971 quo

664 4971 779 5029 loca
809 4975 1093 5048 Dionysius
1118 4988 1376 5042 recenset,
1408 4976 1829 5033 commodissime
1854 4976 2063 5031 laurum
2100 4978 2235 5033 insa-

662 5072 789 5109 nam
820 5057 1071 5129 componi
1090 5076 1213 5113 cum
1233 5058 1383 5131 Sycia
1406 5058 1549 5113 sonte
1581 5061 1639 5113 in
1667 5058 1796 5113 valle
1814 5059 1961 5113 Divae
1982 5058 2233 5114 Galatinae

659 5145 899 5191 exstante
914 5176 932 5204 ,
969 5135 1118 5210 cujus
1147 5137 1355 5193 laurum
1383 5139 1490 5193 vim
1521 5157 1669 5193 suam
1702 5138 2053 5211 perniciosam
2084 5137 2233 5193 fabu·
2268 5182 2272 5186 .

658 5213 827 5289 laeque
872 5217 1145 5273 veritatem
1196 5219 1255 5273 in
1302 5218 1461 5291 Gyllii
1524 5217 1803 5273 comitibus
1857 5216 2231 5291 comprobasse

656 5294 873 5353 dixeris.
905 5299 1024 5352 Jam
1064 5314 1187 5356 vero
1214 5298 1281 5353 ab
1306 5298 1413 5355 hoc
1440 5298 1615 5366 sonte,
1656 5300 1746 5371 qui
1780 5298 1913 5352 lauri
1950 5300 2147 5353 insanae
2179 5308 2232 5352 et

654 5377 933 5451 Nymphaei
959 5377 1079 5433 loco
1102 5379 1423 5452 respondere
1450 5378 1661 5435 videtur
1678 5419 1692 5445 ,
1722 5397 1888 5451 usque
1920 5378 1987 5433 ad
2014 5388 2229 5452 portum

654 5474 815 5529 quem
848 5458 903 5511 in
946 5456 1126 5513 modio
1162 5460 1462 5531 Argyronio
1498 5459 1866 5531 promontorio
1903 5456 2029 5511 olim
2070 5456 2228 5511 fuisse

2336 1708 2600 1780 produnt,
2634 1711 2688 1763 in
2725 1710 3014 1765 Moltkiana
3035 1711 3210 1765 tabula
3235 1714 3472 1785 quinque
3504 1717 3694 1771 metior
3719 1716 3906 1772 stadia.

2339 1788 2542 1857 Quidni
2579 1790 2746 1859 igitur
2788 1789 2931 1843 hunc
2971 1800 3186 1859 portum
3235 1796 3563 1862 Argonautas
3609 1794 3798 1850 adiisse
3845 1816 3908 1852 ex

2340 1867 2604 1940 Apollonii
2643 1877 2697 1921 et
2741 1867 3014 1923 Androetoe
3060 1872 3349 1938 sententia,
3397 1874 3720 1929 statuamus?
3765 1876 3910 1931 Nihil

2336 1958 2477 2001 certe
2491 1957 2569 2002 ast
2585 1945 2732 2020 quod
2751 1958 3038 2020 repugnem
3063 1950 3228 2004 immo
3248 1949 3514 2023 Apollonii
3539 1952 3727 2024 εὖρεῗαν
3751 1954 3902 2019 ἀκτὴν

2336 2038 2554 2103 perapte
2577 2026 2778 2083 referre
2801 2027 2922 2083 licet
2949 2026 3016 2083 ad
3046 2029 3356 2084 latissimum
3395 2030 3740 2104 Argyroniurn
3781 2052 3907 2107 pro·

2337 2109 2663 2163 montorium
2676 2148 2693 2175 ,
2717 2109 2872 2164 sicuti
2897 2126 3117 2164 summe
3139 2128 3258 2184 quoe
3275 2111 3349 2166 ibi
3371 2123 3496 2166 sunt
3523 2112 3642 2169 freti
3658 2117 3908 2185 angustiae

2339 2187 2474 2243 bene
2509 2188 2709 2243 cadunt
2741 2188 2798 2247 in
2837 2206 3027 2244 eorum
3069 2192 3460 2259 narrationem,
3501 2193 3595 2266 qui
3640 2198 3903 2268 Amycum

2335 2268 2574 2343 produnt
2599 2270 2659 2325 τὸ
2687 2269 2860 2324 στενὸν
2895 2270 3116 2343 Bospori
3159 2270 3451 2326 obtinuisse
3490 2272 3672 2345 ibique
3695 2285 3909 2348 praster-

2335 2350 2635 2422 navigantes
2658 2348 3018 2423 depraedatum
3041 2367 3152 2404 esse
3170 2350 3191 2425 (
3204 2353 3398 2407 Joann.
3419 2355 3546 2407 Ant.
3575 2354 3629 2407 in
3650 2355 3741 2412 Fr.
3766 2358 3902 2412 Hist.

2335 2439 2374 2487 t.
2411 2434 2476 2497 4,
2511 2448 2568 2503 p.
2602 2429 2726 2496 548,
2768 2429 2836 2487 fr.
2874 2428 2936 2483 15
2975 2446 2990 2483 ε
3023 2428 3081 2484 τὸ
3109 2430 3281 2485 στενὸν
3321 2433 3409 2499 τῆς
3435 2430 3684 2500 θαλάσσης
3711 2434 3908 2506 κατέχει

2331 2500 2415 2555 καὶ
2437 2501 2548 2565 τοὺς
2580 2501 2820 2565 πλέοντας
2853 2500 3078 2576 λῃστεύει
3100 2501 3184 2554 καὶ
3212 2501 3463 2575 φονεύει).
3493 2502 3742 2558 Ceterum
3777 2504 3906 2560 alios

2331 2578 2399 2634 de
2443 2579 2574 2635 lauri
2616 2581 2812 2635 insanae
2847 2581 2968 2637 loco
3003 2580 3152 2635 aliter
3177 2582 3417 2637 statuisse
3460 2600 3619 2637 nemo
3663 2582 3903 2641 miretur.

2328 2660 2527 2715 Plinius
2557 2666 2642 2727 16,
2674 2664 2742 2726 48
2767 2662 2919 2733 §239
2938 2660 3025 2716 ed.
3061 2661 3222 2734 sinig.
3257 2663 3327 2717 ita
3349 2662 3530 2717 scribit
3555 2679 3570 2717 ε
3600 2689 3623 2711 ι
3647 2667 3716 2717 In
3735 2662 3906 2720 eodem

2329 2750 2503 2795 tmctu
2536 2740 2647 2811 (sc.
2677 2740 2942 2795 Heracleae
2964 2742 3224 2810 Ponticae)
3249 2753 3440 2816 portus
3473 2740 3667 2814 Annei
3695 2753 3774 2797 est
3809 2747 3906 2799 Be-

2328 2818 2475 2891 bryca
2510 2838 2625 2889 rege
2649 2820 2919 2891 interjecto
2947 2819 3160 2885 clanis,-
3191 2823 3305 2893 ejus
3335 2820 3568 2875 tumulus
3589 2840 3626 2875 α
3659 2839 3901 2895 supremo

2327 2898 2412 2953 die
2435 2900 2502 2971 (a
2527 2900 2932 2975 supet-emmena
2952 2899 3198 2974 hodieque
3225 2899 3369 2972 conj.
3394 2900 3568 2973 Sillig)
3598 2900 3748 2955 lauro
3771 2913 3902 2973 tegi·

2331 2991 2422 3034 tm·
2440 2998 2597 3053 quam
2636 2980 2877 3035 ἰωαπαηι
2902 2992 3114 3048 vocant,
3143 2981 3393 3055 quoniam
3412 2979 3465 3035 si
3496 2980 3633 3055 quid
3645 3000 3714 3038 cx
3729 3001 3791 3038 ea
3818 2984 3908 3040 de·

2327 3072 2562 3134 cet-ptum
2579 3059 2842 3131 «nj’emtur
2860 3058 3105 3125 navibus,
3116 3060 3474 3136 jurgia-fiune,
3495 3060 3656 3117 donec
3682 3062 3906 3136 abjicia-

2329 3150 2434 3193 mr.
2467 3142 2603 3207 Quoe
2637 3157 2707 3194 ne
2731 3140 2888 3195 Plinii
2913 3140 3241 3212 negligentia
3275 3140 3549 3197 referenda
3575 3160 3687 3198 oese
3711 3154 3897 3217 putes,

2327 3216 2550 3291 impedit
2571 3217 2887 3274 Theocritus
2914 3217 2999 3275 Id.
3031 3235 3118 3285 αα,
3149 3235 3216 3291 27
3245 3237 3394 3292 sqq„
3433 3222 3524 3291 qui
3551 3222 3664 3294 ipse
3690 3240 3904 3297 quoque

2329 3307 2449 3367 post
2473 3294 2715 3367 trajectas
2736 3299 2968 3371 Cyaneas
2993 3300 3050 3353 in
3079 3301 3251 3354 Ponto
3273 3303 3606 3373 Argonautas
3640 3300 3708 3357 ad
3733 3305 3902 3377 Amy·

2328 3392 2450 3429 cum
2477 3376 2678 3429 venisse
2716 3376 2976 3449 perhibet.
3023 3378 3265 3450 Denique
3309 3377 3662 3450 Apollodorus
3707 3378 3818 3447 ille,
3870 3398 3903 3436 a

2326 3453 2600 3508 scholiasta
2625 3454 2894 3522 laudatus,
2921 3457 3223 3528 quicunque
3253 3457 3410 3511 suerit
3427 3497 3441 3520 ,
3470 3475 3638 3529 quum
3665 3457 3732 3512 de
3751 3457 3902 3515 lauro

2327 3534 2509 3587 insana
2519 3532 2574 3587 in
2589 3533 2750 3587 Ponti
2772 3534 2977 3608 periplo
2989 3534 3200 3603 dixerit,
3231 3536 3358 3591 item
3381 3537 3437 3590 in
3446 3538 3667 3593 Pontica
3689 3539 3902 3609 regione

2325 3630 2440 3667 eam
2453 3611 2729 3668 collocasse
2753 3613 2985 3669 videtur.
3001 3616 3077 3669 Ut
3091 3616 3145 3669 in
3154 3616 3411 3689 Bosporo,
3425 3617 3500 3671 sic
3510 3615 3577 3671 ad
3597 3617 3902 3685 Heracleam

2325 3692 2596 3746 Ponticam
2619 3690 2830 3747 laurum
2854 3693 3006 3747 istam
3033 3692 3088 3746 in
3118 3693 3411 3768 Nymphaeo
3429 3706 3772 3750 monstratam
3791 3714 3902 3752 esse

2325 3774 2580 3845 suspicor,
2599 3772 2850 3843 quoniam
2871 3774 3128 3829 Arrianus
3147 3776 3290 3844 (Per.
3311 3777 3373 3829 P.
3389 3777 3417 3845 S
3445 3773 3532 3849 19)
3558 3777 3613 3830 in
3629 3775 3904 3833 Heracleo-

2327 3852 2432 3907 tico
2450 3861 2621 3906 tractu
2634 3852 2984 3926 Nymphaeum
3001 3866 3275 3922 memorat,
3296 3873 3327 3909 a
3347 3873 3453 3928 quo
3471 3871 3640 3927 quum
3659 3858 3902 3927 proxime

2325 3931 2524 3988 abesset
2545 3931 2696 3988 locus
2725 3932 3039 4005 Tyndarida:
3071 3932 3246 3989 dictus
3260 3975 3278 4003 ,
3303 3933 3496 3989 devicti
3521 3952 3554 3989 a
3578 3933 3902 4008 Tyndaridis

2325 4012 2504 4087 Amyci
2536 4016 2848 4069 memoriam
2875 4014 2949 4069 ibi
2974 4015 3196 4087 viguisse
3212 4012 3362 4069 facile
3383 4015 3719 4070 concesseris.
3747 4015 3901 4073 Idem

2323 4092 2428 4148 hoc
2457 4092 2767 4166 Apollonius
2793 4109 2826 4147 2
2845 4134 2860 4160 ,
2887 4096 2992 4149 806
3031 4111 3131 4166 pro
3167 4111 3267 4149 suo
3297 4094 3518 4149 consilio
3559 4095 3633 4149 ita
3663 4094 3860 4151 indicat
3879 4140 3892 4161 ,

2323 4185 2384 4229 ut
2429 4177 2630 4247 Lycum
2647 4216 2663 4241 ,
2700 4172 3173 4247 Mariandynorum
3213 4192 3390 4247 regem
3406 4215 3420 4238 ,
3463 4175 3784 4247 Tyndaridis
3827 4178 3900 4233 ob

2324 4255 2661 4311 intersectum
2691 4257 2944 4329 Amycum
2973 4255 3224 4328 templum
3253 4257 3309 4309 in
3337 4254 3622 4309 Acherusio
3646 4273 3898 4328 promon-

2321 4339 2461 4393 torio
2495 4345 2888 4391 exstructurum
2925 4333 3086 4389 fuisse
3123 4334 3267 4389 dicat
3359 4334 3474 4388 Alia
3506 4334 3574 4388 de
3605 4334 3738 4391 lauri
3781 4336 3899 4392 loco

2320 4416 2578 4473 sententia
2595 4426 2674 4471 est
2694 4415 2910 4471 Arriani
2936 4414 3103 4487 quiin
3121 4413 3329 4487 Periplo
3351 4431 3448 4467 suo
3468 4426 3685 4486 portum
3710 4414 3902 4489 Δάφνης

2324 4498 2624 4572 μαινομένης
2647 4515 2680 4552 a
2711 4498 2857 4552 Fano
2893 4499 2965 4561 40
2983 4492 3150 4549 stadia
3174 4493 3370 4548 distare
3396 4492 3558 4548 tradit
3585 4493 3812 4567 ideoque
3839 4497 3898 4551 in

2321 4597 2387 4635 eo
2419 4580 2542 4635 sinu
2566 4576 2788 4632 collocat
2829 4576 2922 4648 qui
2959 4574 3116 4647 Gyllii
3154 4583 3303 4629 aetate
3332 4572 3618 4629 vocabatur
3656 4578 3899 4631 Becaussi

2321 4661 2372 4731 (i
2419 4678 2470 4715 e.
2494 4656 2832 4730 ¹iuglandium
2871 4656 3076 4726 sinus),
3111 4653 3258 4727 quod
3289 4671 3484 4708 nomen
3511 4672 3657 4708 nunc
3683 4653 3812 4708 abiit
3839 4654 3898 4708 in

2323 4738 2524 4793 Beicos.
2555 4739 2738 4791 Restat
2767 4734 3064 4809 Stephanus
3091 4734 3182 4807 qui
3213 4752 3257 4789 s.
3283 4751 3334 4787 v.
3361 4732 3525 4805 Δάφνη
3553 4732 3716 4788 dicit:
3751 4733 3898 4788 Ἔστι

2322 4818 2408 4874 καὶ
2445 4814 2600 4889 λιμὴν
2652 4815 2818 4887 Δάφνη
2852 4815 3124 4887 μαινομένη
3157 4812 3454 4886 (φαινομένη
3505 4811 3700 4885 codd.)
3731 4810 3782 4867 έν
3825 4818 3898 4885 τῷ

2322 4900 2532 4971 στόματι
2569 4900 2658 4951 τοῦ
2684 4894 2876 4951 Πόντου
2919 4894 2969 4948 έν
3015 4893 3148 4966 δεξιᾷ
3177 4891 3498 4959 ἀναπλέοντι;
3539 4894 3594 4946 in
3631 4892 3824 4964 quibus
3850 4894 3898 4947 si

2324 4978 2482 5033 verba
2504 4973 2555 5031 έν
2581 4994 2631 5031 τ.
2663 4978 2868 5048 στόματι
2895 4971 3181 5047 premenda
3207 4982 3358 5039 sunt,
3390 4982 3575 5045 portus
3595 4971 3681 5026 ille
3702 4970 3769 5026 ad
3799 4970 3895 5026 Ar·

2323 5058 2607 5130 gyronium
2628 5056 2806 5127 potius
2832 5053 3258 5127 promontorium
3290 5070 3450 5124 quam
3475 5052 3531 5105 in
3560 5050 3744 5106 Beicos
3773 5052 3892 5106 sinu

2320 5135 2599 5211 ponendus
2625 5152 2736 5189 asse
2761 5134 3019 5188 videatur.
3037 5130 3216 5187 Beicos
3231 5134 3407 5186 sinum
3430 5132 3717 5206 Dionysius
3739 5130 3892 5186 sicuti

2318 5218 2521 5275 Plinius
2565 5215 2596 5270 5
2618 5254 2634 5281 ,
2677 5216 2744 5281 43
2765 5253 2782 5282 ‚
2837 5213 2971 5281 150,
3014 5223 3166 5268 vocat
3213 5211 3405 5283 Arm-ci
3440 5210 3635 5266 sinum.
3686 5208 3890 5279 Quodsi

2321 5296 2669 5352 nihilominus
2712 5294 2846 5349 lauri
2891 5296 3086 5347 insanae
3123 5292 3328 5356 locum,
3362 5308 3521 5364 quem
3573 5291 3685 5362 ipse
3721 5287 3889 5342 oculis

2321 5384 2690 5449 usurpaverat,
2734 5373 2837 5429 alio
2885 5372 3162 5442 transfert,
3205 5371 3448 5427 habuisse
3480 5368 3636 5424 debet
3681 5386 3778 5423 cur
3821 5368 3896 5421 ita

2319 5454 2616 5511 faciendum
2642 5472 2753 5508 esse
2768 5461 3038 5507 statueret.
