<?xml version="1.0" encoding="UTF-8"?>
<!DOCTYPE html PUBLIC "-//W3C//DTD XHTML 1.0 Transitional//EN"
    "http://www.w3.org/TR/xhtml1/DTD/xhtml1-transitional.dtd">
<html xmlns="http://www.w3.org/1999/xhtml" xml:lang="en" lang="en">
 <head>
  <title>
</title>
<meta http-equiv="Content-Type" content="text/html;charset=utf-8" />
  <meta name='ocr-system' content='tesseract 3.04.00' />
  <meta name='ocr-capabilities' content='ocr_page ocr_carea ocr_par ocr_line ocrx_word'/>
</head>
<body>
  <div class='ocr_page' id='page_1' title='image "./geographigraeci05mlgoog_0152.png"; bbox 0 0 4584 6284; ppageno 0'>
   <div class='ocr_carea' id='block_1_1' title="bbox 705 554 779 605">
    <p class='ocr_par' dir='ltr' id='par_1_1' title="bbox 705 554 779 605">
     <span class='ocr_line' id='line_1_1' title="bbox 705 554 779 605; baseline 0 0"><span class='ocrx_word' id='word_1_1' title='bbox 705 554 779 605; x_wconf 76' lang='lat'><strong>¹18</strong></span> 
     </span>
    </p>
   </div>
   <div class='ocr_carea' id='block_1_2' title="bbox 696 670 2263 748">
    <p class='ocr_par' dir='ltr' id='par_1_2' title="bbox 696 670 2263 748">
     <span class='ocr_line' id='line_1_2' title="bbox 696 670 2263 748; baseline 0 -19"><span class='ocrx_word' id='word_1_2' title='bbox 696 670 845 748; x_wconf 88' lang='lat' dir='ltr'><strong>quod</strong></span> <span class='ocrx_word' id='word_1_3' title='bbox 888 673 961 727; x_wconf 89' lang='lat' dir='ltr'><strong>ait</strong></span> <span class='ocrx_word' id='word_1_4' title='bbox 986 688 1101 726; x_wconf 88' lang='lat' dir='ltr'><strong>aras</strong></span> <span class='ocrx_word' id='word_1_5' title='bbox 1134 682 1189 725; x_wconf 88' lang='lat' dir='ltr'><strong>et</strong></span> <span class='ocrx_word' id='word_1_6' title='bbox 1214 672 1471 744; x_wconf 87' lang='lat' dir='ltr'><strong>templum</strong></span> <span class='ocrx_word' id='word_1_7' title='bbox 1514 673 1747 746; x_wconf 76' lang='lat' dir='ltr'><strong>Neptuni</strong></span> <span class='ocrx_word' id='word_1_8' title='bbox 1781 691 1893 727; x_wconf 74' lang='lat' dir='ltr'><strong>esse</strong></span> <span class='ocrx_word' id='word_1_9' title='bbox 1914 713 1930 740; x_wconf 92' lang='lat'><strong>,</strong></span> <span class='ocrx_word' id='word_1_10' title='bbox 1968 674 2063 730; x_wconf 89' lang='lat' dir='ltr'><strong>ubi</strong></span> <span class='ocrx_word' id='word_1_11' title='bbox 2104 676 2263 731; x_wconf 86' lang='lat' dir='ltr'><strong>maris</strong></span> 
     </span>
    </p>
   </div>
   <div class='ocr_carea' id='block_1_3' title="bbox 1936 546 2697 614">
    <p class='ocr_par' dir='ltr' id='par_1_3' title="bbox 1936 546 2697 614">
     <span class='ocr_line' id='line_1_3' title="bbox 1936 546 2697 614; baseline 0.011 -8"><span class='ocrx_word' id='word_1_12' title='bbox 1936 546 2285 609; x_wconf 74' lang='lat' dir='ltr'><strong>moNYslt</strong></span> <span class='ocrx_word' id='word_1_13' title='bbox 2329 550 2697 614; x_wconf 83' lang='grc' dir='ltr'><strong>ΒΥΖΛΝΤΙῙ</strong></span> 
     </span>
    </p>
   </div>
   <div class='ocr_carea' id='block_1_4' title="bbox 2354 678 3922 756">
    <p class='ocr_par' dir='ltr' id='par_1_4' title="bbox 2354 678 3922 756">
     <span class='ocr_line' id='line_1_4' title="bbox 2354 678 3922 756; baseline 0.013 -21"><span class='ocrx_word' id='word_1_14' title='bbox 2354 681 2468 736; x_wconf 86' lang='lat' dir='ltr'><strong>nias</strong></span> <span class='ocrx_word' id='word_1_15' title='bbox 2493 678 2751 738; x_wconf 87' lang='lat' dir='ltr'><strong>dedicarit</strong></span> <span class='ocrx_word' id='word_1_16' title='bbox 2785 694 3040 741; x_wconf 65' lang='lat' dir='ltr'><strong>aua-em</strong></span> <span class='ocrx_word' id='word_1_17' title='bbox 3056 727 3072 754; x_wconf 87' lang='lat'><strong>,</strong></span> <span class='ocrx_word' id='word_1_18' title='bbox 3103 700 3198 744; x_wconf 89' lang='lat' dir='ltr'><strong>aut</strong></span> <span class='ocrx_word' id='word_1_19' title='bbox 3230 703 3468 748; x_wconf 84' lang='lat' dir='ltr'><strong>secutum</strong></span> <span class='ocrx_word' id='word_1_20' title='bbox 3496 694 3652 751; x_wconf 80' lang='lat' dir='ltr'><strong>fuisse</strong></span> <span class='ocrx_word' id='word_1_21' title='bbox 3689 696 3922 756; x_wconf 72' lang='lat' dir='ltr'><strong>arbitru-</strong></span> 
     </span>
    </p>
   </div>
   <div class='ocr_carea' id='block_1_5' title="bbox 697 757 3922 860">
    <p class='ocr_par' dir='ltr' id='par_1_5' title="bbox 697 757 3922 860">
     <span class='ocr_line' id='line_1_5' title="bbox 697 757 3922 860; baseline 0.008 -45"><span class='ocrx_word' id='word_1_22' title='bbox 697 758 950 831; x_wconf 77' lang='lat' dir='ltr'><strong>angnstiae</strong></span> <span class='ocrx_word' id='word_1_23' title='bbox 983 757 1320 812; x_wconf 79' lang='lat' dir='ltr'><strong>strictissimae</strong></span> <span class='ocrx_word' id='word_1_24' title='bbox 1355 768 1499 811; x_wconf 89' lang='lat' dir='ltr'><strong>sunt.</strong></span> <span class='ocrx_word' id='word_1_25' title='bbox 1576 760 1757 831; x_wconf 61' lang='lat' dir='ltr'><strong>lange</strong></span> <span class='ocrx_word' id='word_1_26' title='bbox 1794 760 1935 814; x_wconf 89' lang='lat' dir='ltr'><strong>enim</strong></span> <span class='ocrx_word' id='word_1_27' title='bbox 1979 760 2263 817; x_wconf 59' lang='lat' dir='ltr'><strong>strictiora</strong></span> <span class='ocrx_word' id='word_1_28' title='bbox 2355 767 2484 823; x_wconf 87' lang='lat' dir='ltr'><strong>Fani</strong></span> <span class='ocrx_word' id='word_1_29' title='bbox 2518 786 2714 827; x_wconf 87' lang='lat' dir='ltr'><strong>nomen</strong></span> <span class='ocrx_word' id='word_1_30' title='bbox 2729 810 2747 839; x_wconf 92' lang='lat'><strong>,</strong></span> <span class='ocrx_word' id='word_1_31' title='bbox 2773 772 2920 845; x_wconf 84' lang='lat' dir='ltr'><strong>quod</strong></span> <span class='ocrx_word' id='word_1_32' title='bbox 2957 785 3074 830; x_wconf 91' lang='lat' dir='ltr'><strong>tum</strong></span> <span class='ocrx_word' id='word_1_33' title='bbox 3105 775 3324 835; x_wconf 84' lang='lat' dir='ltr'><strong>fortasse</strong></span> <span class='ocrx_word' id='word_1_34' title='bbox 3349 779 3673 855; x_wconf 83' lang='lat' dir='ltr'><strong>frequentius</strong></span> <span class='ocrx_word' id='word_1_35' title='bbox 3699 786 3922 860; x_wconf 81' lang='lat' dir='ltr'><strong>appella·</strong></span> 
     </span>
    </p>
   </div>
   <div class='ocr_carea' id='block_1_6' title="bbox 671 843 2261 3101">
    <p class='ocr_par' dir='ltr' id='par_1_6' title="bbox 671 843 2261 3101">
     <span class='ocr_line' id='line_1_6' title="bbox 692 843 2261 918; baseline 0 -17"><span class='ocrx_word' id='word_1_36' title='bbox 692 856 818 902; x_wconf 87' lang='lat' dir='ltr'><strong>sunt</strong></span> <span class='ocrx_word' id='word_1_37' title='bbox 842 843 908 899; x_wconf 87' lang='lat' dir='ltr'><strong>ad</strong></span> <span class='ocrx_word' id='word_1_38' title='bbox 936 846 1139 900; x_wconf 87' lang='lat' dir='ltr'><strong>Fanum</strong></span> <span class='ocrx_word' id='word_1_39' title='bbox 1161 861 1323 916; x_wconf 88' lang='lat' dir='ltr'><strong>quam</strong></span> <span class='ocrx_word' id='word_1_40' title='bbox 1348 844 1487 898; x_wconf 90' lang='lat' dir='ltr'><strong>inter</strong></span> <span class='ocrx_word' id='word_1_41' title='bbox 1513 845 1743 918; x_wconf 83' lang='lat' dir='ltr'><strong>Cyaneas</strong></span> <span class='ocrx_word' id='word_1_42' title='bbox 1778 844 2001 911; x_wconf 83' lang='lat' dir='ltr'><strong>insulas,</strong></span> <span class='ocrx_word' id='word_1_43' title='bbox 2032 847 2171 901; x_wconf 88' lang='lat' dir='ltr'><strong>inter</strong></span> <span class='ocrx_word' id='word_1_44' title='bbox 2206 865 2261 901; x_wconf 92' lang='lat' dir='ltr'><strong>se</strong></span> 
     </span>
     <span class='ocr_line' id='line_1_7' title="bbox 690 930 2259 1006; baseline 0 -19"><span class='ocrx_word' id='word_1_45' title='bbox 690 932 943 988; x_wconf 85' lang='lat' dir='ltr'><strong>distantes</strong></span> <span class='ocrx_word' id='word_1_46' title='bbox 980 932 1165 1003; x_wconf 83' lang='lat' dir='ltr'><strong>viginti</strong></span> <span class='ocrx_word' id='word_1_47' title='bbox 1215 930 1405 986; x_wconf 88' lang='lat' dir='ltr'><strong>stadia.</strong></span> <span class='ocrx_word' id='word_1_48' title='bbox 1480 934 1553 987; x_wconf 81' lang='lat' dir='ltr'><strong>At</strong></span> <span class='ocrx_word' id='word_1_49' title='bbox 1588 932 1837 1003; x_wconf 74' lang='lat' dir='ltr'><strong>angustias</strong></span> <span class='ocrx_word' id='word_1_50' title='bbox 1874 931 2019 1006; x_wconf 88' lang='lat' dir='ltr'><strong>apud</strong></span> <span class='ocrx_word' id='word_1_51' title='bbox 2056 934 2259 988; x_wconf 88' lang='lat' dir='ltr'><strong>Fanum</strong></span> 
     </span>
     <span class='ocr_line' id='line_1_8' title="bbox 686 1018 2259 1093; baseline -0.001 -16"><span class='ocrx_word' id='word_1_52' title='bbox 686 1021 897 1077; x_wconf 89' lang='lat' dir='ltr'><strong>latiores</strong></span> <span class='ocrx_word' id='word_1_53' title='bbox 930 1038 1039 1075; x_wconf 91' lang='lat' dir='ltr'><strong>non</strong></span> <span class='ocrx_word' id='word_1_54' title='bbox 1062 1029 1186 1074; x_wconf 89' lang='lat' dir='ltr'><strong>sunt</strong></span> <span class='ocrx_word' id='word_1_55' title='bbox 1208 1020 1449 1091; x_wconf 90' lang='lat' dir='ltr'><strong>quinque</strong></span> <span class='ocrx_word' id='word_1_56' title='bbox 1476 1018 1653 1075; x_wconf 86' lang='lat' dir='ltr'><strong>stadiis</strong></span> <span class='ocrx_word' id='word_1_57' title='bbox 1667 1060 1683 1087; x_wconf 93' lang='lat'><strong>,</strong></span> <span class='ocrx_word' id='word_1_58' title='bbox 1714 1020 2009 1093; x_wconf 85' lang='lat' dir='ltr'><strong>Dariusque</strong></span> <span class='ocrx_word' id='word_1_59' title='bbox 2025 1039 2089 1076; x_wconf 87' lang='lat' dir='ltr'><strong>ex</strong></span> <span class='ocrx_word' id='word_1_60' title='bbox 2114 1022 2259 1077; x_wconf 86' lang='lat' dir='ltr'><strong>Fano</strong></span> 
     </span>
     <span class='ocr_line' id='line_1_9' title="bbox 688 1105 2257 1181; baseline 0 -18"><span class='ocrx_word' id='word_1_61' title='bbox 688 1108 837 1163; x_wconf 75' lang='lat' dir='ltr'><strong>Iovis</strong></span> <span class='ocrx_word' id='word_1_62' title='bbox 856 1108 1089 1163; x_wconf 85' lang='lat' dir='ltr'><strong>Pontum</strong></span> <span class='ocrx_word' id='word_1_63' title='bbox 1112 1107 1271 1179; x_wconf 88' lang='lat' dir='ltr'><strong>longe</strong></span> <span class='ocrx_word' id='word_1_64' title='bbox 1298 1105 1501 1179; x_wconf 86' lang='lat' dir='ltr'><strong>lateque</strong></span> <span class='ocrx_word' id='word_1_65' title='bbox 1526 1106 1864 1181; x_wconf 87' lang='lat' dir='ltr'><strong>contemplari</strong></span> <span class='ocrx_word' id='word_1_66' title='bbox 1892 1109 2084 1181; x_wconf 89' lang='lat' dir='ltr'><strong>potuit.</strong></span> <span class='ocrx_word' id='word_1_67' title='bbox 2155 1107 2257 1163; x_wconf 86' lang='lat' dir='ltr'><strong>Sed</strong></span> 
     </span>
     <span class='ocr_line' id='line_1_10' title="bbox 688 1190 2256 1268; baseline 0.001 -19"><span class='ocrx_word' id='word_1_68' title='bbox 688 1192 771 1249; x_wconf 76' lang='lat' dir='ltr'><strong>sac</strong></span> <span class='ocrx_word' id='word_1_69' title='bbox 800 1194 959 1249; x_wconf 82' lang='lat' dir='ltr'><strong>fnisse</strong></span> <span class='ocrx_word' id='word_1_70' title='bbox 981 1191 1199 1266; x_wconf 89' lang='lat' dir='ltr'><strong>aliquod</strong></span> <span class='ocrx_word' id='word_1_71' title='bbox 1228 1190 1481 1267; x_wconf 86' lang='lat' dir='ltr'><strong>templum</strong></span> <span class='ocrx_word' id='word_1_72' title='bbox 1507 1194 1563 1247; x_wconf 89' lang='lat' dir='ltr'><strong>in</strong></span> <span class='ocrx_word' id='word_1_73' title='bbox 1579 1193 1799 1267; x_wconf 82' lang='lat' dir='ltr'><strong>Cyaneis</strong></span> <span class='ocrx_word' id='word_1_74' title='bbox 1818 1194 2028 1263; x_wconf 85' lang='lat' dir='ltr'><strong>insulis,</strong></span> <span class='ocrx_word' id='word_1_75' title='bbox 2054 1196 2109 1250; x_wconf 92' lang='lat' dir='ltr'><strong>in</strong></span> <span class='ocrx_word' id='word_1_76' title='bbox 2150 1213 2256 1268; x_wconf 89' lang='lat' dir='ltr'><strong>quo</strong></span> 
     </span>
     <span class='ocr_line' id='line_1_11' title="bbox 687 1278 2253 1353; baseline 0.003 -18"><span class='ocrx_word' id='word_1_77' title='bbox 687 1281 875 1336; x_wconf 90' lang='lat' dir='ltr'><strong>sedens</strong></span> <span class='ocrx_word' id='word_1_78' title='bbox 894 1280 1089 1337; x_wconf 85' lang='lat' dir='ltr'><strong>Darius</strong></span> <span class='ocrx_word' id='word_1_79' title='bbox 1102 1278 1393 1335; x_wconf 83' lang='lat' dir='ltr'><strong>mirabilem</strong></span> <span class='ocrx_word' id='word_1_80' title='bbox 1415 1280 1791 1353; x_wconf 71' lang='lat' dir='ltr'><strong>contemplatus</strong></span> <span class='ocrx_word' id='word_1_81' title='bbox 1809 1280 1966 1335; x_wconf 86' lang='lat' dir='ltr'><strong>suerit</strong></span> <span class='ocrx_word' id='word_1_82' title='bbox 1990 1283 2253 1339; x_wconf 85' lang='lat' dir='ltr'><strong>Pontum:</strong></span> 
     </span>
     <span class='ocr_line' id='line_1_12' title="bbox 686 1366 2252 1443; baseline -0.001 -18"><span class='ocrx_word' id='word_1_83' title='bbox 686 1380 864 1425; x_wconf 87' lang='lat' dir='ltr'><strong>tamen</strong></span> <span class='ocrx_word' id='word_1_84' title='bbox 893 1368 1047 1443; x_wconf 79' lang='lat' dir='ltr'><strong>cujus</strong></span> <span class='ocrx_word' id='word_1_85' title='bbox 1066 1366 1151 1423; x_wconf 89' lang='lat' dir='ltr'><strong>dei</strong></span> <span class='ocrx_word' id='word_1_86' title='bbox 1184 1366 1311 1423; x_wconf 92' lang='lat' dir='ltr'><strong>illud</strong></span> <span class='ocrx_word' id='word_1_87' title='bbox 1341 1366 1522 1436; x_wconf 85' lang='lat' dir='ltr'><strong>suerit,</strong></span> <span class='ocrx_word' id='word_1_88' title='bbox 1554 1385 1663 1423; x_wconf 91' lang='lat' dir='ltr'><strong>non</strong></span> <span class='ocrx_word' id='word_1_89' title='bbox 1683 1367 1906 1441; x_wconf 84' lang='lat' dir='ltr'><strong>explicat</strong></span> <span class='ocrx_word' id='word_1_90' title='bbox 1932 1368 2252 1438; x_wconf 86' lang='lat' dir='ltr'><strong>Herodotus,</strong></span> 
     </span>
     <span class='ocr_line' id='line_1_13' title="bbox 686 1453 2254 1531; baseline -0.001 -19"><span class='ocrx_word' id='word_1_91' title='bbox 686 1474 863 1531; x_wconf 78' lang='lat' dir='ltr'><strong>neque</strong></span> <span class='ocrx_word' id='word_1_92' title='bbox 890 1456 1111 1529; x_wconf 81' lang='lat' dir='ltr'><strong>Cyaneae</strong></span> <span class='ocrx_word' id='word_1_93' title='bbox 1133 1453 1264 1509; x_wconf 88' lang='lat' dir='ltr'><strong>mihi</strong></span> <span class='ocrx_word' id='word_1_94' title='bbox 1286 1472 1497 1526; x_wconf 90' lang='lat' dir='ltr'><strong>capaces</strong></span> <span class='ocrx_word' id='word_1_95' title='bbox 1522 1454 1703 1527; x_wconf 88' lang='lat' dir='ltr'><strong>templi</strong></span> <span class='ocrx_word' id='word_1_96' title='bbox 1736 1453 2002 1522; x_wconf 79' lang='lat' dir='ltr'><strong>videntur,</strong></span> <span class='ocrx_word' id='word_1_97' title='bbox 2024 1459 2119 1511; x_wconf 89' lang='lat' dir='ltr'><strong>etsi</strong></span> <span class='ocrx_word' id='word_1_98' title='bbox 2150 1456 2254 1511; x_wconf 89' lang='lat' dir='ltr'><strong>Eu·</strong></span> 
     </span>
     <span class='ocr_line' id='line_1_14' title="bbox 686 1538 2255 1617; baseline -0.001 -18"><span class='ocrx_word' id='word_1_99' title='bbox 686 1560 889 1617; x_wconf 72' lang='lat' dir='ltr'><strong>ropaeas</strong></span> <span class='ocrx_word' id='word_1_100' title='bbox 916 1541 1197 1613; x_wconf 84' lang='lat' dir='ltr'><strong>Dionysius</strong></span> <span class='ocrx_word' id='word_1_101' title='bbox 1227 1538 1399 1594; x_wconf 62' lang='lat' dir='ltr'><strong>undat</strong></span> <span class='ocrx_word' id='word_1_102' title='bbox 1414 1539 1655 1595; x_wconf 87' lang='lat' dir='ltr'><strong>habuisse</strong></span> <span class='ocrx_word' id='word_1_103' title='bbox 1672 1558 1818 1596; x_wconf 87' lang='lat' dir='ltr'><strong>aram</strong></span> <span class='ocrx_word' id='word_1_104' title='bbox 1842 1542 2114 1616; x_wconf 81' lang='lat' dir='ltr'><strong>Apollinis.</strong></span> <span class='ocrx_word' id='word_1_105' title='bbox 2152 1543 2255 1598; x_wconf 89' lang='lat' dir='ltr'><strong>Sed</strong></span> 
     </span>
     <span class='ocr_line' id='line_1_15' title="bbox 687 1625 2242 1705; baseline 0.001 -20"><span class='ocrx_word' id='word_1_106' title='bbox 687 1630 735 1685; x_wconf 87' lang='lat' dir='ltr'><strong>ai</strong></span> <span class='ocrx_word' id='word_1_107' title='bbox 772 1629 1027 1704; x_wconf 85' lang='lat' dir='ltr'><strong>templum</strong></span> <span class='ocrx_word' id='word_1_108' title='bbox 1065 1625 1345 1701; x_wconf 88' lang='lat' dir='ltr'><strong>aliquando</strong></span> <span class='ocrx_word' id='word_1_109' title='bbox 1390 1628 1443 1681; x_wconf 90' lang='lat' dir='ltr'><strong>in</strong></span> <span class='ocrx_word' id='word_1_110' title='bbox 1484 1629 1703 1701; x_wconf 86' lang='lat' dir='ltr'><strong>Cyaneis</strong></span> <span class='ocrx_word' id='word_1_111' title='bbox 1748 1627 1931 1685; x_wconf 83' lang='lat' dir='ltr'><strong>fuisset</strong></span> <span class='ocrx_word' id='word_1_112' title='bbox 1944 1671 1960 1698; x_wconf 93' lang='lat'><strong>,</strong></span> <span class='ocrx_word' id='word_1_113' title='bbox 2002 1632 2242 1705; x_wconf 81' lang='lat' dir='ltr'><strong>quaedam</strong></span> 
     </span>
     <span class='ocr_line' id='line_1_16' title="bbox 686 1716 2253 1791; baseline 0 -17"><span class='ocrx_word' id='word_1_114' title='bbox 686 1718 900 1791; x_wconf 76' lang='lat' dir='ltr'><strong>vestigia</strong></span> <span class='ocrx_word' id='word_1_115' title='bbox 944 1726 1194 1773; x_wconf 90' lang='lat' dir='ltr'><strong>restarent</strong></span> <span class='ocrx_word' id='word_1_116' title='bbox 1239 1716 1320 1771; x_wconf 79' lang='lat' dir='ltr'><strong>vel</strong></span> <span class='ocrx_word' id='word_1_117' title='bbox 1366 1726 1737 1772; x_wconf 82' lang='lat' dir='ltr'><strong>excavatorum</strong></span> <span class='ocrx_word' id='word_1_118' title='bbox 1788 1716 2253 1775; x_wconf 79' lang='lat' dir='ltr'><strong>fundamentorum</strong></span> 
     </span>
     <span class='ocr_line' id='line_1_17' title="bbox 687 1802 2250 1881; baseline 0.001 -19"><span class='ocrx_word' id='word_1_119' title='bbox 687 1806 771 1863; x_wconf 76' lang='lat' dir='ltr'><strong>vel</strong></span> <span class='ocrx_word' id='word_1_120' title='bbox 814 1806 997 1862; x_wconf 67' lang='lat' dir='ltr'><strong>excisae</strong></span> <span class='ocrx_word' id='word_1_121' title='bbox 1041 1806 1138 1859; x_wconf 78' lang='lat' dir='ltr'><strong>viae</strong></span> <span class='ocrx_word' id='word_1_122' title='bbox 1178 1802 1245 1859; x_wconf 87' lang='lat' dir='ltr'><strong>ad</strong></span> <span class='ocrx_word' id='word_1_123' title='bbox 1295 1822 1595 1872; x_wconf 85' lang='lat' dir='ltr'><strong>ascensum,</strong></span> <span class='ocrx_word' id='word_1_124' title='bbox 1652 1805 1747 1861; x_wconf 92' lang='lat' dir='ltr'><strong>ubi</strong></span> <span class='ocrx_word' id='word_1_125' title='bbox 1786 1807 1929 1861; x_wconf 89' lang='lat' dir='ltr'><strong>nulla</strong></span> <span class='ocrx_word' id='word_1_126' title='bbox 1979 1818 2250 1881; x_wconf 76' lang='lat' dir='ltr'><strong>apparent.</strong></span> 
     </span>
     <span class='ocr_line' id='line_1_18' title="bbox 690 1888 2253 1967; baseline 0.001 -20"><span class='ocrx_word' id='word_1_127' title='bbox 690 1891 873 1965; x_wconf 76' lang='lat' dir='ltr'><strong>Quid?</strong></span> <span class='ocrx_word' id='word_1_128' title='bbox 893 1890 1036 1966; x_wconf 90' lang='lat' dir='ltr'><strong>quod</strong></span> <span class='ocrx_word' id='word_1_129' title='bbox 1054 1891 1208 1945; x_wconf 88' lang='lat' dir='ltr'><strong>etiam</strong></span> <span class='ocrx_word' id='word_1_130' title='bbox 1227 1891 1273 1945; x_wconf 89' lang='lat' dir='ltr'><strong>si</strong></span> <span class='ocrx_word' id='word_1_131' title='bbox 1294 1890 1398 1945; x_wconf 88' lang='lat' dir='ltr'><strong>illic</strong></span> <span class='ocrx_word' id='word_1_132' title='bbox 1426 1888 1608 1945; x_wconf 80' lang='lat' dir='ltr'><strong>fuisset</strong></span> <span class='ocrx_word' id='word_1_133' title='bbox 1642 1892 1793 1947; x_wconf 90' lang='lat' dir='ltr'><strong>Darii</strong></span> <span class='ocrx_word' id='word_1_134' title='bbox 1818 1894 2143 1967; x_wconf 88' lang='lat' dir='ltr'><strong>temporibus</strong></span> <span class='ocrx_word' id='word_1_135' title='bbox 2163 1894 2253 1949; x_wconf 87' lang='lat' dir='ltr'><strong>ali·</strong></span> 
     </span>
     <span class='ocr_line' id='line_1_19' title="bbox 687 1975 2255 2053; baseline 0.001 -17"><span class='ocrx_word' id='word_1_136' title='bbox 687 1977 836 2053; x_wconf 88' lang='lat' dir='ltr'><strong>quod</strong></span> <span class='ocrx_word' id='word_1_137' title='bbox 859 1978 1140 2052; x_wconf 85' lang='lat' dir='ltr'><strong>templum,</strong></span> <span class='ocrx_word' id='word_1_138' title='bbox 1168 1987 1343 2032; x_wconf 85' lang='lat' dir='ltr'><strong>tamen</strong></span> <span class='ocrx_word' id='word_1_139' title='bbox 1362 1994 1424 2031; x_wconf 84' lang='lat' dir='ltr'><strong>ex</strong></span> <span class='ocrx_word' id='word_1_140' title='bbox 1455 1975 1733 2033; x_wconf 72' lang='lat' dir='ltr'><strong>antedictis</strong></span> <span class='ocrx_word' id='word_1_141' title='bbox 1762 1989 1997 2046; x_wconf 88' lang='lat' dir='ltr'><strong>constat,</strong></span> <span class='ocrx_word' id='word_1_142' title='bbox 2030 1980 2175 2035; x_wconf 81' lang='lat' dir='ltr'><strong>Jovis</strong></span> <span class='ocrx_word' id='word_1_143' title='bbox 2200 1992 2255 2037; x_wconf 91' lang='lat' dir='ltr'><strong>et</strong></span> 
     </span>
     <span class='ocr_line' id='line_1_20' title="bbox 684 2065 2253 2143; baseline 0 -19"><span class='ocrx_word' id='word_1_144' title='bbox 684 2068 919 2143; x_wconf 81' lang='lat' dir='ltr'><strong>Neptuni</strong></span> <span class='ocrx_word' id='word_1_145' title='bbox 958 2066 1111 2121; x_wconf 81' lang='lat' dir='ltr'><strong>fuisse</strong></span> <span class='ocrx_word' id='word_1_146' title='bbox 1136 2066 1191 2120; x_wconf 89' lang='lat' dir='ltr'><strong>in</strong></span> <span class='ocrx_word' id='word_1_147' title='bbox 1230 2065 1349 2120; x_wconf 88' lang='lat' dir='ltr'><strong>loco</strong></span> <span class='ocrx_word' id='word_1_148' title='bbox 1394 2076 1699 2140; x_wconf 87' lang='lat' dir='ltr'><strong>nuncupato</strong></span> <span class='ocrx_word' id='word_1_149' title='bbox 1746 2068 1923 2135; x_wconf 88' lang='lat' dir='ltr'><strong>Fano,</strong></span> <span class='ocrx_word' id='word_1_150' title='bbox 1966 2085 1999 2123; x_wconf 97' lang='lat' dir='ltr'><strong>a</strong></span> <span class='ocrx_word' id='word_1_151' title='bbox 2033 2070 2253 2142; x_wconf 85' lang='lat' dir='ltr'><strong>Cyaneis</strong></span> 
     </span>
     <span class='ocr_line' id='line_1_21' title="bbox 688 2152 2250 2227; baseline 0.001 -16"><span class='ocrx_word' id='word_1_152' title='bbox 688 2155 916 2211; x_wconf 79' lang='lat' dir='ltr'><strong>distante</strong></span> <span class='ocrx_word' id='word_1_153' title='bbox 950 2153 1291 2227; x_wconf 84' lang='lat' dir='ltr'><strong>quadraginta</strong></span> <span class='ocrx_word' id='word_1_154' title='bbox 1326 2152 1522 2222; x_wconf 84' lang='lat' dir='ltr'><strong>stadia;</strong></span> <span class='ocrx_word' id='word_1_155' title='bbox 1548 2164 1665 2209; x_wconf 86' lang='lat' dir='ltr'><strong>tum</strong></span> <span class='ocrx_word' id='word_1_156' title='bbox 1704 2155 1935 2211; x_wconf 88' lang='lat' dir='ltr'><strong>maxime</strong></span> <span class='ocrx_word' id='word_1_157' title='bbox 1972 2157 2027 2211; x_wconf 89' lang='lat' dir='ltr'><strong>in</strong></span> <span class='ocrx_word' id='word_1_158' title='bbox 2064 2155 2250 2212; x_wconf 86' lang='lat' dir='ltr'><strong>eodem</strong></span> 
     </span>
     <span class='ocr_line' id='line_1_22' title="bbox 681 2239 2251 2315; baseline 0 -16"><span class='ocrx_word' id='word_1_159' title='bbox 681 2242 802 2299; x_wconf 87' lang='lat' dir='ltr'><strong>loco</strong></span> <span class='ocrx_word' id='word_1_160' title='bbox 822 2241 981 2297; x_wconf 84' lang='lat' dir='ltr'><strong>fuisse</strong></span> <span class='ocrx_word' id='word_1_161' title='bbox 1016 2239 1269 2315; x_wconf 86' lang='lat' dir='ltr'><strong>templum</strong></span> <span class='ocrx_word' id='word_1_162' title='bbox 1294 2240 1553 2313; x_wconf 83' lang='lat' dir='ltr'><strong>Neptuni,</strong></span> <span class='ocrx_word' id='word_1_163' title='bbox 1584 2241 1641 2295; x_wconf 88' lang='lat' dir='ltr'><strong>in</strong></span> <span class='ocrx_word' id='word_1_164' title='bbox 1668 2258 1779 2315; x_wconf 89' lang='lat' dir='ltr'><strong>quo</strong></span> <span class='ocrx_word' id='word_1_165' title='bbox 1808 2252 2015 2298; x_wconf 85' lang='lat' dir='ltr'><strong>statutae</strong></span> <span class='ocrx_word' id='word_1_166' title='bbox 2038 2243 2251 2299; x_wconf 86' lang='lat' dir='ltr'><strong>suerunt</strong></span> 
     </span>
     <span class='ocr_line' id='line_1_23' title="bbox 682 2326 2249 2405; baseline 0.001 -19"><span class='ocrx_word' id='word_1_167' title='bbox 682 2330 820 2386; x_wconf 75' lang='lat' dir='ltr'><strong>aedes</strong></span> <span class='ocrx_word' id='word_1_168' title='bbox 846 2342 899 2386; x_wconf 91' lang='lat' dir='ltr'><strong>et</strong></span> <span class='ocrx_word' id='word_1_169' title='bbox 919 2348 1022 2385; x_wconf 72' lang='lat' dir='ltr'><strong>arae</strong></span> <span class='ocrx_word' id='word_1_170' title='bbox 1043 2326 1325 2383; x_wconf 76' lang='lat' dir='ltr'><strong>duodecim</strong></span> <span class='ocrx_word' id='word_1_171' title='bbox 1363 2326 1464 2384; x_wconf 86' lang='lat' dir='ltr'><strong>diis</strong></span> <span class='ocrx_word' id='word_1_172' title='bbox 1478 2372 1493 2397; x_wconf 87' lang='lat'>‚</span> <span class='ocrx_word' id='word_1_173' title='bbox 1515 2339 1658 2404; x_wconf 85' lang='lat' dir='ltr'><strong>patet</strong></span> <span class='ocrx_word' id='word_1_174' title='bbox 1692 2348 1760 2385; x_wconf 84' lang='lat' dir='ltr'><strong>ex</strong></span> <span class='ocrx_word' id='word_1_175' title='bbox 1783 2328 1883 2386; x_wconf 88' lang='lat' dir='ltr'><strong>illis</strong></span> <span class='ocrx_word' id='word_1_176' title='bbox 1916 2349 2033 2404; x_wconf 79' lang='lat' dir='ltr'><strong>quae</strong></span> <span class='ocrx_word' id='word_1_177' title='bbox 2066 2332 2249 2405; x_wconf 86' lang='lat' dir='ltr'><strong>scripsi</strong></span> 
     </span>
     <span class='ocr_line' id='line_1_24' title="bbox 680 2414 2251 2493; baseline 0.001 -20"><span class='ocrx_word' id='word_1_178' title='bbox 680 2419 738 2473; x_wconf 86' lang='lat' dir='ltr'><strong>in</strong></span> <span class='ocrx_word' id='word_1_179' title='bbox 773 2418 953 2492; x_wconf 89' lang='lat' dir='ltr'><strong>primo</strong></span> <span class='ocrx_word' id='word_1_180' title='bbox 977 2416 1112 2471; x_wconf 90' lang='lat' dir='ltr'><strong>libro</strong></span> <span class='ocrx_word' id='word_1_181' title='bbox 1128 2456 1142 2482; x_wconf 88' lang='lat'><strong>,</strong></span> <span class='ocrx_word' id='word_1_182' title='bbox 1183 2425 1301 2470; x_wconf 88' lang='lat' dir='ltr'><strong>tum</strong></span> <span class='ocrx_word' id='word_1_183' title='bbox 1323 2434 1388 2471; x_wconf 89' lang='lat' dir='ltr'><strong>ex</strong></span> <span class='ocrx_word' id='word_1_184' title='bbox 1405 2414 1488 2471; x_wconf 86' lang='lat' dir='ltr'><strong>his</strong></span> <span class='ocrx_word' id='word_1_185' title='bbox 1511 2432 1629 2489; x_wconf 77' lang='lat' dir='ltr'><strong>quae</strong></span> <span class='ocrx_word' id='word_1_186' title='bbox 1652 2417 1836 2474; x_wconf 79' lang='lat' dir='ltr'><strong>scribit</strong></span> <span class='ocrx_word' id='word_1_187' title='bbox 1861 2420 2121 2493; x_wconf 75' lang='lat' dir='ltr'><strong>Nymphis</strong></span> <span class='ocrx_word' id='word_1_188' title='bbox 2145 2420 2251 2475; x_wconf 88' lang='lat' dir='ltr'><strong>He-</strong></span> 
     </span>
     <span class='ocr_line' id='line_1_25' title="bbox 681 2501 2245 2579; baseline 0.001 -18"><span class='ocrx_word' id='word_1_189' title='bbox 681 2505 915 2561; x_wconf 86' lang='lat' dir='ltr'><strong>racleota</strong></span> <span class='ocrx_word' id='word_1_190' title='bbox 960 2504 1017 2559; x_wconf 82' lang='lat' dir='ltr'><strong>in</strong></span> <span class='ocrx_word' id='word_1_191' title='bbox 1056 2513 1202 2558; x_wconf 88' lang='lat' dir='ltr'><strong>sexto</strong></span> <span class='ocrx_word' id='word_1_192' title='bbox 1237 2501 1375 2559; x_wconf 91' lang='lat' dir='ltr'><strong>libro</strong></span> <span class='ocrx_word' id='word_1_193' title='bbox 1426 2501 1493 2557; x_wconf 90' lang='lat' dir='ltr'><strong>de</strong></span> <span class='ocrx_word' id='word_1_194' title='bbox 1530 2506 1705 2576; x_wconf 85' lang='lat' dir='ltr'><strong>patria</strong></span> <span class='ocrx_word' id='word_1_195' title='bbox 1746 2523 1841 2561; x_wconf 89' lang='lat' dir='ltr'><strong>sua</strong></span> <span class='ocrx_word' id='word_1_196' title='bbox 1884 2508 2007 2579; x_wconf 85' lang='lat' dir='ltr'><strong>(ap.</strong></span> <span class='ocrx_word' id='word_1_197' title='bbox 2048 2506 2245 2563; x_wconf 77' lang='lat' dir='ltr'><strong>Athen.</strong></span> 
     </span>
     <span class='ocr_line' id='line_1_26' title="bbox 676 2589 2247 2665; baseline 0 -18"><span class='ocrx_word' id='word_1_198' title='bbox 676 2609 735 2665; x_wconf 87' lang='lat' dir='ltr'><strong>p.</strong></span> <span class='ocrx_word' id='word_1_199' title='bbox 768 2590 872 2647; x_wconf 82' lang='lat'><strong>⁵36</strong></span> <span class='ocrx_word' id='word_1_200' title='bbox 890 2589 937 2665; x_wconf 94' lang='lat'><strong>).</strong></span> <span class='ocrx_word' id='word_1_201' title='bbox 977 2615 1000 2639; x_wconf 76' lang='lat'><strong>‹-</strong></span> <span class='ocrx_word' id='word_1_202' title='bbox 1030 2590 1199 2656; x_wconf 89' lang='lat' dir='ltr'><strong>Cum,</strong></span> <span class='ocrx_word' id='word_1_203' title='bbox 1232 2590 1435 2661; x_wconf 90' lang='lat' dir='ltr'><strong>inquit,</strong></span> <span class='ocrx_word' id='word_1_204' title='bbox 1478 2591 1763 2645; x_wconf 75' lang='lat' dir='ltr'><strong>Pausanias</strong></span> <span class='ocrx_word' id='word_1_205' title='bbox 1792 2592 1997 2647; x_wconf 82' lang='lat' dir='ltr'><strong>vicisset</strong></span> <span class='ocrx_word' id='word_1_206' title='bbox 2033 2591 2099 2647; x_wconf 88' lang='lat' dir='ltr'><strong>ad</strong></span> <span class='ocrx_word' id='word_1_207' title='bbox 2130 2592 2247 2649; x_wconf 85' lang='lat' dir='ltr'><strong>Pla-</strong></span> 
     </span>
     <span class='ocr_line' id='line_1_27' title="bbox 674 2676 2247 2751; baseline 0.001 -15"><span class='ocrx_word' id='word_1_208' title='bbox 674 2690 799 2736; x_wconf 75' lang='lat' dir='ltr'><strong>taeas</strong></span> <span class='ocrx_word' id='word_1_209' title='bbox 836 2676 1175 2734; x_wconf 79' lang='lat' dir='ltr'><strong>Mardonium</strong></span> <span class='ocrx_word' id='word_1_210' title='bbox 1192 2716 1209 2744; x_wconf 99' lang='lat'><strong>,</strong></span> <span class='ocrx_word' id='word_1_211' title='bbox 1268 2696 1299 2732; x_wconf 98' lang='lat' dir='ltr'><strong>a</strong></span> <span class='ocrx_word' id='word_1_212' title='bbox 1344 2678 1542 2751; x_wconf 64' lang='lat' dir='ltr'><strong>Sparta</strong></span> <span class='ocrx_word' id='word_1_213' title='bbox 1593 2677 1796 2751; x_wconf 86' lang='lat' dir='ltr'><strong>legibus</strong></span> <span class='ocrx_word' id='word_1_214' title='bbox 1860 2680 2152 2736; x_wconf 77' lang='lat' dir='ltr'><strong>desciscens</strong></span> <span class='ocrx_word' id='word_1_215' title='bbox 2193 2691 2247 2737; x_wconf 91' lang='lat' dir='ltr'><strong>et</strong></span> 
     </span>
     <span class='ocr_line' id='line_1_28' title="bbox 676 2763 2241 2841; baseline 0.002 -21"><span class='ocrx_word' id='word_1_216' title='bbox 676 2764 905 2841; x_wconf 81' lang='lat' dir='ltr'><strong>superbe</strong></span> <span class='ocrx_word' id='word_1_217' title='bbox 936 2782 1047 2819; x_wconf 88' lang='lat' dir='ltr'><strong>sese</strong></span> <span class='ocrx_word' id='word_1_218' title='bbox 1081 2763 1331 2831; x_wconf 83' lang='lat' dir='ltr'><strong>efferens,</strong></span> <span class='ocrx_word' id='word_1_219' title='bbox 1360 2781 1483 2818; x_wconf 88' lang='lat' dir='ltr'><strong>cum</strong></span> <span class='ocrx_word' id='word_1_220' title='bbox 1517 2764 1658 2821; x_wconf 88' lang='lat' dir='ltr'><strong>circa</strong></span> <span class='ocrx_word' id='word_1_221' title='bbox 1689 2768 1999 2839; x_wconf 81' lang='lat' dir='ltr'><strong>Byzantium</strong></span> <span class='ocrx_word' id='word_1_222' title='bbox 2038 2778 2241 2839; x_wconf 87' lang='lat' dir='ltr'><strong>ageret,</strong></span> 
     </span>
     <span class='ocr_line' id='line_1_29' title="bbox 672 2849 2244 2909; baseline 0.001 -1"><span class='ocrx_word' id='word_1_223' title='bbox 672 2870 871 2908; x_wconf 76' lang='lat' dir='ltr'><strong>aereum</strong></span> <span class='ocrx_word' id='word_1_224' title='bbox 908 2861 1161 2907; x_wconf 83' lang='lat' dir='ltr'><strong>craterem</strong></span> <span class='ocrx_word' id='word_1_225' title='bbox 1197 2850 1418 2905; x_wconf 79' lang='lat' dir='ltr'><strong>statuit⁵</strong></span> <span class='ocrx_word' id='word_1_226' title='bbox 1440 2849 1725 2907; x_wconf 87' lang='lat' dir='ltr'><strong>duodecim</strong></span> <span class='ocrx_word' id='word_1_227' title='bbox 1752 2852 1854 2908; x_wconf 91' lang='lat' dir='ltr'><strong>diis</strong></span> <span class='ocrx_word' id='word_1_228' title='bbox 1882 2855 1936 2908; x_wconf 92' lang='lat' dir='ltr'><strong>in</strong></span> <span class='ocrx_word' id='word_1_229' title='bbox 1973 2872 2067 2909; x_wconf 92' lang='lat' dir='ltr'><strong>ore</strong></span> <span class='ocrx_word' id='word_1_230' title='bbox 2088 2856 2244 2909; x_wconf 88' lang='lat' dir='ltr'><strong>Ponti</strong></span> 
     </span>
     <span class='ocr_line' id='line_1_30' title="bbox 675 2938 2243 3016; baseline -0.001 -18"><span class='ocrx_word' id='word_1_231' title='bbox 675 2942 788 2998; x_wconf 89' lang='lat' dir='ltr'><strong>sitis</strong></span> <span class='ocrx_word' id='word_1_232' title='bbox 804 2982 821 3009; x_wconf 89' lang='lat'><strong>,</strong></span> <span class='ocrx_word' id='word_1_233' title='bbox 851 2940 906 2995; x_wconf 91' lang='lat' dir='ltr'><strong>in</strong></span> <span class='ocrx_word' id='word_1_234' title='bbox 934 2958 1043 3014; x_wconf 88' lang='lat' dir='ltr'><strong>quo</strong></span> <span class='ocrx_word' id='word_1_235' title='bbox 1076 2956 1235 2995; x_wconf 86' lang='lat' dir='ltr'><strong>ausus</strong></span> <span class='ocrx_word' id='word_1_236' title='bbox 1262 2949 1340 2994; x_wconf 88' lang='lat' dir='ltr'><strong>est</strong></span> <span class='ocrx_word' id='word_1_237' title='bbox 1361 2938 1647 2995; x_wconf 83' lang='lat' dir='ltr'><strong>inscribere</strong></span> <span class='ocrx_word' id='word_1_238' title='bbox 1688 2940 1823 2995; x_wconf 85' lang='lat' dir='ltr'><strong>hanc</strong></span> <span class='ocrx_word' id='word_1_239' title='bbox 1848 2942 2243 3016; x_wconf 83' lang='lat' dir='ltr'><strong>inscriptionem</strong></span> 
     </span>
     <span class='ocr_line' id='line_1_31' title="bbox 671 3026 1733 3101; baseline -0.004 -16"><span class='ocrx_word' id='word_1_240' title='bbox 671 3032 752 3085; x_wconf 85' lang='lat' dir='ltr'><strong>sui</strong></span> <span class='ocrx_word' id='word_1_241' title='bbox 780 3029 976 3084; x_wconf 84' lang='lat' dir='ltr'><strong>oblitus</strong></span> <span class='ocrx_word' id='word_1_242' title='bbox 998 3027 1068 3084; x_wconf 92' lang='lat' dir='ltr'><strong>ob</strong></span> <span class='ocrx_word' id='word_1_243' title='bbox 1090 3027 1300 3083; x_wconf 83' lang='lat' dir='ltr'><strong>delicias</strong></span> <span class='ocrx_word' id='word_1_244' title='bbox 1318 3038 1373 3082; x_wconf 88' lang='lat' dir='ltr'><strong>et</strong></span> <span class='ocrx_word' id='word_1_245' title='bbox 1393 3026 1691 3101; x_wconf 81' lang='lat' dir='ltr'><strong>superbiam</strong></span> <span class='ocrx_word' id='word_1_246' title='bbox 1719 3045 1733 3081; x_wconf 78' lang='lat' dir='ltr'><strong>t</strong></span> 
     </span>
    </p>
   </div>
   <div class='ocr_carea' id='block_1_7' title="bbox 764 3141 1967 3415">
    <p class='ocr_par' dir='ltr' id='par_1_7' title="bbox 764 3141 1841 3277">
     <span class='ocr_line' id='line_1_32' title="bbox 764 3141 1839 3209; baseline -0.003 -15"><span class='ocrx_word' id='word_1_247' title='bbox 764 3143 924 3209; x_wconf 65' lang='lat' dir='ltr'><strong>Mvdp&#39;</strong></span> <span class='ocrx_word' id='word_1_248' title='bbox 952 3144 1113 3208; x_wconf 70' lang='grc' dir='ltr'><strong>ἀρετᾶς</strong></span> <span class='ocrx_word' id='word_1_249' title='bbox 1138 3142 1333 3202; x_wconf 68' lang='grc' dir='ltr'><strong>ἀνέθηκε</strong></span> <span class='ocrx_word' id='word_1_250' title='bbox 1354 3141 1647 3194; x_wconf 79' lang='grc' dir='ltr'>Ποσειδάωνι</span> <span class='ocrx_word' id='word_1_251' title='bbox 1675 3142 1839 3192; x_wconf 74' lang='grc' dir='ltr'><strong>ἄνακτι</strong></span> 
     </span>
     <span class='ocr_line' id='line_1_33' title="bbox 824 3211 1841 3277; baseline -0.005 -13"><span class='ocrx_word' id='word_1_252' title='bbox 824 3212 1121 3275; x_wconf 74' lang='grc' dir='ltr'><strong>Παυσανίας,</strong></span> <span class='ocrx_word' id='word_1_253' title='bbox 1150 3211 1310 3277; x_wconf 73' lang='grc' dir='ltr'><strong>ἄρχων</strong></span> <span class='ocrx_word' id='word_1_254' title='bbox 1326 3211 1542 3269; x_wconf 77' lang='grc' dir='ltr'>Ἑλλάδος</span> <span class='ocrx_word' id='word_1_255' title='bbox 1564 3211 1841 3276; x_wconf 76' lang='grc' dir='ltr'><strong>εὐρυχόρου,</strong></span> 
     </span>
    </p>

    <p class='ocr_par' dir='ltr' id='par_1_8' title="bbox 769 3279 1967 3415">
     <span class='ocr_line' id='line_1_34' title="bbox 769 3279 1967 3343; baseline -0.003 -10"><span class='ocrx_word' id='word_1_256' title='bbox 769 3283 953 3334; x_wconf 80' lang='grc' dir='ltr'><strong>Πόντου</strong></span> <span class='ocrx_word' id='word_1_257' title='bbox 972 3281 1044 3333; x_wconf 71' lang='grc' dir='ltr'><strong>ἐπ’</strong></span> <span class='ocrx_word' id='word_1_258' title='bbox 1066 3280 1283 3339; x_wconf 79' lang='grc' dir='ltr'><strong>Εὐξείνου</strong></span> <span class='ocrx_word' id='word_1_259' title='bbox 1304 3279 1673 3343; x_wconf 71' lang='grc' dir='ltr'><strong>Δαιεδαιμᾶνιος</strong></span> <span class='ocrx_word' id='word_1_260' title='bbox 1700 3282 1849 3343; x_wconf 78' lang='grc' dir='ltr'><strong>γένος,</strong></span> <span class='ocrx_word' id='word_1_261' title='bbox 1864 3280 1967 3336; x_wconf 81' lang='grc' dir='ltr'><strong>υίὸς</strong></span> 
     </span>
     <span class='ocr_line' id='line_1_35' title="bbox 834 3349 1881 3415; baseline -0.005 -12"><span class='ocrx_word' id='word_1_262' title='bbox 834 3352 1179 3415; x_wconf 74' lang='grc' dir='ltr'><strong>Κλευμδρὸτου,</strong></span> <span class='ocrx_word' id='word_1_263' title='bbox 1208 3349 1409 3415; x_wconf 75' lang='grc' dir='ltr'><strong>ἀρχαίας</strong></span> <span class='ocrx_word' id='word_1_264' title='bbox 1428 3350 1685 3413; x_wconf 72' lang='grc' dir='ltr'><strong>Ἡρακλέος</strong></span> <span class='ocrx_word' id='word_1_265' title='bbox 1708 3354 1881 3412; x_wconf 76' lang='grc' dir='ltr'><strong>γενεᾶς.</strong></span> 
     </span>
    </p>
   </div>
   <div class='ocr_carea' id='block_1_8' title="bbox 678 3450 2249 3523">
    <p class='ocr_par' dir='ltr' id='par_1_9' title="bbox 678 3450 2249 3523">
     <span class='ocr_line' id='line_1_36' title="bbox 678 3450 2249 3523; baseline -0.002 -13"><span class='ocrx_word' id='word_1_266' title='bbox 678 3454 983 3510; x_wconf 82' lang='lat' dir='ltr'><strong>Herodotus</strong></span> <span class='ocrx_word' id='word_1_267' title='bbox 1000 3456 1089 3523; x_wconf 87' lang='grc'><strong>(4,</strong></span> <span class='ocrx_word' id='word_1_268' title='bbox 1112 3455 1175 3508; x_wconf 81' lang='lat'><strong>81</strong></span> <span class='ocrx_word' id='word_1_269' title='bbox 1194 3454 1215 3522; x_wconf 91' lang='lat'>)</span> <span class='ocrx_word' id='word_1_270' title='bbox 1235 3452 1478 3506; x_wconf 87' lang='lat' dir='ltr'><strong>meminit</strong></span> <span class='ocrx_word' id='word_1_271' title='bbox 1492 3450 1651 3523; x_wconf 87' lang='lat' dir='ltr'><strong>hujus</strong></span> <span class='ocrx_word' id='word_1_272' title='bbox 1668 3452 1905 3507; x_wconf 62' lang='lat' dir='ltr'><strong>materis.</strong></span> <span class='ocrx_word' id='word_1_273' title='bbox 1932 3476 1956 3499; x_wconf 76' lang='grc' dir='ltr'>ι</span> <span class='ocrx_word' id='word_1_274' title='bbox 1972 3452 2037 3505; x_wconf 89' lang='lat' dir='ltr'><strong>In</strong></span> <span class='ocrx_word' id='word_1_275' title='bbox 2058 3453 2249 3507; x_wconf 86' lang='lat' dir='ltr'><strong>Exam-</strong></span> 
     </span>
    </p>
   </div>
   <div class='ocr_carea' id='block_1_9' title="bbox 2336 850 3921 3547">
    <p class='ocr_par' dir='ltr' id='par_1_10' title="bbox 2336 850 3921 3547">
     <span class='ocr_line' id='line_1_37' title="bbox 2353 850 3918 943; baseline 0.015 -35"><span class='ocrx_word' id='word_1_276' title='bbox 2353 850 2508 909; x_wconf 79' lang='lat' dir='ltr'><strong>hatur</strong></span> <span class='ocrx_word' id='word_1_277' title='bbox 2523 856 2756 929; x_wconf 87' lang='lat' dir='ltr'><strong>Neptuni</strong></span> <span class='ocrx_word' id='word_1_278' title='bbox 2781 876 2940 932; x_wconf 87' lang='lat' dir='ltr'><strong>quam</strong></span> <span class='ocrx_word' id='word_1_279' title='bbox 2963 861 3114 917; x_wconf 78' lang='lat' dir='ltr'><strong>Jovis</strong></span> <span class='ocrx_word' id='word_1_280' title='bbox 3143 882 3157 921; x_wconf 73' lang='grc' dir='ltr'><strong>ε</strong></span> <span class='ocrx_word' id='word_1_281' title='bbox 3192 874 3284 919; x_wconf 88' lang='lat' dir='ltr'><strong>aut</strong></span> <span class='ocrx_word' id='word_1_282' title='bbox 3305 867 3432 939; x_wconf 87' lang='lat' dir='ltr'><strong>quia</strong></span> <span class='ocrx_word' id='word_1_283' title='bbox 3455 868 3510 923; x_wconf 94' lang='lat' dir='ltr'><strong>in</strong></span> <span class='ocrx_word' id='word_1_284' title='bbox 3533 871 3732 943; x_wconf 85' lang='lat' dir='ltr'><strong>oppido</strong></span> <span class='ocrx_word' id='word_1_285' title='bbox 3771 874 3918 931; x_wconf 80' lang='lat' dir='ltr'><strong>Fano</strong></span> 
     </span>
     <span class='ocr_line' id='line_1_38' title="bbox 2352 942 3920 1029; baseline 0.013 -33"><span class='ocrx_word' id='word_1_286' title='bbox 2352 942 2626 1016; x_wconf 87' lang='lat' dir='ltr'><strong>proprium</strong></span> <span class='ocrx_word' id='word_1_287' title='bbox 2663 955 2798 1001; x_wconf 84' lang='lat' dir='ltr'><strong>esset</strong></span> <span class='ocrx_word' id='word_1_288' title='bbox 2840 947 3092 1023; x_wconf 87' lang='lat' dir='ltr'><strong>Neptuno</strong></span> <span class='ocrx_word' id='word_1_289' title='bbox 3135 948 3416 1009; x_wconf 81' lang='lat' dir='ltr'><strong>delubrum</strong></span> <span class='ocrx_word' id='word_1_290' title='bbox 3433 994 3448 1019; x_wconf 89' lang='lat'><strong>,</strong></span> <span class='ocrx_word' id='word_1_291' title='bbox 3487 956 3544 1010; x_wconf 91' lang='lat' dir='ltr'><strong>in</strong></span> <span class='ocrx_word' id='word_1_292' title='bbox 3586 973 3698 1029; x_wconf 89' lang='lat' dir='ltr'><strong>quo</strong></span> <span class='ocrx_word' id='word_1_293' title='bbox 3737 962 3920 1017; x_wconf 78' lang='lat' dir='ltr'><strong>statuit</strong></span> 
     </span>
     <span class='ocr_line' id='line_1_39' title="bbox 2349 1026 3921 1105; baseline 0.014 -24"><span class='ocrx_word' id='word_1_294' title='bbox 2349 1026 2495 1084; x_wconf 89' lang='lat' dir='ltr'><strong>bunc</strong></span> <span class='ocrx_word' id='word_1_295' title='bbox 2514 1040 2770 1087; x_wconf 72' lang='lat' dir='ltr'><strong>oeaterem</strong></span> <span class='ocrx_word' id='word_1_296' title='bbox 2794 1035 3098 1093; x_wconf 84' lang='lat' dir='ltr'><strong>Pausanias.</strong></span> <span class='ocrx_word' id='word_1_297' title='bbox 3133 1038 3270 1093; x_wconf 87' lang='lat' dir='ltr'><strong>Nam</strong></span> <span class='ocrx_word' id='word_1_298' title='bbox 3296 1038 3342 1093; x_wconf 89' lang='lat' dir='ltr'><strong>si</strong></span> <span class='ocrx_word' id='word_1_299' title='bbox 3367 1039 3550 1097; x_wconf 87' lang='lat' dir='ltr'><strong>eadem</strong></span> <span class='ocrx_word' id='word_1_300' title='bbox 3571 1041 3708 1099; x_wconf 69' lang='lat' dir='ltr'><strong>edes</strong></span> <span class='ocrx_word' id='word_1_301' title='bbox 3737 1043 3921 1105; x_wconf 71' lang='lat' dir='ltr'><strong>finisset</strong></span> 
     </span>
     <span class='ocr_line' id='line_1_40' title="bbox 2349 1115 3920 1199; baseline 0.013 -30"><span class='ocrx_word' id='word_1_302' title='bbox 2349 1115 2495 1171; x_wconf 85' lang='lat' dir='ltr'><strong>Jovis</strong></span> <span class='ocrx_word' id='word_1_303' title='bbox 2520 1126 2575 1173; x_wconf 91' lang='lat' dir='ltr'><strong>et</strong></span> <span class='ocrx_word' id='word_1_304' title='bbox 2613 1119 2876 1192; x_wconf 86' lang='lat' dir='ltr'><strong>Neptuni,</strong></span> <span class='ocrx_word' id='word_1_305' title='bbox 2921 1120 3329 1197; x_wconf 80' lang='lat' dir='ltr'><strong>haudquaquam</strong></span> <span class='ocrx_word' id='word_1_306' title='bbox 3365 1124 3520 1182; x_wconf 81' lang='lat' dir='ltr'><strong>video</strong></span> <span class='ocrx_word' id='word_1_307' title='bbox 3552 1145 3794 1199; x_wconf 66' lang='lat' dir='ltr'><strong>cauum,</strong></span> <span class='ocrx_word' id='word_1_308' title='bbox 3821 1150 3920 1189; x_wconf 87' lang='lat' dir='ltr'><strong>cur</strong></span> 
     </span>
     <span class='ocr_line' id='line_1_41' title="bbox 2349 1208 3918 1288; baseline 0.011 -30"><span class='ocrx_word' id='word_1_309' title='bbox 2349 1221 2460 1259; x_wconf 89' lang='lat' dir='ltr'><strong>non</strong></span> <span class='ocrx_word' id='word_1_310' title='bbox 2502 1208 2733 1279; x_wconf 88' lang='lat' dir='ltr'><strong>potuerit</strong></span> <span class='ocrx_word' id='word_1_311' title='bbox 2788 1210 2964 1283; x_wconf 87' lang='lat' dir='ltr'><strong>potius</strong></span> <span class='ocrx_word' id='word_1_312' title='bbox 3006 1229 3168 1285; x_wconf 86' lang='lat' dir='ltr'><strong>quam</strong></span> <span class='ocrx_word' id='word_1_313' title='bbox 3208 1214 3458 1288; x_wconf 85' lang='lat' dir='ltr'><strong>Neptuno</strong></span> <span class='ocrx_word' id='word_1_314' title='bbox 3502 1214 3749 1273; x_wconf 86' lang='lat' dir='ltr'><strong>dedicare</strong></span> <span class='ocrx_word' id='word_1_315' title='bbox 3796 1221 3918 1277; x_wconf 75' lang='lat' dir='ltr'><strong>Iovi</strong></span> 
     </span>
     <span class='ocr_line' id='line_1_42' title="bbox 2349 1290 3918 1374; baseline 0.011 -29"><span class='ocrx_word' id='word_1_316' title='bbox 2349 1290 2656 1348; x_wconf 84' lang='lat' dir='ltr'><strong>Eleutherio</strong></span> <span class='ocrx_word' id='word_1_317' title='bbox 2670 1333 2687 1360; x_wconf 89' lang='lat'><strong>,</strong></span> <span class='ocrx_word' id='word_1_318' title='bbox 2737 1295 2884 1369; x_wconf 86' lang='lat' dir='ltr'><strong>quod</strong></span> <span class='ocrx_word' id='word_1_319' title='bbox 2933 1307 3072 1353; x_wconf 87' lang='lat' dir='ltr'><strong>terra</strong></span> <span class='ocrx_word' id='word_1_320' title='bbox 3107 1300 3284 1374; x_wconf 88' lang='lat' dir='ltr'><strong>potius</strong></span> <span class='ocrx_word' id='word_1_321' title='bbox 3329 1318 3489 1374; x_wconf 88' lang='lat' dir='ltr'><strong>quam</strong></span> <span class='ocrx_word' id='word_1_322' title='bbox 3526 1305 3662 1359; x_wconf 88' lang='lat' dir='ltr'><strong>mari</strong></span> <span class='ocrx_word' id='word_1_323' title='bbox 3711 1305 3918 1364; x_wconf 83' lang='lat' dir='ltr'><strong>vicisset</strong></span> 
     </span>
     <span class='ocr_line' id='line_1_43' title="bbox 2347 1378 3916 1452; baseline 0.011 -19"><span class='ocrx_word' id='word_1_324' title='bbox 2347 1378 2710 1437; x_wconf 84' lang='lat' dir='ltr'><strong>Mardonium.</strong></span> <span class='ocrx_word' id='word_1_325' title='bbox 2738 1386 2771 1439; x_wconf 85' lang='lat' dir='ltr'><strong>J</strong></span> <span class='ocrx_word' id='word_1_326' title='bbox 2773 1385 2857 1439; x_wconf 83' lang='lat' dir='ltr'><strong>ovi</strong></span> <span class='ocrx_word' id='word_1_327' title='bbox 2883 1386 3027 1441; x_wconf 89' lang='lat' dir='ltr'><strong>enim</strong></span> <span class='ocrx_word' id='word_1_328' title='bbox 3059 1388 3366 1446; x_wconf 82' lang='lat' dir='ltr'><strong>Eleutherio</strong></span> <span class='ocrx_word' id='word_1_329' title='bbox 3398 1402 3652 1447; x_wconf 69' lang='lat' dir='ltr'><strong>craterem</strong></span> <span class='ocrx_word' id='word_1_330' title='bbox 3677 1392 3916 1452; x_wconf 85' lang='lat' dir='ltr'><strong>solebant</strong></span> 
     </span>
     <span class='ocr_line' id='line_1_44' title="bbox 2347 1468 3910 1553; baseline 0.013 -34"><span class='ocrx_word' id='word_1_331' title='bbox 2347 1468 2550 1540; x_wconf 88' lang='lat' dir='ltr'><strong>antiqui</strong></span> <span class='ocrx_word' id='word_1_332' title='bbox 2576 1478 2802 1525; x_wconf 83' lang='lat' dir='ltr'><strong>statuere</strong></span> <span class='ocrx_word' id='word_1_333' title='bbox 2823 1486 2922 1545; x_wconf 83' lang='lat' dir='ltr'><strong>pro</strong></span> <span class='ocrx_word' id='word_1_334' title='bbox 2945 1472 3212 1543; x_wconf 84' lang='lat' dir='ltr'><strong>libertate,</strong></span> <span class='ocrx_word' id='word_1_335' title='bbox 3243 1477 3334 1549; x_wconf 87' lang='lat' dir='ltr'><strong>qui</strong></span> <span class='ocrx_word' id='word_1_336' title='bbox 3367 1477 3545 1533; x_wconf 87' lang='lat' dir='ltr'><strong>hostes</strong></span> <span class='ocrx_word' id='word_1_337' title='bbox 3575 1480 3910 1553; x_wconf 80' lang='lat' dir='ltr'><strong>repulissent.</strong></span> 
     </span>
     <span class='ocr_line' id='line_1_45' title="bbox 2346 1552 3914 1642; baseline 0.011 -35"><span class='ocrx_word' id='word_1_338' title='bbox 2346 1552 2450 1608; x_wconf 87' lang='lat' dir='ltr'><strong>Sed</strong></span> <span class='ocrx_word' id='word_1_339' title='bbox 2469 1553 2524 1609; x_wconf 89' lang='lat' dir='ltr'><strong>in</strong></span> <span class='ocrx_word' id='word_1_340' title='bbox 2548 1554 2650 1610; x_wconf 90' lang='lat' dir='ltr'><strong>bac</strong></span> <span class='ocrx_word' id='word_1_341' title='bbox 2672 1571 2732 1611; x_wconf 83' lang='lat' dir='ltr'><strong>re</strong></span> <span class='ocrx_word' id='word_1_342' title='bbox 2757 1568 2888 1631; x_wconf 91' lang='lat' dir='ltr'><strong>puto</strong></span> <span class='ocrx_word' id='word_1_343' title='bbox 2927 1570 3168 1616; x_wconf 88' lang='lat' dir='ltr'><strong>secutum</strong></span> <span class='ocrx_word' id='word_1_344' title='bbox 3195 1563 3506 1619; x_wconf 78' lang='lat' dir='ltr'><strong>Pausaniam</strong></span> <span class='ocrx_word' id='word_1_345' title='bbox 3531 1582 3814 1623; x_wconf 88' lang='lat' dir='ltr'><strong>commune</strong></span> <span class='ocrx_word' id='word_1_346' title='bbox 3827 1568 3914 1642; x_wconf 86' lang='lat' dir='ltr'><strong>ju-</strong></span> 
     </span>
     <span class='ocr_line' id='line_1_46' title="bbox 2347 1641 3912 1731; baseline 0.01 -33"><span class='ocrx_word' id='word_1_347' title='bbox 2347 1641 2548 1700; x_wconf 85' lang='lat' dir='ltr'><strong>dicium</strong></span> <span class='ocrx_word' id='word_1_348' title='bbox 2587 1646 2924 1717; x_wconf 74' lang='lat' dir='ltr'><strong>Graecorum,</strong></span> <span class='ocrx_word' id='word_1_349' title='bbox 2967 1651 3060 1724; x_wconf 88' lang='lat' dir='ltr'><strong>qui</strong></span> <span class='ocrx_word' id='word_1_350' title='bbox 3098 1654 3380 1726; x_wconf 89' lang='lat' dir='ltr'><strong>Neptuno,</strong></span> <span class='ocrx_word' id='word_1_351' title='bbox 3420 1666 3482 1709; x_wconf 94' lang='lat' dir='ltr'><strong>ut</strong></span> <span class='ocrx_word' id='word_1_352' title='bbox 3508 1650 3736 1731; x_wconf 77' lang='grc' dir='ltr'><strong>σωτῆρι,</strong></span> <span class='ocrx_word' id='word_1_353' title='bbox 3769 1674 3912 1713; x_wconf 87' lang='lat' dir='ltr'><strong>aram</strong></span> 
     </span>
     <span class='ocr_line' id='line_1_47' title="bbox 2347 1732 3910 1812; baseline 0.01 -26"><span class='ocrx_word' id='word_1_354' title='bbox 2347 1732 2634 1788; x_wconf 82' lang='lat' dir='ltr'><strong>erexissent</strong></span> <span class='ocrx_word' id='word_1_355' title='bbox 2647 1773 2665 1801; x_wconf 88' lang='lat'><strong>,</strong></span> <span class='ocrx_word' id='word_1_356' title='bbox 2713 1734 2860 1807; x_wconf 91' lang='lat' dir='ltr'><strong>quod</strong></span> <span class='ocrx_word' id='word_1_357' title='bbox 2915 1738 3224 1812; x_wconf 83' lang='lat' dir='ltr'><strong>Neptunum</strong></span> <span class='ocrx_word' id='word_1_358' title='bbox 3267 1742 3626 1798; x_wconf 85' lang='lat' dir='ltr'><strong>existimarent</strong></span> <span class='ocrx_word' id='word_1_359' title='bbox 3649 1745 3910 1801; x_wconf 72' lang='lat' dir='ltr'><strong>Graeciam</strong></span> 
     </span>
     <span class='ocr_line' id='line_1_48' title="bbox 2345 1814 3910 1899; baseline 0.009 -28"><span class='ocrx_word' id='word_1_360' title='bbox 2345 1814 2590 1874; x_wconf 86' lang='lat' dir='ltr'><strong>liberasse</strong></span> <span class='ocrx_word' id='word_1_361' title='bbox 2615 1837 2646 1874; x_wconf 91' lang='lat' dir='ltr'><strong>a</strong></span> <span class='ocrx_word' id='word_1_362' title='bbox 2689 1822 2968 1878; x_wconf 87' lang='lat' dir='ltr'><strong>Persarum</strong></span> <span class='ocrx_word' id='word_1_363' title='bbox 2993 1826 3260 1880; x_wconf 80' lang='lat' dir='ltr'><strong>servitute.</strong></span> <span class='ocrx_word' id='word_1_364' title='bbox 3325 1828 3558 1899; x_wconf 90' lang='lat' dir='ltr'><strong>Neptuni</strong></span> <span class='ocrx_word' id='word_1_365' title='bbox 3582 1838 3806 1885; x_wconf 90' lang='lat' dir='ltr'><strong>statuam</strong></span> <span class='ocrx_word' id='word_1_366' title='bbox 3837 1832 3910 1885; x_wconf 90' lang='lat' dir='ltr'><strong>si-</strong></span> 
     </span>
     <span class='ocr_line' id='line_1_49' title="bbox 2346 1902 3912 1987; baseline 0.01 -30"><span class='ocrx_word' id='word_1_367' title='bbox 2346 1902 2540 1958; x_wconf 89' lang='lat' dir='ltr'><strong>militer</strong></span> <span class='ocrx_word' id='word_1_368' title='bbox 2582 1922 2770 1960; x_wconf 79' lang='lat' dir='ltr'><strong>aeream</strong></span> <span class='ocrx_word' id='word_1_369' title='bbox 2795 1906 2952 1962; x_wconf 77' lang='lat' dir='ltr'><strong>fuisse</strong></span> <span class='ocrx_word' id='word_1_370' title='bbox 2983 1928 3092 1965; x_wconf 91' lang='lat' dir='ltr'><strong>non</strong></span> <span class='ocrx_word' id='word_1_371' title='bbox 3137 1910 3349 1967; x_wconf 89' lang='lat' dir='ltr'><strong>aliunde</strong></span> <span class='ocrx_word' id='word_1_372' title='bbox 3369 1912 3608 1985; x_wconf 76' lang='lat' dir='ltr'><strong>colligere</strong></span> <span class='ocrx_word' id='word_1_373' title='bbox 3633 1930 3912 1987; x_wconf 86' lang='lat' dir='ltr'><strong>possumus</strong></span> 
     </span>
     <span class='ocr_line' id='line_1_50' title="bbox 2345 1990 3914 2070; baseline 0.01 -26"><span class='ocrx_word' id='word_1_374' title='bbox 2345 2008 2505 2063; x_wconf 84' lang='lat' dir='ltr'><strong>quam</strong></span> <span class='ocrx_word' id='word_1_375' title='bbox 2529 2008 2562 2046; x_wconf 97' lang='lat' dir='ltr'><strong>a</strong></span> <span class='ocrx_word' id='word_1_376' title='bbox 2585 1990 2884 2064; x_wconf 87' lang='lat' dir='ltr'><strong>conjectura</strong></span> <span class='ocrx_word' id='word_1_377' title='bbox 2909 1995 3011 2051; x_wconf 84' lang='lat' dir='ltr'><strong>illa.</strong></span> <span class='ocrx_word' id='word_1_378' title='bbox 3040 1997 3338 2055; x_wconf 85' lang='lat' dir='ltr'><strong>Verisimile</strong></span> <span class='ocrx_word' id='word_1_379' title='bbox 3365 2000 3508 2055; x_wconf 89' lang='lat' dir='ltr'><strong>enim</strong></span> <span class='ocrx_word' id='word_1_380' title='bbox 3545 2000 3771 2070; x_wconf 78' lang='lat' dir='ltr'><strong>videtur,</strong></span> <span class='ocrx_word' id='word_1_381' title='bbox 3805 2006 3914 2059; x_wconf 80' lang='lat' dir='ltr'><strong>sive</strong></span> 
     </span>
     <span class='ocr_line' id='line_1_51' title="bbox 2344 2076 3906 2163; baseline 0.008 -31"><span class='ocrx_word' id='word_1_382' title='bbox 2344 2076 2506 2133; x_wconf 83' lang='lat' dir='ltr'><strong>fuerit</strong></span> <span class='ocrx_word' id='word_1_383' title='bbox 2537 2078 2623 2135; x_wconf 87' lang='lat' dir='ltr'><strong>illa</strong></span> <span class='ocrx_word' id='word_1_384' title='bbox 2665 2098 2696 2135; x_wconf 91' lang='lat' dir='ltr'><strong>a</strong></span> <span class='ocrx_word' id='word_1_385' title='bbox 2736 2080 3100 2139; x_wconf 85' lang='lat' dir='ltr'><strong>Chalcedoniis</strong></span> <span class='ocrx_word' id='word_1_386' title='bbox 3137 2095 3360 2153; x_wconf 87' lang='lat' dir='ltr'><strong>statuta,</strong></span> <span class='ocrx_word' id='word_1_387' title='bbox 3395 2087 3506 2143; x_wconf 83' lang='lat' dir='ltr'><strong>sive</strong></span> <span class='ocrx_word' id='word_1_388' title='bbox 3541 2105 3574 2143; x_wconf 98' lang='lat' dir='ltr'><strong>a</strong></span> <span class='ocrx_word' id='word_1_389' title='bbox 3611 2089 3906 2163; x_wconf 77' lang='lat' dir='ltr'><strong>Byzantiis,</strong></span> 
     </span>
     <span class='ocr_line' id='line_1_52' title="bbox 2343 2167 3911 2246; baseline 0.008 -26"><span class='ocrx_word' id='word_1_390' title='bbox 2343 2167 2582 2240; x_wconf 86' lang='lat' dir='ltr'><strong>utrisque</strong></span> <span class='ocrx_word' id='word_1_391' title='bbox 2607 2167 2806 2224; x_wconf 90' lang='lat' dir='ltr'><strong>colonis</strong></span> <span class='ocrx_word' id='word_1_392' title='bbox 2839 2172 3226 2244; x_wconf 75' lang='lat' dir='ltr'><strong>Megarensium</strong></span> <span class='ocrx_word' id='word_1_393' title='bbox 3265 2184 3319 2229; x_wconf 92' lang='lat' dir='ltr'><strong>et</strong></span> <span class='ocrx_word' id='word_1_394' title='bbox 3359 2175 3760 2232; x_wconf 83' lang='lat' dir='ltr'><strong>Corinthiorum</strong></span> <span class='ocrx_word' id='word_1_395' title='bbox 3775 2218 3792 2246; x_wconf 92' lang='lat'><strong>,</strong></span> <span class='ocrx_word' id='word_1_396' title='bbox 3820 2196 3911 2233; x_wconf 87' lang='lat' dir='ltr'><strong>eos</strong></span> 
     </span>
     <span class='ocr_line' id='line_1_53' title="bbox 2342 2252 3911 2333; baseline 0.01 -27"><span class='ocrx_word' id='word_1_397' title='bbox 2342 2252 2572 2309; x_wconf 83' lang='lat' dir='ltr'><strong>imitatos</strong></span> <span class='ocrx_word' id='word_1_398' title='bbox 2593 2254 2754 2311; x_wconf 81' lang='lat' dir='ltr'><strong>fuisse</strong></span> <span class='ocrx_word' id='word_1_399' title='bbox 2790 2258 3152 2330; x_wconf 71' lang='lat' dir='ltr'><strong>progenitores</strong></span> <span class='ocrx_word' id='word_1_400' title='bbox 3177 2277 3333 2331; x_wconf 82' lang='lat' dir='ltr'><strong>suos,</strong></span> <span class='ocrx_word' id='word_1_401' title='bbox 3365 2262 3457 2333; x_wconf 89' lang='lat' dir='ltr'><strong>qui</strong></span> <span class='ocrx_word' id='word_1_402' title='bbox 3498 2262 3554 2317; x_wconf 90' lang='lat' dir='ltr'><strong>in</strong></span> <span class='ocrx_word' id='word_1_403' title='bbox 3591 2262 3796 2320; x_wconf 83' lang='lat' dir='ltr'><strong>Isthmo</strong></span> <span class='ocrx_word' id='word_1_404' title='bbox 3819 2283 3911 2321; x_wconf 88' lang='lat' dir='ltr'><strong>cu·</strong></span> 
     </span>
     <span class='ocr_line' id='line_1_54' title="bbox 2339 2344 3905 2422; baseline 0.01 -27"><span class='ocrx_word' id='word_1_405' title='bbox 2339 2352 2526 2397; x_wconf 86' lang='lat' dir='ltr'><strong>rarunt</strong></span> <span class='ocrx_word' id='word_1_406' title='bbox 2541 2382 2558 2410; x_wconf 89' lang='lat'><strong>,</strong></span> <span class='ocrx_word' id='word_1_407' title='bbox 2605 2355 2666 2399; x_wconf 92' lang='lat' dir='ltr'><strong>ut</strong></span> <span class='ocrx_word' id='word_1_408' title='bbox 2711 2346 2971 2419; x_wconf 81' lang='lat' dir='ltr'><strong>Lysippus</strong></span> <span class='ocrx_word' id='word_1_409' title='bbox 3036 2344 3268 2403; x_wconf 86' lang='lat' dir='ltr'><strong>efficeret</strong></span> <span class='ocrx_word' id='word_1_410' title='bbox 3317 2350 3629 2422; x_wconf 88' lang='lat' dir='ltr'><strong>Neptunum</strong></span> <span class='ocrx_word' id='word_1_411' title='bbox 3679 2369 3905 2411; x_wconf 69' lang='lat' dir='ltr'><strong>aeneum.</strong></span> 
     </span>
     <span class='ocr_line' id='line_1_55' title="bbox 2341 2428 3907 2499; baseline 0.008 -15"><span class='ocrx_word' id='word_1_412' title='bbox 2341 2428 2525 2499; x_wconf 88' lang='lat' dir='ltr'><strong>Qualis</strong></span> <span class='ocrx_word' id='word_1_413' title='bbox 2545 2440 2724 2487; x_wconf 88' lang='lat' dir='ltr'><strong>autem</strong></span> <span class='ocrx_word' id='word_1_414' title='bbox 2768 2432 2928 2488; x_wconf 84' lang='lat' dir='ltr'><strong>suerit</strong></span> <span class='ocrx_word' id='word_1_415' title='bbox 2970 2444 3141 2490; x_wconf 88' lang='lat' dir='ltr'><strong>statua</strong></span> <span class='ocrx_word' id='word_1_416' title='bbox 3181 2436 3328 2491; x_wconf 78' lang='lat' dir='ltr'><strong>Jovis</strong></span> <span class='ocrx_word' id='word_1_417' title='bbox 3367 2437 3485 2494; x_wconf 89' lang='lat' dir='ltr'><strong>Urii</strong></span> <span class='ocrx_word' id='word_1_418' title='bbox 3528 2438 3584 2493; x_wconf 90' lang='lat' dir='ltr'><strong>in</strong></span> <span class='ocrx_word' id='word_1_419' title='bbox 3625 2456 3718 2495; x_wconf 90' lang='lat' dir='ltr'><strong>ore</strong></span> <span class='ocrx_word' id='word_1_420' title='bbox 3753 2441 3907 2497; x_wconf 85' lang='lat' dir='ltr'><strong>Ponti</strong></span> 
     </span>
     <span class='ocr_line' id='line_1_56' title="bbox 2338 2517 3909 2599; baseline 0.006 -26"><span class='ocrx_word' id='word_1_421' title='bbox 2338 2517 2610 2573; x_wconf 84' lang='lat' dir='ltr'><strong>constituti</strong></span> <span class='ocrx_word' id='word_1_422' title='bbox 2627 2558 2644 2588; x_wconf 83' lang='lat'><strong>‚</strong></span> <span class='ocrx_word' id='word_1_423' title='bbox 2684 2536 2854 2592; x_wconf 90' lang='lat' dir='ltr'><strong>neque</strong></span> <span class='ocrx_word' id='word_1_424' title='bbox 2881 2520 3168 2595; x_wconf 86' lang='lat' dir='ltr'><strong>Dionysius</strong></span> <span class='ocrx_word' id='word_1_425' title='bbox 3183 2561 3202 2589; x_wconf 90' lang='lat'><strong>,</strong></span> <span class='ocrx_word' id='word_1_426' title='bbox 3231 2539 3406 2596; x_wconf 89' lang='lat' dir='ltr'><strong>neque</strong></span> <span class='ocrx_word' id='word_1_427' title='bbox 3439 2524 3720 2597; x_wconf 82' lang='lat' dir='ltr'><strong>qnisquam</strong></span> <span class='ocrx_word' id='word_1_428' title='bbox 3746 2526 3909 2599; x_wconf 88' lang='lat' dir='ltr'><strong>expli·</strong></span> 
     </span>
     <span class='ocr_line' id='line_1_57' title="bbox 2338 2605 3908 2687; baseline 0.008 -28"><span class='ocrx_word' id='word_1_429' title='bbox 2338 2614 2451 2671; x_wconf 89' lang='lat' dir='ltr'><strong>cat,</strong></span> <span class='ocrx_word' id='word_1_430' title='bbox 2503 2605 2604 2661; x_wconf 88' lang='lat' dir='ltr'><strong>nisi</strong></span> <span class='ocrx_word' id='word_1_431' title='bbox 2649 2623 2790 2661; x_wconf 90' lang='lat' dir='ltr'><strong>unus</strong></span> <span class='ocrx_word' id='word_1_432' title='bbox 2827 2607 3014 2664; x_wconf 89' lang='lat' dir='ltr'><strong>Cicero</strong></span> <span class='ocrx_word' id='word_1_433' title='bbox 3056 2609 3150 2679; x_wconf 91' lang='lat' dir='ltr'><strong>(in</strong></span> <span class='ocrx_word' id='word_1_434' title='bbox 3193 2610 3418 2666; x_wconf 85' lang='lat' dir='ltr'><strong>Verrem</strong></span> <span class='ocrx_word' id='word_1_435' title='bbox 3462 2616 3516 2679; x_wconf 87' lang='grc'><strong>4,</strong></span> <span class='ocrx_word' id='word_1_436' title='bbox 3547 2611 3646 2683; x_wconf 81' lang='grc'><strong>57,</strong></span> <span class='ocrx_word' id='word_1_437' title='bbox 3691 2616 3908 2687; x_wconf 69' lang='lat'><strong>5120).</strong></span> 
     </span>
     <span class='ocr_line' id='line_1_58' title="bbox 2345 2691 3909 2770; baseline 0.006 -21"><span class='ocrx_word' id='word_1_438' title='bbox 2345 2691 2476 2749; x_wconf 78' lang='lat' dir='ltr'><strong>Tria</strong></span> <span class='ocrx_word' id='word_1_439' title='bbox 2490 2732 2507 2758; x_wconf 90' lang='lat'><strong>,</strong></span> <span class='ocrx_word' id='word_1_440' title='bbox 2535 2692 2739 2767; x_wconf 84' lang='lat' dir='ltr'><strong>inquit,</strong></span> <span class='ocrx_word' id='word_1_441' title='bbox 2760 2693 3068 2766; x_wconf 78' lang='lat' dir='ltr'><strong>serebantur</strong></span> <span class='ocrx_word' id='word_1_442' title='bbox 3087 2696 3144 2751; x_wconf 79' lang='lat' dir='ltr'><strong>in</strong></span> <span class='ocrx_word' id='word_1_443' title='bbox 3167 2696 3286 2751; x_wconf 82' lang='lat' dir='ltr'><strong>orbe</strong></span> <span class='ocrx_word' id='word_1_444' title='bbox 3309 2710 3564 2754; x_wconf 77' lang='lat' dir='ltr'><strong>terrarum</strong></span> <span class='ocrx_word' id='word_1_445' title='bbox 3584 2699 3741 2770; x_wconf 70' lang='lat' dir='ltr'><strong>signa</strong></span> <span class='ocrx_word' id='word_1_446' title='bbox 3757 2702 3909 2759; x_wconf 74' lang='lat' dir='ltr'><strong>Iovis</strong></span> 
     </span>
     <span class='ocr_line' id='line_1_59' title="bbox 2343 2780 3912 2859; baseline 0.005 -22"><span class='ocrx_word' id='word_1_447' title='bbox 2343 2780 2464 2837; x_wconf 77' lang='lat' dir='ltr'><strong>Utis‘</strong></span> <span class='ocrx_word' id='word_1_448' title='bbox 2477 2780 2502 2820; x_wconf 83' lang='lat'><strong>⁶</strong></span> <span class='ocrx_word' id='word_1_449' title='bbox 2528 2800 2630 2838; x_wconf 80' lang='lat' dir='ltr'><strong>uno</strong></span> <span class='ocrx_word' id='word_1_450' title='bbox 2661 2782 2716 2839; x_wconf 78' lang='lat' dir='ltr'><strong>in</strong></span> <span class='ocrx_word' id='word_1_451' title='bbox 2753 2800 2931 2854; x_wconf 75' lang='lat' dir='ltr'><strong>genere</strong></span> <span class='ocrx_word' id='word_1_452' title='bbox 2946 2783 3294 2859; x_wconf 72' lang='lat' dir='ltr'><strong>pulcherrime</strong></span> <span class='ocrx_word' id='word_1_453' title='bbox 3317 2784 3477 2855; x_wconf 82' lang='lat' dir='ltr'><strong>facta</strong></span> <span class='ocrx_word' id='word_1_454' title='bbox 3516 2807 3537 2844; x_wconf 88' lang='grc'><strong>.·</strong></span> <span class='ocrx_word' id='word_1_455' title='bbox 3575 2806 3735 2844; x_wconf 78' lang='lat' dir='ltr'><strong>unum</strong></span> <span class='ocrx_word' id='word_1_456' title='bbox 3774 2788 3912 2845; x_wconf 69' lang='lat' dir='ltr'><strong>ulad</strong></span> 
     </span>
     <span class='ocr_line' id='line_1_60' title="bbox 2337 2867 3905 2947; baseline 0.005 -23"><span class='ocrx_word' id='word_1_457' title='bbox 2337 2867 2732 2926; x_wconf 71' lang='lat' dir='ltr'><strong>Macedonicum</strong></span> <span class='ocrx_word' id='word_1_458' title='bbox 2746 2911 2763 2937; x_wconf 91' lang='lat'><strong>,</strong></span> <span class='ocrx_word' id='word_1_459' title='bbox 2789 2870 2931 2945; x_wconf 81' lang='lat' dir='ltr'><strong>quod</strong></span> <span class='ocrx_word' id='word_1_460' title='bbox 2947 2870 3004 2926; x_wconf 81' lang='lat' dir='ltr'><strong>in</strong></span> <span class='ocrx_word' id='word_1_461' title='bbox 3034 2871 3294 2947; x_wconf 78' lang='lat' dir='ltr'><strong>Capitolio</strong></span> <span class='ocrx_word' id='word_1_462' title='bbox 3319 2872 3554 2929; x_wconf 75' lang='lat' dir='ltr'><strong>vidimus</strong></span> <span class='ocrx_word' id='word_1_463' title='bbox 3567 2895 3591 2940; x_wconf 82' lang='lat'><strong>,-</strong></span> <span class='ocrx_word' id='word_1_464' title='bbox 3610 2875 3834 2930; x_wconf 77' lang='lat' dir='ltr'><strong>alterum</strong></span> <span class='ocrx_word' id='word_1_465' title='bbox 3851 2876 3905 2932; x_wconf 77' lang='lat' dir='ltr'><strong>in</strong></span> 
     </span>
     <span class='ocr_line' id='line_1_61' title="bbox 2341 2954 3908 3033; baseline 0.007 -25"><span class='ocrx_word' id='word_1_466' title='bbox 2341 2954 2606 3011; x_wconf 70' lang='lat' dir='ltr'><strong>Pontion</strong></span> <span class='ocrx_word' id='word_1_467' title='bbox 2627 2967 2678 3011; x_wconf 85' lang='lat' dir='ltr'><strong>et</strong></span> <span class='ocrx_word' id='word_1_468' title='bbox 2711 2956 2979 3026; x_wconf 67' lang='lat' dir='ltr'><strong>angustiis</strong></span> <span class='ocrx_word' id='word_1_469' title='bbox 2997 2978 3017 3021; x_wconf 82' lang='lat'><strong>,-</strong></span> <span class='ocrx_word' id='word_1_470' title='bbox 3038 2955 3266 3013; x_wconf 82' lang='lat' dir='ltr'><strong>&#39;tertium</strong></span> <span class='ocrx_word' id='word_1_471' title='bbox 3304 2958 3448 3033; x_wconf 83' lang='lat' dir='ltr'><strong>quod</strong></span> <span class='ocrx_word' id='word_1_472' title='bbox 3480 2960 3749 3032; x_wconf 60' lang='lat' dir='ltr'><strong>Syracusis</strong></span> <span class='ocrx_word' id='word_1_473' title='bbox 3787 2974 3908 3019; x_wconf 78' lang='lat' dir='ltr'><strong>ante</strong></span> 
     </span>
     <span class='ocr_line' id='line_1_62' title="bbox 2341 3044 3907 3120; baseline 0.004 -21"><span class='ocrx_word' id='word_1_474' title='bbox 2341 3047 2401 3099; x_wconf 77' lang='lat' dir='ltr'><em>V</em></span> <span class='ocrx_word' id='word_1_475' title='bbox 2393 3062 2554 3099; x_wconf 75' lang='lat' dir='ltr'><strong>errem</strong></span> <span class='ocrx_word' id='word_1_476' title='bbox 2583 3057 2857 3120; x_wconf 77' lang='lat' dir='ltr'><strong>proetorem</strong></span> <span class='ocrx_word' id='word_1_477' title='bbox 2881 3046 3026 3117; x_wconf 76' lang='lat' dir='ltr'><strong>suit.</strong></span> <span class='ocrx_word' id='word_1_478' title='bbox 3070 3044 3222 3100; x_wconf 78' lang='lat' dir='ltr'><strong>Illud</strong></span> <span class='ocrx_word' id='word_1_479' title='bbox 3250 3044 3546 3102; x_wconf 74' lang='lat' dir='ltr'><strong>Flaminius</strong></span> <span class='ocrx_word' id='word_1_480' title='bbox 3577 3044 3660 3102; x_wconf 74' lang='lat' dir='ltr'><strong>ita</strong></span> <span class='ocrx_word' id='word_1_481' title='bbox 3695 3066 3764 3103; x_wconf 74' lang='lat' dir='ltr'><strong>ex</strong></span> <span class='ocrx_word' id='word_1_482' title='bbox 3799 3048 3907 3106; x_wconf 78' lang='lat' dir='ltr'><strong>oede</strong></span> 
     </span>
     <span class='ocr_line' id='line_1_63' title="bbox 2336 3122 3905 3199; baseline 0.004 -23"><span class='ocrx_word' id='word_1_483' title='bbox 2336 3122 2578 3190; x_wconf 76' lang='lat' dir='ltr'><strong>sustulit,</strong></span> <span class='ocrx_word' id='word_1_484' title='bbox 2603 3134 2664 3178; x_wconf 79' lang='lat' dir='ltr'><strong>ut</strong></span> <span class='ocrx_word' id='word_1_485' title='bbox 2691 3122 2748 3178; x_wconf 79' lang='lat' dir='ltr'><strong>in</strong></span> <span class='ocrx_word' id='word_1_486' title='bbox 2773 3122 3057 3199; x_wconf 75' lang='lat' dir='ltr'><strong>Capitolio,</strong></span> <span class='ocrx_word' id='word_1_487' title='bbox 3088 3123 3149 3179; x_wconf 78' lang='lat' dir='ltr'><strong>id</strong></span> <span class='ocrx_word' id='word_1_488' title='bbox 3170 3136 3247 3180; x_wconf 81' lang='lat' dir='ltr'><strong>est</strong></span> <span class='ocrx_word' id='word_1_489' title='bbox 3262 3167 3276 3190; x_wconf 91' lang='lat'><strong>,</strong></span> <span class='ocrx_word' id='word_1_490' title='bbox 3301 3125 3354 3180; x_wconf 80' lang='lat' dir='ltr'><strong>in</strong></span> <span class='ocrx_word' id='word_1_491' title='bbox 3384 3125 3614 3181; x_wconf 77' lang='lat' dir='ltr'><strong>terrestri</strong></span> <span class='ocrx_word' id='word_1_492' title='bbox 3639 3125 3905 3183; x_wconf 75' lang='lat' dir='ltr'><strong>domicilio</strong></span> 
     </span>
     <span class='ocr_line' id='line_1_64' title="bbox 2337 3210 3898 3285; baseline 0.003 -20"><span class='ocrx_word' id='word_1_493' title='bbox 2337 3210 2492 3266; x_wconf 75' lang='lat' dir='ltr'><strong>Iovis</strong></span> <span class='ocrx_word' id='word_1_494' title='bbox 2505 3223 2738 3285; x_wconf 78' lang='lat' dir='ltr'><strong>poneret.</strong></span> <span class='ocrx_word' id='word_1_495' title='bbox 2761 3210 2915 3282; x_wconf 79' lang='lat' dir='ltr'><strong>Quod</strong></span> <span class='ocrx_word' id='word_1_496' title='bbox 2931 3224 3106 3268; x_wconf 84' lang='lat' dir='ltr'><strong>autem</strong></span> <span class='ocrx_word' id='word_1_497' title='bbox 3123 3224 3202 3267; x_wconf 82' lang='lat' dir='ltr'><strong>est</strong></span> <span class='ocrx_word' id='word_1_498' title='bbox 3223 3210 3299 3266; x_wconf 85' lang='lat' dir='ltr'><strong>ad</strong></span> <span class='ocrx_word' id='word_1_499' title='bbox 3313 3211 3590 3267; x_wconf 76' lang='lat' dir='ltr'><strong>immitam</strong></span> <span class='ocrx_word' id='word_1_500' title='bbox 3611 3211 3791 3281; x_wconf 77' lang='lat' dir='ltr'><strong>Ponti,</strong></span> <span class='ocrx_word' id='word_1_501' title='bbox 3823 3214 3898 3281; x_wconf 76' lang='lat' dir='ltr'><strong>id,</strong></span> 
     </span>
     <span class='ocr_line' id='line_1_65' title="bbox 2337 3298 3898 3373; baseline 0.003 -21"><span class='ocrx_word' id='word_1_502' title='bbox 2337 3315 2458 3373; x_wconf 68' lang='lat' dir='ltr'><strong>cum</strong></span> <span class='ocrx_word' id='word_1_503' title='bbox 2501 3310 2613 3355; x_wconf 79' lang='lat' dir='ltr'><strong>tam</strong></span> <span class='ocrx_word' id='word_1_504' title='bbox 2637 3299 2808 3355; x_wconf 82' lang='lat' dir='ltr'><strong>multa</strong></span> <span class='ocrx_word' id='word_1_505' title='bbox 2846 3318 2914 3355; x_wconf 74' lang='lat' dir='ltr'><strong>ea:</strong></span> <span class='ocrx_word' id='word_1_506' title='bbox 2951 3299 3042 3355; x_wconf 67' lang='lat'><em>1110</em></span> <span class='ocrx_word' id='word_1_507' title='bbox 3075 3298 3212 3355; x_wconf 76' lang='lat' dir='ltr'><strong>mari</strong></span> <span class='ocrx_word' id='word_1_508' title='bbox 3255 3300 3390 3355; x_wconf 83' lang='lat' dir='ltr'><strong>bella</strong></span> <span class='ocrx_word' id='word_1_509' title='bbox 3427 3302 3722 3358; x_wconf 69' lang='lat' dir='ltr'><strong>enter-serint</strong></span> <span class='ocrx_word' id='word_1_510' title='bbox 3735 3342 3754 3370; x_wconf 90' lang='lat'><strong>,</strong></span> <span class='ocrx_word' id='word_1_511' title='bbox 3790 3314 3898 3357; x_wconf 78' lang='lat' dir='ltr'><strong>tam</strong></span> 
     </span>
     <span class='ocr_line' id='line_1_66' title="bbox 2338 3384 3900 3463; baseline 0.003 -24"><span class='ocrx_word' id='word_1_512' title='bbox 2338 3384 2509 3439; x_wconf 74' lang='lat' dir='ltr'><strong>mlta</strong></span> <span class='ocrx_word' id='word_1_513' title='bbox 2525 3404 2687 3460; x_wconf 82' lang='lat' dir='ltr'><strong>pom</strong></span> <span class='ocrx_word' id='word_1_514' title='bbox 2710 3384 2772 3443; x_wconf 74' lang='lat' dir='ltr'><strong>t‘n</strong></span> <span class='ocrx_word' id='word_1_515' title='bbox 2797 3390 3022 3443; x_wconf 80' lang='lat' dir='ltr'><strong>Pontum</strong></span> <span class='ocrx_word' id='word_1_516' title='bbox 3063 3385 3272 3442; x_wconf 75' lang='lat' dir='ltr'><strong>invecta</strong></span> <span class='ocrx_word' id='word_1_517' title='bbox 3302 3385 3417 3442; x_wconf 77' lang='lat' dir='ltr'><strong>sint</strong></span> <span class='ocrx_word' id='word_1_518' title='bbox 3432 3428 3449 3455; x_wconf 94' lang='lat'><strong>,</strong></span> <span class='ocrx_word' id='word_1_519' title='bbox 3479 3406 3641 3463; x_wconf 83' lang='lat' dir='ltr'><strong>usque</strong></span> <span class='ocrx_word' id='word_1_520' title='bbox 3672 3388 3750 3443; x_wconf 82' lang='lat' dir='ltr'><strong>ad</strong></span> <span class='ocrx_word' id='word_1_521' title='bbox 3767 3390 3900 3445; x_wconf 72' lang='lat' dir='ltr'><strong>leone</strong></span> 
     </span>
     <span class='ocr_line' id='line_1_67' title="bbox 2337 3468 3899 3547; baseline 0.004 -25"><span class='ocrx_word' id='word_1_522' title='bbox 2337 3468 2478 3524; x_wconf 78' lang='lat' dir='ltr'><strong>diem</strong></span> <span class='ocrx_word' id='word_1_523' title='bbox 2523 3482 2779 3541; x_wconf 73' lang='lat' dir='ltr'><strong>mtegram</strong></span> <span class='ocrx_word' id='word_1_524' title='bbox 2816 3470 3226 3547; x_wconf 76' lang='lat' dir='ltr'><strong>inviolatumque</strong></span> <span class='ocrx_word' id='word_1_525' title='bbox 3244 3484 3512 3529; x_wconf 79' lang='lat' dir='ltr'><strong>servatum</strong></span> <span class='ocrx_word' id='word_1_526' title='bbox 3554 3484 3653 3532; x_wconf 77' lang='lat' dir='ltr'><strong>est.</strong></span> <span class='ocrx_word' id='word_1_527' title='bbox 3692 3474 3899 3529; x_wconf 89' lang='lat' dir='ltr'><strong>Deinde</strong></span> 
     </span>
    </p>
   </div>
   <div class='ocr_carea' id='block_1_10' title="bbox 681 3530 3583 3631">
    <p class='ocr_par' dir='ltr' id='par_1_11' title="bbox 681 3530 3583 3631">
     <span class='ocr_line' id='line_1_68' title="bbox 681 3530 3583 3631; baseline 0.001 -22"><span class='ocrx_word' id='word_1_528' title='bbox 681 3561 823 3615; x_wconf 79' lang='lat' dir='ltr'><strong>paec,</strong></span> <span class='ocrx_word' id='word_1_529' title='bbox 856 3541 1058 3614; x_wconf 61' lang='lat' dir='ltr'><strong>inquit·</strong></span> <span class='ocrx_word' id='word_1_530' title='bbox 1082 3540 1201 3595; x_wconf 69' lang='lat'><strong>10‘0</strong></span> <span class='ocrx_word' id='word_1_531' title='bbox 1226 3538 1328 3594; x_wconf 61' lang='lat'><strong>⁸1²⁰</strong></span> <span class='ocrx_word' id='word_1_532' title='bbox 1352 3539 1491 3593; x_wconf 60' lang='lat'><strong>5⁰20?</strong></span> <span class='ocrx_word' id='word_1_533' title='bbox 1510 3539 1889 3611; x_wconf 83' lang='lat' dir='ltr'><strong>Borysthenem</strong></span> <span class='ocrx_word' id='word_1_534' title='bbox 1914 3548 1968 3593; x_wconf 60' lang='lat'><strong>0³</strong></span> <span class='ocrx_word' id='word_1_535' title='bbox 1984 3540 2247 3613; x_wconf 60' lang='grc' dir='ltr'><strong>ῙῙῚΡΜῘΦ</strong></span> <span class='ocrx_word' id='word_1_536' title='bbox 2287 3530 2298 3629; x_wconf 75' lang='grc' dir='ltr'>Ι</span> <span class='ocrx_word' id='word_1_537' title='bbox 2335 3557 2622 3628; x_wconf 84' lang='lat' dir='ltr'><strong>Dionysius</strong></span> <span class='ocrx_word' id='word_1_538' title='bbox 2647 3557 2844 3631; x_wconf 87' lang='lat' dir='ltr'><strong>reliqua</strong></span> <span class='ocrx_word' id='word_1_539' title='bbox 2869 3556 2937 3613; x_wconf 92' lang='lat' dir='ltr'><strong>de</strong></span> <span class='ocrx_word' id='word_1_540' title='bbox 2963 3560 3108 3613; x_wconf 71' lang='lat' dir='ltr'><strong>Fano</strong></span> <span class='ocrx_word' id='word_1_541' title='bbox 3133 3558 3208 3613; x_wconf 90' lang='lat' dir='ltr'><strong>ita</strong></span> <span class='ocrx_word' id='word_1_542' title='bbox 3238 3560 3539 3631; x_wconf 83' lang='lat' dir='ltr'><strong>exsequitur</strong></span> <span class='ocrx_word' id='word_1_543' title='bbox 3569 3575 3583 3613; x_wconf 93' lang='lat'><strong>:</strong></span> 
     </span>
    </p>
   </div>
   <div class='ocr_carea' id='block_1_11' title="bbox 674 3627 2300 3790">
    <p class='ocr_par' dir='ltr' id='par_1_12' title="bbox 674 3627 2300 3790">
     <span class='ocr_line' id='line_1_69' title="bbox 674 3627 2299 3713; baseline -0.002 -27"><span class='ocrx_word' id='word_1_544' title='bbox 674 3629 815 3703; x_wconf 86' lang='lat' dir='ltr'><strong>jacet</strong></span> <span class='ocrx_word' id='word_1_545' title='bbox 839 3628 1065 3685; x_wconf 82' lang='lat' dir='ltr'><strong>ahenum</strong></span> <span class='ocrx_word' id='word_1_546' title='bbox 1098 3627 1268 3683; x_wconf 81' lang='lat' dir='ltr'><strong>sexies</strong></span> <span class='ocrx_word' id='word_1_547' title='bbox 1294 3636 1501 3683; x_wconf 88' lang='lat' dir='ltr'><strong>tantum</strong></span> <span class='ocrx_word' id='word_1_548' title='bbox 1530 3628 1741 3701; x_wconf 83' lang='lat' dir='ltr'><strong>capiens</strong></span> <span class='ocrx_word' id='word_1_549' title='bbox 1755 3667 1773 3697; x_wconf 89' lang='lat'>‚</span> <span class='ocrx_word' id='word_1_550' title='bbox 1813 3637 2069 3701; x_wconf 88' lang='lat' dir='ltr'><strong>quantum</strong></span> <span class='ocrx_word' id='word_1_551' title='bbox 2092 3629 2251 3683; x_wconf 86' lang='lat' dir='ltr'><strong>semel</strong></span> <span class='ocrx_word' id='word_1_552' title='bbox 2289 3630 2299 3713; x_wconf 73' lang='lat' dir='ltr'><strong>j</strong></span> 
     </span>
     <span class='ocr_line' id='line_1_70' title="bbox 683 3713 2300 3790; baseline -0.002 -17"><span class='ocrx_word' id='word_1_553' title='bbox 683 3728 853 3773; x_wconf 80' lang='lat' dir='ltr'><strong>crater</strong></span> <span class='ocrx_word' id='word_1_554' title='bbox 880 3716 974 3790; x_wconf 89' lang='lat' dir='ltr'><strong>qui</strong></span> <span class='ocrx_word' id='word_1_555' title='bbox 994 3725 1072 3770; x_wconf 87' lang='lat' dir='ltr'><strong>est</strong></span> <span class='ocrx_word' id='word_1_556' title='bbox 1096 3714 1153 3769; x_wconf 91' lang='lat' dir='ltr'><strong>in</strong></span> <span class='ocrx_word' id='word_1_557' title='bbox 1188 3732 1283 3769; x_wconf 89' lang='lat' dir='ltr'><strong>ore</strong></span> <span class='ocrx_word' id='word_1_558' title='bbox 1310 3715 1467 3769; x_wconf 86' lang='lat' dir='ltr'><strong>Ponti</strong></span> <span class='ocrx_word' id='word_1_559' title='bbox 1492 3732 1525 3769; x_wconf 89' lang='lat' dir='ltr'><strong>a</strong></span> <span class='ocrx_word' id='word_1_560' title='bbox 1557 3714 1814 3770; x_wconf 80' lang='lat' dir='ltr'><strong>Pausania</strong></span> <span class='ocrx_word' id='word_1_561' title='bbox 1840 3713 2161 3770; x_wconf 86' lang='lat' dir='ltr'><strong>Cleombroti</strong></span> <span class='ocrx_word' id='word_1_562' title='bbox 2186 3714 2248 3769; x_wconf 84' lang='lat' dir='ltr'><strong>fi·</strong></span> <span class='ocrx_word' id='word_1_563' title='bbox 2290 3724 2300 3745; x_wconf 83' lang='lat'><strong>¹</strong></span> 
     </span>
    </p>
   </div>
   <div class='ocr_carea' id='block_1_12' title="bbox 680 3798 2249 3875">
    <p class='ocr_par' dir='ltr' id='par_1_13' title="bbox 680 3798 2249 3875">
     <span class='ocr_line' id='line_1_71' title="bbox 680 3798 2249 3875; baseline -0.002 -16"><span class='ocrx_word' id='word_1_564' title='bbox 680 3804 755 3859; x_wconf 91' lang='lat' dir='ltr'><strong>lio</strong></span> <span class='ocrx_word' id='word_1_565' title='bbox 780 3802 1068 3858; x_wconf 80' lang='lat' dir='ltr'><strong>dedicatus.</strong></span> <span class='ocrx_word' id='word_1_566' title='bbox 1104 3798 1269 3871; x_wconf 89' lang='lat' dir='ltr'><strong>Quod</strong></span> <span class='ocrx_word' id='word_1_567' title='bbox 1293 3800 1337 3855; x_wconf 91' lang='lat' dir='ltr'><strong>si</strong></span> <span class='ocrx_word' id='word_1_568' title='bbox 1364 3800 1483 3873; x_wconf 89' lang='lat' dir='ltr'><strong>quis</strong></span> <span class='ocrx_word' id='word_1_569' title='bbox 1509 3818 1617 3855; x_wconf 89' lang='lat' dir='ltr'><strong>non</strong></span> <span class='ocrx_word' id='word_1_570' title='bbox 1646 3802 1873 3875; x_wconf 85' lang='lat' dir='ltr'><strong>inspexit</strong></span> <span class='ocrx_word' id='word_1_571' title='bbox 1888 3841 1905 3868; x_wconf 84' lang='lat'><strong>,</strong></span> <span class='ocrx_word' id='word_1_572' title='bbox 1939 3800 2086 3857; x_wconf 88' lang='lat' dir='ltr'><strong>hunc</strong></span> <span class='ocrx_word' id='word_1_573' title='bbox 2110 3801 2160 3855; x_wconf 91' lang='lat' dir='ltr'><strong>ei</strong></span> <span class='ocrx_word' id='word_1_574' title='bbox 2194 3804 2249 3857; x_wconf 91' lang='lat' dir='ltr'><strong>in</strong></span> 
     </span>
    </p>
   </div>
   <div class='ocr_carea' id='block_1_13' title="bbox 682 3885 2251 3963">
    <p class='ocr_par' dir='ltr' id='par_1_14' title="bbox 682 3885 2251 3963">
     <span class='ocr_line' id='line_1_72' title="bbox 682 3885 2251 3963; baseline 0 -18"><span class='ocrx_word' id='word_1_575' title='bbox 682 3889 902 3945; x_wconf 88' lang='lat' dir='ltr'><strong>modum</strong></span> <span class='ocrx_word' id='word_1_576' title='bbox 929 3886 1225 3943; x_wconf 85' lang='lat' dir='ltr'><strong>declarabo.</strong></span> <span class='ocrx_word' id='word_1_577' title='bbox 1253 3885 1389 3942; x_wconf 88' lang='lat' dir='ltr'><strong>Illud</strong></span> <span class='ocrx_word' id='word_1_578' title='bbox 1408 3888 1569 3943; x_wconf 88' lang='lat' dir='ltr'><strong>situm</strong></span> <span class='ocrx_word' id='word_1_579' title='bbox 1598 3888 1655 3943; x_wconf 90' lang='lat' dir='ltr'><strong>in</strong></span> <span class='ocrx_word' id='word_1_580' title='bbox 1677 3890 1959 3963; x_wconf 68' lang='lat' dir='ltr'><strong>Exampaeo</strong></span> <span class='ocrx_word' id='word_1_581' title='bbox 1984 3900 2251 3945; x_wconf 82' lang='lat' dir='ltr'><strong>sexcenta-</strong></span> 
     </span>
    </p>
   </div>
   <div class='ocr_carea' id='block_1_14' title="bbox 680 3973 2247 4051">
    <p class='ocr_par' dir='ltr' id='par_1_15' title="bbox 680 3973 2247 4051">
     <span class='ocr_line' id='line_1_73' title="bbox 680 3973 2247 4051; baseline 0 -18"><span class='ocrx_word' id='word_1_582' title='bbox 680 3995 803 4033; x_wconf 85' lang='lat' dir='ltr'><strong>rum</strong></span> <span class='ocrx_word' id='word_1_583' title='bbox 838 3988 917 4032; x_wconf 86' lang='lat' dir='ltr'><strong>est</strong></span> <span class='ocrx_word' id='word_1_584' title='bbox 940 3974 1317 4050; x_wconf 86' lang='lat' dir='ltr'><strong>amphorarum</strong></span> <span class='ocrx_word' id='word_1_585' title='bbox 1348 3973 1495 4031; x_wconf 75' lang='lat' dir='ltr'><strong>facile</strong></span> <span class='ocrx_word' id='word_1_586' title='bbox 1527 3994 1721 4051; x_wconf 82' lang='lat' dir='ltr'><strong>capax,</strong></span> <span class='ocrx_word' id='word_1_587' title='bbox 1762 3976 2107 4034; x_wconf 85' lang='lat' dir='ltr'><strong>crassitudine</strong></span> <span class='ocrx_word' id='word_1_588' title='bbox 2154 3996 2247 4033; x_wconf 87' lang='lat' dir='ltr'><strong>sex</strong></span> 
     </span>
    </p>
   </div>
   <div class='ocr_carea' id='block_1_15' title="bbox 672 4059 2251 4135">
    <p class='ocr_par' dir='ltr' id='par_1_16' title="bbox 672 4059 2251 4135">
     <span class='ocr_line' id='line_1_74' title="bbox 672 4059 2251 4135; baseline 0.002 -21"><span class='ocrx_word' id='word_1_589' title='bbox 672 4059 985 4133; x_wconf 83' lang='lat' dir='ltr'><strong>digitorum.</strong></span> <span class='ocrx_word' id='word_1_590' title='bbox 1021 4085 1044 4109; x_wconf 71' lang='grc' dir='ltr'><strong><em>ι</em></strong></span> <span class='ocrx_word' id='word_1_591' title='bbox 1078 4062 1189 4117; x_wconf 87' lang='lat' dir='ltr'><strong>Cur</strong></span> <span class='ocrx_word' id='word_1_592' title='bbox 1225 4062 1475 4134; x_wconf 88' lang='lat' dir='ltr'><strong>Neptuno</strong></span> <span class='ocrx_word' id='word_1_593' title='bbox 1497 4062 1677 4135; x_wconf 88' lang='lat' dir='ltr'><strong>potius</strong></span> <span class='ocrx_word' id='word_1_594' title='bbox 1718 4080 1878 4135; x_wconf 87' lang='lat' dir='ltr'><strong>quam</strong></span> <span class='ocrx_word' id='word_1_595' title='bbox 1914 4062 2033 4117; x_wconf 81' lang='lat' dir='ltr'><strong>Jovi</strong></span> <span class='ocrx_word' id='word_1_596' title='bbox 2060 4065 2251 4119; x_wconf 88' lang='lat' dir='ltr'><strong>Pausa·</strong></span> 
     </span>
    </p>
   </div>
   <div class='ocr_carea' id='block_1_16' title="bbox 678 4193 887 4205">
    <p class='ocr_par' dir='ltr' id='par_1_17' title="bbox 678 4193 887 4205">
     <span class='ocr_line' id='line_1_75' title="bbox 678 4193 887 4205; baseline 0.005 -4"><span class='ocrx_word' id='word_1_597' title='bbox 678 4193 887 4205; x_wconf 79' lang='lat'>——--—</span> 
     </span>
    </p>
   </div>
   <div class='ocr_carea' id='block_1_17' title="bbox 670 4260 2238 4413">
    <p class='ocr_par' dir='ltr' id='par_1_18' title="bbox 670 4260 2238 4413">
     <span class='ocr_line' id='line_1_76' title="bbox 746 4260 2236 4330; baseline 0.004 -19"><span class='ocrx_word' id='word_1_598' title='bbox 746 4260 797 4315; x_wconf 83' lang='lat'><strong>5.</strong></span> <span class='ocrx_word' id='word_1_599' title='bbox 828 4260 1062 4314; x_wconf 75' lang='lat' dir='ltr'><strong>Aureum</strong></span> <span class='ocrx_word' id='word_1_600' title='bbox 1100 4270 1352 4314; x_wconf 78' lang='lat' dir='ltr'><strong>cmterem</strong></span> <span class='ocrx_word' id='word_1_601' title='bbox 1389 4264 1626 4330; x_wconf 73' lang='lat' dir='ltr'><strong>statutt]</strong></span> <span class='ocrx_word' id='word_1_602' title='bbox 1668 4263 1854 4317; x_wconf 74' lang='lat' dir='ltr'><strong>Graeca</strong></span> <span class='ocrx_word' id='word_1_603' title='bbox 1891 4262 1965 4317; x_wconf 86' lang='lat' dir='ltr'><strong>ita</strong></span> <span class='ocrx_word' id='word_1_604' title='bbox 2004 4261 2236 4317; x_wconf 88' lang='lat' dir='ltr'><strong>habent:</strong></span> 
     </span>
     <span class='ocr_line' id='line_1_77' title="bbox 670 4338 2238 4413; baseline 0.001 -20"><span class='ocrx_word' id='word_1_605' title='bbox 670 4338 897 4393; x_wconf 72' lang='grc' dir='ltr'><strong>Χαλκοῦν</strong></span> <span class='ocrx_word' id='word_1_606' title='bbox 938 4338 1023 4393; x_wconf 70' lang='grc' dir='ltr'><strong>τὸν</strong></span> <span class='ocrx_word' id='word_1_607' title='bbox 1071 4338 1392 4411; x_wconf 73' lang='grc' dir='ltr'><strong>ἀνακείμενον</strong></span> <span class='ocrx_word' id='word_1_608' title='bbox 1438 4343 1655 4413; x_wconf 80' lang='grc' dir='ltr'><strong>κρατῆρα</strong></span> <span class='ocrx_word' id='word_1_609' title='bbox 1694 4343 1800 4404; x_wconf 77' lang='grc' dir='ltr'><strong>τοῖς</strong></span> <span class='ocrx_word' id='word_1_610' title='bbox 1836 4342 1967 4405; x_wconf 73' lang='grc' dir='ltr'><strong>θεοῖς</strong></span> <span class='ocrx_word' id='word_1_611' title='bbox 2010 4344 2116 4406; x_wconf 69' lang='grc' dir='ltr'><strong>τοῖς</strong></span> <span class='ocrx_word' id='word_1_612' title='bbox 2157 4340 2238 4399; x_wconf 70' lang='grc' dir='ltr'><strong>ἐπὶ</strong></span> 
     </span>
    </p>
   </div>
   <div class='ocr_carea' id='block_1_18' title="bbox 2990 3723 3300 3789">
    <p class='ocr_par' dir='ltr' id='par_1_19' title="bbox 2990 3723 3300 3789">
     <span class='ocr_line' id='line_1_78' title="bbox 2990 3723 3300 3789; baseline 0.016 -5"><span class='ocrx_word' id='word_1_613' title='bbox 2990 3724 3090 3784; x_wconf 90' lang='lat' dir='ltr'><strong>Fr.</strong></span> <span class='ocrx_word' id='word_1_614' title='bbox 3135 3723 3236 3785; x_wconf 76' lang='lat'><strong>59.</strong></span> <span class='ocrx_word' id='word_1_615' title='bbox 3298 3786 3300 3789; x_wconf 77' lang='grc'>,</span> 
     </span>
    </p>
   </div>
   <div class='ocr_carea' id='block_1_19' title="bbox 2335 3883 3891 4049">
    <p class='ocr_par' dir='ltr' id='par_1_20' title="bbox 2335 3883 3891 4049">
     <span class='ocr_line' id='line_1_79' title="bbox 2409 3883 3890 3959; baseline 0.001 -20"><span class='ocrx_word' id='word_1_616' title='bbox 2409 3889 2478 3939; x_wconf 82' lang='lat' dir='ltr'><strong>In</strong></span> <span class='ocrx_word' id='word_1_617' title='bbox 2487 3883 2656 3956; x_wconf 83' lang='lat' dir='ltr'><strong>sano,</strong></span> <span class='ocrx_word' id='word_1_618' title='bbox 2697 3885 2868 3957; x_wconf 90' lang='lat' dir='ltr'><strong>inquit</strong></span> <span class='ocrx_word' id='word_1_619' title='bbox 2882 3922 2899 3951; x_wconf 90' lang='lat'><strong>,</strong></span> <span class='ocrx_word' id='word_1_620' title='bbox 2940 3895 3126 3939; x_wconf 80' lang='lat' dir='ltr'><strong>statua</strong></span> <span class='ocrx_word' id='word_1_621' title='bbox 3163 3902 3296 3939; x_wconf 82' lang='lat' dir='ltr'><strong>oerea</strong></span> <span class='ocrx_word' id='word_1_622' title='bbox 3329 3896 3407 3939; x_wconf 78' lang='lat' dir='ltr'><strong>est</strong></span> <span class='ocrx_word' id='word_1_623' title='bbox 3449 3886 3681 3959; x_wconf 78' lang='lat' dir='ltr'><strong>antiquoe</strong></span> <span class='ocrx_word' id='word_1_624' title='bbox 3723 3886 3890 3951; x_wconf 75' lang='lat' dir='ltr'><strong>artis,</strong></span> 
     </span>
     <span class='ocr_line' id='line_1_80' title="bbox 2335 3971 3891 4049; baseline 0.001 -22"><span class='ocrx_word' id='word_1_625' title='bbox 2335 3985 2544 4028; x_wconf 82' lang='lat' dir='ltr'><strong>oetatem</strong></span> <span class='ocrx_word' id='word_1_626' title='bbox 2559 3971 2940 4049; x_wconf 78' lang='lat' dir='ltr'><strong>puerilemproe</strong></span> <span class='ocrx_word' id='word_1_627' title='bbox 2954 3972 3218 4044; x_wconf 71' lang='lat' dir='ltr'><strong>sesenns,</strong></span> <span class='ocrx_word' id='word_1_628' title='bbox 3245 3971 3455 4028; x_wconf 74' lang='lat' dir='ltr'><strong>tendens</strong></span> <span class='ocrx_word' id='word_1_629' title='bbox 3472 3991 3677 4029; x_wconf 74' lang='lat' dir='ltr'><strong>mnus.</strong></span> <span class='ocrx_word' id='word_1_630' title='bbox 3710 3976 3891 4029; x_wconf 77' lang='lat' dir='ltr'><strong>Causoe</strong></span> 
     </span>
    </p>
   </div>
   <div class='ocr_carea' id='block_1_20' title="bbox 2289 4030 3892 4135">
    <p class='ocr_par' dir='ltr' id='par_1_21' title="bbox 2289 4030 3892 4135">
     <span class='ocr_line' id='line_1_81' title="bbox 2289 4030 3892 4135; baseline -0.001 -19"><span class='ocrx_word' id='word_1_631' title='bbox 2289 4030 2298 4083; x_wconf 56' lang='lat'>³</span> <span class='ocrx_word' id='word_1_632' title='bbox 2338 4062 2509 4116; x_wconf 74' lang='lat' dir='ltr'><strong>mutus</strong></span> <span class='ocrx_word' id='word_1_633' title='bbox 2537 4060 2865 4134; x_wconf 62' lang='lat' dir='ltr'><strong>afferuntur,</strong></span> <span class='ocrx_word' id='word_1_634' title='bbox 2892 4078 2990 4115; x_wconf 78' lang='lat' dir='ltr'><strong>cur</strong></span> <span class='ocrx_word' id='word_1_635' title='bbox 3006 4060 3115 4115; x_wconf 67' lang='lat' dir='ltr'><strong>koee</strong></span> <span class='ocrx_word' id='word_1_636' title='bbox 3135 4072 3320 4115; x_wconf 79' lang='lat' dir='ltr'><strong>statua</strong></span> <span class='ocrx_word' id='word_1_637' title='bbox 3340 4060 3416 4115; x_wconf 79' lang='lat' dir='ltr'><strong>sit</strong></span> <span class='ocrx_word' id='word_1_638' title='bbox 3437 4059 3491 4115; x_wconf 76' lang='lat' dir='ltr'><strong>in</strong></span> <span class='ocrx_word' id='word_1_639' title='bbox 3512 4060 3648 4115; x_wconf 69' lang='lat' dir='ltr'><strong>hane</strong></span> <span class='ocrx_word' id='word_1_640' title='bbox 3660 4060 3892 4135; x_wconf 72' lang='lat' dir='ltr'><strong>figuram</strong></span> 
     </span>
    </p>
   </div>
   <div class='ocr_carea' id='block_1_21' title="bbox 2325 4261 3892 4415">
    <p class='ocr_par' dir='ltr' id='par_1_22' title="bbox 2325 4261 3892 4415">
     <span class='ocr_line' id='line_1_82' title="bbox 2399 4261 3892 4336; baseline 0.001 -19"><span class='ocrx_word' id='word_1_641' title='bbox 2399 4267 2492 4319; x_wconf 76' lang='lat' dir='ltr'><strong>Fr.</strong></span> <span class='ocrx_word' id='word_1_642' title='bbox 2525 4264 2612 4335; x_wconf 82' lang='lat'><strong>59.</strong></span> <span class='ocrx_word' id='word_1_643' title='bbox 2649 4262 2879 4317; x_wconf 86' lang='lat' dir='ltr'><strong>Statuam</strong></span> <span class='ocrx_word' id='word_1_644' title='bbox 2911 4264 3062 4316; x_wconf 86' lang='lat' dir='ltr'><strong>istam</strong></span> <span class='ocrx_word' id='word_1_645' title='bbox 3086 4280 3194 4317; x_wconf 89' lang='lat' dir='ltr'><strong>non</strong></span> <span class='ocrx_word' id='word_1_646' title='bbox 3227 4280 3338 4317; x_wconf 84' lang='lat' dir='ltr'><strong>esse</strong></span> <span class='ocrx_word' id='word_1_647' title='bbox 3372 4264 3516 4317; x_wconf 83' lang='lat' dir='ltr'><strong>Jovis</strong></span> <span class='ocrx_word' id='word_1_648' title='bbox 3543 4261 3750 4335; x_wconf 72' lang='grc' dir='ltr'><strong>Οὖρίου,</strong></span> <span class='ocrx_word' id='word_1_649' title='bbox 3775 4281 3892 4336; x_wconf 77' lang='lat' dir='ltr'><strong>quae</strong></span> 
     </span>
     <span class='ocr_line' id='line_1_83' title="bbox 2325 4341 3888 4415; baseline 0.001 -18"><span class='ocrx_word' id='word_1_650' title='bbox 2325 4344 2360 4397; x_wconf 86' lang='lat' dir='ltr'>J</span> <span class='ocrx_word' id='word_1_651' title='bbox 2361 4343 2474 4397; x_wconf 79' lang='lat' dir='ltr'><strong>ovis</strong></span> <span class='ocrx_word' id='word_1_652' title='bbox 2497 4341 2824 4415; x_wconf 83' lang='lat' dir='ltr'><strong>imperatoris</strong></span> <span class='ocrx_word' id='word_1_653' title='bbox 2853 4358 2965 4397; x_wconf 75' lang='lat' dir='ltr'><strong>esse</strong></span> <span class='ocrx_word' id='word_1_654' title='bbox 2991 4342 3240 4396; x_wconf 81' lang='lat' dir='ltr'><strong>Romanis</strong></span> <span class='ocrx_word' id='word_1_655' title='bbox 3279 4341 3575 4409; x_wconf 85' lang='lat' dir='ltr'><strong>videbatur,</strong></span> <span class='ocrx_word' id='word_1_656' title='bbox 3607 4343 3664 4397; x_wconf 88' lang='lat' dir='ltr'><strong>in</strong></span> <span class='ocrx_word' id='word_1_657' title='bbox 3690 4360 3888 4415; x_wconf 85' lang='lat' dir='ltr'><strong>propa·</strong></span> 
     </span>
    </p>
   </div>
   <div class='ocr_carea' id='block_1_22' title="bbox 618 4416 3886 4574">
    <p class='ocr_par' dir='ltr' id='par_1_23' title="bbox 618 4416 3886 4574">
     <span class='ocr_line' id='line_1_84' title="bbox 618 4416 3886 4495; baseline 0.002 -24"><span class='ocrx_word' id='word_1_658' title='bbox 618 4450 623 4455; x_wconf 91' lang='lat'><em>·</em></span> <span class='ocrx_word' id='word_1_659' title='bbox 671 4422 758 4473; x_wconf 77' lang='grc' dir='ltr'><strong>τοῦ</strong></span> <span class='ocrx_word' id='word_1_660' title='bbox 780 4418 1019 4489; x_wconf 76' lang='grc' dir='ltr'><strong>πόματος</strong></span> <span class='ocrx_word' id='word_1_661' title='bbox 1030 4416 1329 4491; x_wconf 53' lang='grc' dir='ltr'><strong>ἱδρυμένοις,</strong></span> <span class='ocrx_word' id='word_1_662' title='bbox 1355 4418 1413 4472; x_wconf 76' lang='grc' dir='ltr'><strong>’ὸν</strong></span> <span class='ocrx_word' id='word_1_663' title='bbox 1438 4419 1523 4473; x_wconf 73' lang='grc' dir='ltr'><strong>καὶ</strong></span> <span class='ocrx_word' id='word_1_664' title='bbox 1543 4423 1628 4474; x_wconf 75' lang='grc' dir='ltr'><strong>νῦν</strong></span> <span class='ocrx_word' id='word_1_665' title='bbox 1650 4417 1781 4475; x_wconf 74' lang='grc' dir='ltr'><strong>εἶναι</strong></span> <span class='ocrx_word' id='word_1_666' title='bbox 1804 4419 2076 4493; x_wconf 76' lang='grc' dir='ltr'><strong>ουμὸαίνει,</strong></span> <span class='ocrx_word' id='word_1_667' title='bbox 2098 4418 2231 4476; x_wconf 73' lang='grc' dir='ltr'>ἕτόλ·</span> <span class='ocrx_word' id='word_1_668' title='bbox 2329 4421 2439 4477; x_wconf 90' lang='lat' dir='ltr'><strong>tulo</strong></span> <span class='ocrx_word' id='word_1_669' title='bbox 2461 4431 2556 4476; x_wconf 87' lang='lat' dir='ltr'><strong>est.</strong></span> <span class='ocrx_word' id='word_1_670' title='bbox 2580 4422 2762 4493; x_wconf 88' lang='lat' dir='ltr'><strong>Neque</strong></span> <span class='ocrx_word' id='word_1_671' title='bbox 2778 4420 2932 4477; x_wconf 88' lang='lat' dir='ltr'><strong>aliam</strong></span> <span class='ocrx_word' id='word_1_672' title='bbox 2949 4421 3213 4494; x_wconf 85' lang='lat' dir='ltr'><strong>quandam</strong></span> <span class='ocrx_word' id='word_1_673' title='bbox 3236 4422 3382 4476; x_wconf 78' lang='lat' dir='ltr'><strong>Iovis</strong></span> <span class='ocrx_word' id='word_1_674' title='bbox 3409 4432 3632 4477; x_wconf 84' lang='lat' dir='ltr'><strong>statuam</strong></span> <span class='ocrx_word' id='word_1_675' title='bbox 3653 4440 3886 4495; x_wconf 80' lang='lat' dir='ltr'><strong>parvam,</strong></span> 
     </span>
     <span class='ocr_line' id='line_1_85' title="bbox 673 4496 3885 4574; baseline 0.001 -23"><span class='ocrx_word' id='word_1_676' title='bbox 673 4518 824 4570; x_wconf 76' lang='grc' dir='ltr'><strong>μησεν</strong></span> <span class='ocrx_word' id='word_1_677' title='bbox 856 4496 1109 4573; x_wconf 63' lang='grc' dir='ltr'><strong>ἔπιγρῶψαι</strong></span> <span class='ocrx_word' id='word_1_678' title='bbox 1132 4499 1199 4563; x_wconf 85' lang='grc' dir='ltr'><strong>ὡς</strong></span> <span class='ocrx_word' id='word_1_679' title='bbox 1236 4498 1380 4563; x_wconf 76' lang='grc' dir='ltr'><strong>αὖτδς</strong></span> <span class='ocrx_word' id='word_1_680' title='bbox 1416 4496 1636 4568; x_wconf 76' lang='grc' dir='ltr'><strong>ἀναθείς,</strong></span> <span class='ocrx_word' id='word_1_681' title='bbox 1675 4499 1866 4563; x_wconf 64' lang='lat' dir='ltr'><strong>{tanecle</strong></span> <span class='ocrx_word' id='word_1_682' title='bbox 1896 4501 2011 4557; x_wconf 81' lang='grc' dir='ltr'><strong>τόδε</strong></span> <span class='ocrx_word' id='word_1_683' title='bbox 2048 4500 2107 4556; x_wconf 74' lang='grc' dir='ltr'><strong>τὸ</strong></span> <span class='ocrx_word' id='word_1_684' title='bbox 2133 4500 2237 4558; x_wconf 64' lang='lat' dir='ltr'><strong>tat·</strong></span> <span class='ocrx_word' id='word_1_685' title='bbox 2326 4502 2532 4574; x_wconf 86' lang='lat' dir='ltr'><strong>qualem</strong></span> <span class='ocrx_word' id='word_1_686' title='bbox 2546 4503 2602 4558; x_wconf 85' lang='lat' dir='ltr'><strong>iu</strong></span> <span class='ocrx_word' id='word_1_687' title='bbox 2628 4501 2871 4557; x_wconf 89' lang='lat' dir='ltr'><strong>columna</strong></span> <span class='ocrx_word' id='word_1_688' title='bbox 2886 4502 3108 4574; x_wconf 85' lang='lat' dir='ltr'><strong>positam</strong></span> <span class='ocrx_word' id='word_1_689' title='bbox 3127 4500 3405 4557; x_wconf 88' lang='lat' dir='ltr'><strong>Pausanias</strong></span> <span class='ocrx_word' id='word_1_690' title='bbox 3417 4510 3674 4556; x_wconf 86' lang='lat' dir='ltr'><strong>memorat</strong></span> <span class='ocrx_word' id='word_1_691' title='bbox 3696 4500 3779 4570; x_wconf 81' lang='lat'><strong>(5,</strong></span> <span class='ocrx_word' id='word_1_692' title='bbox 3797 4506 3885 4568; x_wconf 73' lang='lat'><strong>24.</strong></span> 
     </span>
    </p>
   </div>
   <div class='ocr_carea' id='block_1_23' title="bbox 664 4577 1031 4651">
    <p class='ocr_par' dir='ltr' id='par_1_24' title="bbox 664 4577 1031 4651">
     <span class='ocr_line' id='line_1_86' title="bbox 664 4577 1031 4651; baseline 0.005 -20"><span class='ocrx_word' id='word_1_693' title='bbox 664 4596 897 4651; x_wconf 70' lang='grc' dir='ltr'><strong>γραμμα.</strong></span> <span class='ocrx_word' id='word_1_694' title='bbox 920 4577 1031 4634; x_wconf 77' lang='grc' dir='ltr'>κτλ.</span> 
     </span>
    </p>
   </div>
   <div class='ocr_carea' id='block_1_24' title="bbox 2325 4578 3891 4656">
    <p class='ocr_par' dir='ltr' id='par_1_25' title="bbox 2325 4578 3891 4656">
     <span class='ocr_line' id='line_1_87' title="bbox 2325 4578 3891 4656; baseline 0.001 -21"><span class='ocrx_word' id='word_1_695' title='bbox 2325 4580 2465 4655; x_wconf 81' lang='grc' dir='ltr'><strong>Παρὰ</strong></span> <span class='ocrx_word' id='word_1_696' title='bbox 2495 4580 2548 4636; x_wconf 67' lang='lat' dir='ltr'><strong>sl</strong></span> <span class='ocrx_word' id='word_1_697' title='bbox 2575 4586 2646 4656; x_wconf 76' lang='grc' dir='ltr'><strong>τῷ</strong></span> <span class='ocrx_word' id='word_1_698' title='bbox 2687 4580 2917 4655; x_wconf 77' lang='grc' dir='ltr'><strong>Πελοπίῳ</strong></span> <span class='ocrx_word' id='word_1_699' title='bbox 2947 4580 3067 4636; x_wconf 77' lang='grc' dir='ltr'><strong>κίων</strong></span> <span class='ocrx_word' id='word_1_700' title='bbox 3098 4580 3194 4654; x_wconf 72' lang='grc' dir='ltr'><strong>οὔχ</strong></span> <span class='ocrx_word' id='word_1_701' title='bbox 3218 4579 3400 4654; x_wconf 72' lang='grc' dir='ltr'>δψηλδς</span> <span class='ocrx_word' id='word_1_702' title='bbox 3432 4580 3514 4635; x_wconf 77' lang='grc' dir='ltr'><strong>καὶ</strong></span> <span class='ocrx_word' id='word_1_703' title='bbox 3544 4578 3752 4654; x_wconf 69' lang='grc' dir='ltr'>ἄγαλμα</span> <span class='ocrx_word' id='word_1_704' title='bbox 3779 4580 3891 4645; x_wconf 74' lang='grc' dir='ltr'><strong>Διὸς</strong></span> 
     </span>
    </p>
   </div>
   <div class='ocr_carea' id='block_1_25' title="bbox 734 4657 3887 4735">
    <p class='ocr_par' dir='ltr' id='par_1_26' title="bbox 734 4657 3887 4735">
     <span class='ocr_line' id='line_1_88' title="bbox 734 4657 3887 4735; baseline 0.002 -26"><span class='ocrx_word' id='word_1_705' title='bbox 734 4662 787 4713; x_wconf 82' lang='grc'><strong>6.</strong></span> <span class='ocrx_word' id='word_1_706' title='bbox 813 4657 959 4713; x_wconf 63' lang='lat' dir='ltr'><strong>sos-is</strong></span> <span class='ocrx_word' id='word_1_707' title='bbox 990 4658 1141 4732; x_wconf 75' lang='lat' dir='ltr'><strong>Urit]</strong></span> <span class='ocrx_word' id='word_1_708' title='bbox 1164 4660 1330 4715; x_wconf 87' lang='lat' dir='ltr'><strong>immo</strong></span> <span class='ocrx_word' id='word_1_709' title='bbox 1346 4660 1493 4717; x_wconf 66' lang='lat' dir='ltr'><strong>sos-ts</strong></span> <span class='ocrx_word' id='word_1_710' title='bbox 1517 4660 1849 4735; x_wconf 76' lang='lat' dir='ltr'><strong>imperatoris</strong></span> <span class='ocrx_word' id='word_1_711' title='bbox 1870 4661 1994 4718; x_wconf 83' lang='grc' dir='ltr'><strong>1ι.1.</strong></span> <span class='ocrx_word' id='word_1_712' title='bbox 2020 4662 2230 4735; x_wconf 82' lang='lat' dir='ltr'><strong>legitur,</strong></span> <span class='ocrx_word' id='word_1_713' title='bbox 2325 4658 2399 4716; x_wconf 76' lang='grc' dir='ltr'><strong>ἐπ’</strong></span> <span class='ocrx_word' id='word_1_714' title='bbox 2419 4660 2550 4735; x_wconf 61' lang='grc' dir='ltr'><strong>αὐτῷ</strong></span> <span class='ocrx_word' id='word_1_715' title='bbox 2577 4660 2767 4734; x_wconf 71' lang='grc' dir='ltr'><strong>μικρὸν,</strong></span> <span class='ocrx_word' id='word_1_716' title='bbox 2789 4658 2878 4728; x_wconf 84' lang='grc' dir='ltr'><strong>τὴν</strong></span> <span class='ocrx_word' id='word_1_717' title='bbox 2903 4660 3066 4733; x_wconf 72' lang='grc' dir='ltr'><strong>ἑτέραν</strong></span> <span class='ocrx_word' id='word_1_718' title='bbox 3087 4664 3266 4733; x_wconf 80' lang='grc' dir='ltr'><strong>χειρῶν</strong></span> <span class='ocrx_word' id='word_1_719' title='bbox 3285 4661 3602 4732; x_wconf 74' lang='grc' dir='ltr'><strong>προτεῖνον),</strong></span> <span class='ocrx_word' id='word_1_720' title='bbox 3623 4659 3718 4715; x_wconf 86' lang='lat' dir='ltr'><strong>sed</strong></span> <span class='ocrx_word' id='word_1_721' title='bbox 3737 4660 3887 4733; x_wconf 85' lang='lat' dir='ltr'><strong>pueri</strong></span> 
     </span>
    </p>
   </div>
   <div class='ocr_carea' id='block_1_26' title="bbox 646 4734 2233 5369">
    <p class='ocr_par' dir='ltr' id='par_1_27' title="bbox 646 4734 2233 5369">
     <span class='ocr_line' id='line_1_89' title="bbox 659 4734 2233 4813; baseline 0.004 -23"><span class='ocrx_word' id='word_1_722' title='bbox 659 4734 757 4789; x_wconf 82' lang='lat' dir='ltr'><strong>sed</strong></span> <span class='ocrx_word' id='word_1_723' title='bbox 784 4738 839 4791; x_wconf 90' lang='lat' dir='ltr'><strong>in</strong></span> <span class='ocrx_word' id='word_1_724' title='bbox 866 4735 1291 4793; x_wconf 86' lang='lat' dir='ltr'><strong>antecedentibus</strong></span> <span class='ocrx_word' id='word_1_725' title='bbox 1316 4742 1347 4809; x_wconf 73' lang='grc' dir='ltr'>ς</span> <span class='ocrx_word' id='word_1_726' title='bbox 1373 4756 1470 4813; x_wconf 82' lang='lat'><strong>¹²7</strong></span> <span class='ocrx_word' id='word_1_727' title='bbox 1491 4742 1677 4798; x_wconf 87' lang='lat' dir='ltr'><strong>Cicero</strong></span> <span class='ocrx_word' id='word_1_728' title='bbox 1699 4739 1863 4799; x_wconf 77' lang='lat' dir='ltr'><strong>dicitz</strong></span> <span class='ocrx_word' id='word_1_729' title='bbox 1892 4741 2233 4797; x_wconf 67' lang='lat' dir='ltr'><strong>simulacrum</strong></span> 
     </span>
     <span class='ocr_line' id='line_1_90' title="bbox 660 4814 2233 4893; baseline 0.006 -26"><span class='ocrx_word' id='word_1_730' title='bbox 660 4815 809 4870; x_wconf 70' lang='lat' dir='ltr'><strong>Iovis·</strong></span> <span class='ocrx_word' id='word_1_731' title='bbox 852 4814 1180 4891; x_wconf 77' lang='lat' dir='ltr'><strong>imperatoris</strong></span> <span class='ocrx_word' id='word_1_732' title='bbox 1221 4835 1371 4890; x_wconf 77' lang='lat' dir='ltr'><strong>quem</strong></span> <span class='ocrx_word' id='word_1_733' title='bbox 1412 4817 1587 4887; x_wconf 77' lang='lat' dir='ltr'><strong>Groeci</strong></span> <span class='ocrx_word' id='word_1_734' title='bbox 1620 4818 1797 4893; x_wconf 74' lang='grc' dir='ltr'><strong>Οὕριον</strong></span> <span class='ocrx_word' id='word_1_735' title='bbox 1839 4833 2050 4876; x_wconf 73' lang='lat' dir='ltr'><strong>meant.</strong></span> <span class='ocrx_word' id='word_1_736' title='bbox 2093 4820 2233 4877; x_wconf 85' lang='lat' dir='ltr'><strong>Vide</strong></span> 
     </span>
     <span class='ocr_line' id='line_1_91' title="bbox 660 4894 2227 4973; baseline 0.004 -25"><span class='ocrx_word' id='word_1_737' title='bbox 660 4910 780 4965; x_wconf 80' lang='lat' dir='ltr'><strong>quae</strong></span> <span class='ocrx_word' id='word_1_738' title='bbox 798 4894 867 4949; x_wconf 88' lang='lat' dir='ltr'><strong>de</strong></span> <span class='ocrx_word' id='word_1_739' title='bbox 898 4895 981 4949; x_wconf 87' lang='lat' dir='ltr'><strong>his</strong></span> <span class='ocrx_word' id='word_1_740' title='bbox 998 4896 1365 4952; x_wconf 82' lang='lat' dir='ltr'><strong>annotavimus</strong></span> <span class='ocrx_word' id='word_1_741' title='bbox 1381 4895 1450 4952; x_wconf 91' lang='lat' dir='ltr'><strong>ad</strong></span> <span class='ocrx_word' id='word_1_742' title='bbox 1462 4899 1671 4954; x_wconf 81' lang='lat' dir='ltr'><strong>Arriani</strong></span> <span class='ocrx_word' id='word_1_743' title='bbox 1688 4898 1953 4973; x_wconf 86' lang='lat' dir='ltr'><strong>Periplnm</strong></span> <span class='ocrx_word' id='word_1_744' title='bbox 1972 4900 2029 4954; x_wconf 91' lang='lat' dir='ltr'><strong>in</strong></span> <span class='ocrx_word' id='word_1_745' title='bbox 2047 4897 2152 4953; x_wconf 79' lang='lat' dir='ltr'><strong>vol.</strong></span> <span class='ocrx_word' id='word_1_746' title='bbox 2179 4917 2227 4967; x_wconf 88' lang='lat'><strong>1,</strong></span> 
     </span>
     <span class='ocr_line' id='line_1_92' title="bbox 654 4975 2229 5051; baseline 0.004 -24"><span class='ocrx_word' id='word_1_747' title='bbox 654 4988 713 5045; x_wconf 85' lang='lat' dir='ltr'><strong>p.</strong></span> <span class='ocrx_word' id='word_1_748' title='bbox 763 4975 889 5031; x_wconf 85' lang='lat'><strong>381.</strong></span> <span class='ocrx_word' id='word_1_749' title='bbox 936 4976 1017 5031; x_wconf 87' lang='lat' dir='ltr'><strong>De</strong></span> <span class='ocrx_word' id='word_1_750' title='bbox 1054 4976 1187 5031; x_wconf 84' lang='lat' dir='ltr'><strong>Jove</strong></span> <span class='ocrx_word' id='word_1_751' title='bbox 1224 4976 1538 5050; x_wconf 88' lang='lat' dir='ltr'><strong>imperatore</strong></span> <span class='ocrx_word' id='word_1_752' title='bbox 1570 4988 1693 5051; x_wconf 88' lang='lat' dir='ltr'><strong>post</strong></span> <span class='ocrx_word' id='word_1_753' title='bbox 1731 4980 2094 5035; x_wconf 87' lang='lat' dir='ltr'><strong>Butmannum</strong></span> <span class='ocrx_word' id='word_1_754' title='bbox 2136 4981 2229 5047; x_wconf 75' lang='lat' dir='ltr'><strong>(in</strong></span> 
     </span>
     <span class='ocr_line' id='line_1_93' title="bbox 656 5052 2222 5131; baseline 0.007 -25"><span class='ocrx_word' id='word_1_755' title='bbox 656 5052 893 5125; x_wconf 82' lang='lat' dir='ltr'><strong>Lexilog.</strong></span> <span class='ocrx_word' id='word_1_756' title='bbox 919 5064 960 5109; x_wconf 93' lang='lat' dir='ltr'><strong>t.</strong></span> <span class='ocrx_word' id='word_1_757' title='bbox 992 5070 1027 5109; x_wconf 77' lang='lat' dir='ltr'><strong>n</strong></span> <span class='ocrx_word' id='word_1_758' title='bbox 1052 5072 1109 5127; x_wconf 89' lang='lat' dir='ltr'><strong>p.</strong></span> <span class='ocrx_word' id='word_1_759' title='bbox 1142 5055 1211 5110; x_wconf 83' lang='lat'><strong>32</strong></span> <span class='ocrx_word' id='word_1_760' title='bbox 1232 5058 1387 5129; x_wconf 83' lang='lat' dir='ltr'><strong>sqq),</strong></span> <span class='ocrx_word' id='word_1_761' title='bbox 1406 5058 1751 5113; x_wconf 78' lang='lat' dir='ltr'><strong>Levezovium</strong></span> <span class='ocrx_word' id='word_1_762' title='bbox 1780 5060 1897 5128; x_wconf 89' lang='lat' dir='ltr'><strong>(De</strong></span> <span class='ocrx_word' id='word_1_763' title='bbox 1916 5061 2048 5115; x_wconf 80' lang='lat' dir='ltr'><strong>Jove</strong></span> <span class='ocrx_word' id='word_1_764' title='bbox 2069 5059 2222 5131; x_wconf 73' lang='lat' dir='ltr'><strong>imp„</strong></span> 
     </span>
     <span class='ocr_line' id='line_1_94' title="bbox 648 5129 2227 5211; baseline 0.006 -28"><span class='ocrx_word' id='word_1_765' title='bbox 648 5129 886 5185; x_wconf 87' lang='lat' dir='ltr'><strong>Berolin.</strong></span> <span class='ocrx_word' id='word_1_766' title='bbox 945 5136 1112 5202; x_wconf 81' lang='lat'><strong>1826,</strong></span> <span class='ocrx_word' id='word_1_767' title='bbox 1155 5136 1262 5205; x_wconf 85' lang='grc'><strong>4),</strong></span> <span class='ocrx_word' id='word_1_768' title='bbox 1310 5137 1583 5191; x_wconf 88' lang='lat' dir='ltr'><strong>Osannum</strong></span> <span class='ocrx_word' id='word_1_769' title='bbox 1622 5138 1722 5207; x_wconf 88' lang='lat' dir='ltr'><strong>(in</strong></span> <span class='ocrx_word' id='word_1_770' title='bbox 1759 5138 2121 5211; x_wconf 88' lang='lat' dir='ltr'><strong>Disputatione</strong></span> <span class='ocrx_word' id='word_1_771' title='bbox 2159 5136 2227 5193; x_wconf 91' lang='lat' dir='ltr'><strong>de</strong></span> 
     </span>
     <span class='ocr_line' id='line_1_95' title="bbox 654 5206 2223 5290; baseline 0.006 -29"><span class='ocrx_word' id='word_1_772' title='bbox 654 5206 952 5281; x_wconf 76' lang='lat' dir='ltr'><strong>fragmento</strong></span> <span class='ocrx_word' id='word_1_773' title='bbox 964 5213 1155 5287; x_wconf 90' lang='lat' dir='ltr'><strong>Peripli</strong></span> <span class='ocrx_word' id='word_1_774' title='bbox 1179 5216 1337 5271; x_wconf 90' lang='lat' dir='ltr'><strong>Pont.</strong></span> <span class='ocrx_word' id='word_1_775' title='bbox 1354 5216 1493 5271; x_wconf 85' lang='lat' dir='ltr'><strong>Eux.</strong></span> <span class='ocrx_word' id='word_1_776' title='bbox 1510 5233 1540 5270; x_wconf 91' lang='lat' dir='ltr'><strong>e</strong></span> <span class='ocrx_word' id='word_1_777' title='bbox 1551 5216 1735 5271; x_wconf 85' lang='lat' dir='ltr'><strong>codice</strong></span> <span class='ocrx_word' id='word_1_778' title='bbox 1748 5216 2017 5271; x_wconf 84' lang='lat' dir='ltr'><strong>Hasniensi</strong></span> <span class='ocrx_word' id='word_1_779' title='bbox 2042 5234 2223 5290; x_wconf 87' lang='lat' dir='ltr'><strong>prom-</strong></span> 
     </span>
     <span class='ocr_line' id='line_1_96' title="bbox 646 5290 2222 5369; baseline 0.006 -29"><span class='ocrx_word' id='word_1_780' title='bbox 646 5296 762 5359; x_wconf 90' lang='lat' dir='ltr'><strong>pto.</strong></span> <span class='ocrx_word' id='word_1_781' title='bbox 790 5290 962 5345; x_wconf 77' lang='lat' dir='ltr'><strong>Gissae</strong></span> <span class='ocrx_word' id='word_1_782' title='bbox 996 5295 1127 5365; x_wconf 82' lang='lat'>1829</span> <span class='ocrx_word' id='word_1_783' title='bbox 1145 5332 1162 5360; x_wconf 89' lang='lat'><strong>,</strong></span> <span class='ocrx_word' id='word_1_784' title='bbox 1193 5291 1270 5369; x_wconf 87' lang='grc'><strong>4)</strong></span> <span class='ocrx_word' id='word_1_785' title='bbox 1302 5292 1465 5350; x_wconf 80' lang='lat' dir='ltr'><strong>fusius</strong></span> <span class='ocrx_word' id='word_1_786' title='bbox 1492 5294 1739 5351; x_wconf 88' lang='lat' dir='ltr'><strong>disseruit</strong></span> <span class='ocrx_word' id='word_1_787' title='bbox 1763 5296 1908 5351; x_wconf 89' lang='lat' dir='ltr'><strong>Guil.</strong></span> <span class='ocrx_word' id='word_1_788' title='bbox 1932 5294 2147 5350; x_wconf 80' lang='lat' dir='ltr'><strong>Abeken</strong></span> <span class='ocrx_word' id='word_1_789' title='bbox 2168 5296 2222 5350; x_wconf 92' lang='lat' dir='ltr'><strong>in</strong></span> 
     </span>
    </p>
   </div>
   <div class='ocr_carea' id='block_1_27' title="bbox 2315 4736 3888 5281">
    <p class='ocr_par' dir='ltr' id='par_1_28' title="bbox 2315 4736 3888 5281">
     <span class='ocr_line' id='line_1_97' title="bbox 2321 4736 3888 4812; baseline -0.001 -20"><span class='ocrx_word' id='word_1_790' title='bbox 2321 4747 2545 4795; x_wconf 80' lang='lat' dir='ltr'><strong>statuam</strong></span> <span class='ocrx_word' id='word_1_791' title='bbox 2582 4738 2740 4795; x_wconf 77' lang='lat' dir='ltr'><strong>verba</strong></span> <span class='ocrx_word' id='word_1_792' title='bbox 2779 4740 3018 4812; x_wconf 80' lang='lat' dir='ltr'><strong>Dionysii</strong></span> <span class='ocrx_word' id='word_1_793' title='bbox 3053 4738 3308 4793; x_wconf 87' lang='lat' dir='ltr'><strong>indicant.</strong></span> <span class='ocrx_word' id='word_1_794' title='bbox 3343 4738 3588 4792; x_wconf 82' lang='lat' dir='ltr'><strong>Ceterum</strong></span> <span class='ocrx_word' id='word_1_795' title='bbox 3627 4736 3788 4791; x_wconf 76' lang='lat' dir='ltr'><strong>verba</strong></span> <span class='ocrx_word' id='word_1_796' title='bbox 3832 4737 3888 4791; x_wconf 81' lang='grc' dir='ltr'><strong>ἰιι</strong></span> 
     </span>
     <span class='ocr_line' id='line_1_98' title="bbox 2322 4812 3886 4892; baseline -0.003 -20"><span class='ocrx_word' id='word_1_797' title='bbox 2322 4820 2468 4872; x_wconf 76' lang='lat' dir='ltr'><strong>Fano</strong></span> <span class='ocrx_word' id='word_1_798' title='bbox 2490 4836 2596 4873; x_wconf 89' lang='lat' dir='ltr'><strong>non</strong></span> <span class='ocrx_word' id='word_1_799' title='bbox 2616 4816 2684 4872; x_wconf 90' lang='lat' dir='ltr'><strong>de</strong></span> <span class='ocrx_word' id='word_1_800' title='bbox 2701 4818 2813 4892; x_wconf 89' lang='lat' dir='ltr'><strong>ipso</strong></span> <span class='ocrx_word' id='word_1_801' title='bbox 2837 4816 3050 4891; x_wconf 89' lang='lat' dir='ltr'><strong>templo,</strong></span> <span class='ocrx_word' id='word_1_802' title='bbox 3075 4815 3168 4872; x_wconf 87' lang='lat' dir='ltr'><strong>sed</strong></span> <span class='ocrx_word' id='word_1_803' title='bbox 3183 4814 3252 4871; x_wconf 92' lang='lat' dir='ltr'><strong>de</strong></span> <span class='ocrx_word' id='word_1_804' title='bbox 3271 4816 3434 4870; x_wconf 74' lang='lat' dir='ltr'><strong>Hiero</strong></span> <span class='ocrx_word' id='word_1_805' title='bbox 3461 4815 3598 4881; x_wconf 88' lang='lat' dir='ltr'><strong>loco,</strong></span> <span class='ocrx_word' id='word_1_806' title='bbox 3624 4814 3720 4887; x_wconf 90' lang='lat' dir='ltr'><strong>qui</strong></span> <span class='ocrx_word' id='word_1_807' title='bbox 3741 4812 3886 4869; x_wconf 86' lang='lat' dir='ltr'><strong>dice-</strong></span> 
     </span>
     <span class='ocr_line' id='line_1_99' title="bbox 2321 4894 3879 4969; baseline -0.003 -16"><span class='ocrx_word' id='word_1_808' title='bbox 2321 4896 2494 4965; x_wconf 85' lang='lat' dir='ltr'><strong>batur,</strong></span> <span class='ocrx_word' id='word_1_809' title='bbox 2525 4897 2752 4969; x_wconf 86' lang='lat' dir='ltr'><strong>intelligo</strong></span> <span class='ocrx_word' id='word_1_810' title='bbox 2766 4917 2784 4966; x_wconf 75' lang='lat'>3</span> <span class='ocrx_word' id='word_1_811' title='bbox 2811 4914 2934 4951; x_wconf 91' lang='lat' dir='ltr'><strong>nam</strong></span> <span class='ocrx_word' id='word_1_812' title='bbox 2961 4898 3016 4951; x_wconf 90' lang='lat' dir='ltr'><strong>in</strong></span> <span class='ocrx_word' id='word_1_813' title='bbox 3034 4896 3187 4952; x_wconf 83' lang='lat' dir='ltr'><strong>litore</strong></span> <span class='ocrx_word' id='word_1_814' title='bbox 3213 4896 3370 4951; x_wconf 87' lang='lat' dir='ltr'><strong>maris</strong></span> <span class='ocrx_word' id='word_1_815' title='bbox 3403 4905 3628 4949; x_wconf 83' lang='lat' dir='ltr'><strong>statuam</strong></span> <span class='ocrx_word' id='word_1_816' title='bbox 3652 4894 3879 4967; x_wconf 83' lang='lat' dir='ltr'><strong>positam</strong></span> 
     </span>
     <span class='ocr_line' id='line_1_100' title="bbox 2320 4970 3884 5049; baseline -0.003 -19"><span class='ocrx_word' id='word_1_817' title='bbox 2320 4973 2478 5030; x_wconf 68' lang='lat' dir='ltr'><strong>fixisse</strong></span> <span class='ocrx_word' id='word_1_818' title='bbox 2500 4985 2615 5031; x_wconf 89' lang='lat' dir='ltr'><strong>tum</strong></span> <span class='ocrx_word' id='word_1_819' title='bbox 2638 4992 2670 5030; x_wconf 90' lang='lat' dir='ltr'><strong>e</strong></span> <span class='ocrx_word' id='word_1_820' title='bbox 2691 4975 2942 5049; x_wconf 89' lang='lat' dir='ltr'><strong>Dionysio</strong></span> <span class='ocrx_word' id='word_1_821' title='bbox 2965 4974 3171 5045; x_wconf 84' lang='lat' dir='ltr'><strong>colligas</strong></span> <span class='ocrx_word' id='word_1_822' title='bbox 3193 4983 3308 5027; x_wconf 90' lang='lat' dir='ltr'><strong>tum</strong></span> <span class='ocrx_word' id='word_1_823' title='bbox 3335 4990 3400 5027; x_wconf 89' lang='lat' dir='ltr'><strong>ex</strong></span> <span class='ocrx_word' id='word_1_824' title='bbox 3427 4970 3784 5045; x_wconf 87' lang='lat' dir='ltr'><strong>Philostrato(</strong></span> <span class='ocrx_word' id='word_1_825' title='bbox 3805 4973 3884 5028; x_wconf 87' lang='lat' dir='ltr'><strong>De</strong></span> 
     </span>
     <span class='ocr_line' id='line_1_101' title="bbox 2316 5048 3882 5127; baseline -0.006 -18"><span class='ocrx_word' id='word_1_826' title='bbox 2316 5056 2476 5127; x_wconf 85' lang='lat' dir='ltr'><strong>imag.</strong></span> <span class='ocrx_word' id='word_1_827' title='bbox 2498 5073 2547 5111; x_wconf 91' lang='lat' dir='ltr'><strong>c.</strong></span> <span class='ocrx_word' id='word_1_828' title='bbox 2581 5072 2668 5125; x_wconf 67' lang='grc' dir='ltr'><strong>ιιι,</strong></span> <span class='ocrx_word' id='word_1_829' title='bbox 2695 5070 2730 5109; x_wconf 79' lang='lat' dir='ltr'><strong>n</strong></span> <span class='ocrx_word' id='word_1_830' title='bbox 2747 5058 2790 5126; x_wconf 93' lang='lat'><strong>),</strong></span> <span class='ocrx_word' id='word_1_831' title='bbox 2816 5053 2909 5126; x_wconf 89' lang='lat' dir='ltr'><strong>qui</strong></span> <span class='ocrx_word' id='word_1_832' title='bbox 2930 5051 3265 5107; x_wconf 89' lang='lat' dir='ltr'><strong>simulacrum</strong></span> <span class='ocrx_word' id='word_1_833' title='bbox 3283 5060 3520 5105; x_wconf 87' lang='lat' dir='ltr'><strong>nostrum</strong></span> <span class='ocrx_word' id='word_1_834' title='bbox 3541 5048 3742 5105; x_wconf 85' lang='lat' dir='ltr'><strong>indicat</strong></span> <span class='ocrx_word' id='word_1_835' title='bbox 3767 5066 3882 5111; x_wconf 65' lang='lat' dir='ltr'><strong>ver-</strong></span> 
     </span>
     <span class='ocr_line' id='line_1_102' title="bbox 2317 5126 3880 5206; baseline -0.005 -16"><span class='ocrx_word' id='word_1_836' title='bbox 2317 5134 2398 5189; x_wconf 84' lang='lat' dir='ltr'><strong>bis</strong></span> <span class='ocrx_word' id='word_1_837' title='bbox 2421 5151 2436 5189; x_wconf 89' lang='lat'><strong>:</strong></span> <span class='ocrx_word' id='word_1_838' title='bbox 2478 5135 2562 5190; x_wconf 76' lang='grc' dir='ltr'><strong>καὶ</strong></span> <span class='ocrx_word' id='word_1_839' title='bbox 2593 5134 2622 5189; x_wconf 81' lang='grc' dir='ltr'><strong><em>ὃ</em></strong></span> <span class='ocrx_word' id='word_1_840' title='bbox 2643 5133 2804 5206; x_wconf 82' lang='grc' dir='ltr'><strong>Ἔρως</strong></span> <span class='ocrx_word' id='word_1_841' title='bbox 2840 5132 2920 5187; x_wconf 71' lang='grc' dir='ltr'><strong>ἰπὶ</strong></span> <span class='ocrx_word' id='word_1_842' title='bbox 2949 5136 3012 5206; x_wconf 77' lang='grc' dir='ltr'><strong>τῇ</strong></span> <span class='ocrx_word' id='word_1_843' title='bbox 3043 5132 3192 5203; x_wconf 75' lang='grc' dir='ltr'><strong>πέτρᾳ</strong></span> <span class='ocrx_word' id='word_1_844' title='bbox 3220 5132 3366 5185; x_wconf 79' lang='grc' dir='ltr'><strong>τείνει</strong></span> <span class='ocrx_word' id='word_1_845' title='bbox 3395 5127 3484 5195; x_wconf 78' lang='grc' dir='ltr'><strong>τὴν</strong></span> <span class='ocrx_word' id='word_1_846' title='bbox 3513 5131 3663 5201; x_wconf 76' lang='grc' dir='ltr'><strong>χεῖρα</strong></span> <span class='ocrx_word' id='word_1_847' title='bbox 3689 5128 3768 5184; x_wconf 71' lang='grc' dir='ltr'><strong>ἐπὶ</strong></span> <span class='ocrx_word' id='word_1_848' title='bbox 3789 5126 3880 5197; x_wconf 70' lang='grc' dir='ltr'><strong>τὴν</strong></span> 
     </span>
     <span class='ocr_line' id='line_1_103' title="bbox 2315 5208 3876 5281; baseline -0.005 -12"><span class='ocrx_word' id='word_1_849' title='bbox 2315 5214 2584 5269; x_wconf 79' lang='grc' dir='ltr'>θάλατταν.</span> <span class='ocrx_word' id='word_1_850' title='bbox 2624 5214 2710 5269; x_wconf 87' lang='lat' dir='ltr'><strong>Sic</strong></span> <span class='ocrx_word' id='word_1_851' title='bbox 2749 5210 3002 5267; x_wconf 85' lang='lat' dir='ltr'><strong>Hadriani</strong></span> <span class='ocrx_word' id='word_1_852' title='bbox 3039 5220 3208 5265; x_wconf 87' lang='lat' dir='ltr'><strong>statua</strong></span> <span class='ocrx_word' id='word_1_853' title='bbox 3242 5209 3300 5264; x_wconf 91' lang='lat' dir='ltr'><strong>in</strong></span> <span class='ocrx_word' id='word_1_854' title='bbox 3329 5209 3682 5281; x_wconf 78' lang='lat' dir='ltr'><strong>Trapezuntio</strong></span> <span class='ocrx_word' id='word_1_855' title='bbox 3721 5208 3876 5262; x_wconf 88' lang='lat' dir='ltr'><strong>Ponti</strong></span> 
     </span>
    </p>
   </div>
   <div class='ocr_carea' id='block_1_28' title="bbox 2313 5288 3874 5366">
    <p class='ocr_par' dir='ltr' id='par_1_29' title="bbox 2313 5288 3874 5366">
     <span class='ocr_line' id='line_1_104' title="bbox 2313 5288 3874 5366; baseline -0.005 -17"><span class='ocrx_word' id='word_1_856' title='bbox 2313 5293 2487 5349; x_wconf 89' lang='lat' dir='ltr'><strong>littore</strong></span> <span class='ocrx_word' id='word_1_857' title='bbox 2514 5295 2680 5366; x_wconf 86' lang='lat' dir='ltr'><strong>posita</strong></span> <span class='ocrx_word' id='word_1_858' title='bbox 2705 5308 2867 5347; x_wconf 82' lang='lat' dir='ltr'><strong>manu</strong></span> <span class='ocrx_word' id='word_1_859' title='bbox 2887 5310 3030 5346; x_wconf 89' lang='lat' dir='ltr'><strong>mare</strong></span> <span class='ocrx_word' id='word_1_860' title='bbox 3053 5288 3392 5355; x_wconf 86' lang='lat' dir='ltr'><strong>monstrabat,</strong></span> <span class='ocrx_word' id='word_1_861' title='bbox 3421 5298 3550 5343; x_wconf 86' lang='lat' dir='ltr'><strong>teste</strong></span> <span class='ocrx_word' id='word_1_862' title='bbox 3570 5288 3798 5343; x_wconf 79' lang='lat' dir='ltr'><strong>Arriano</strong></span> <span class='ocrx_word' id='word_1_863' title='bbox 3819 5288 3874 5342; x_wconf 91' lang='lat' dir='ltr'><strong>in</strong></span> 
     </span>
    </p>
   </div>
   <div class='ocr_carea' id='block_1_29' title="bbox 643 5368 3876 5449">
    <p class='ocr_par' dir='ltr' id='par_1_30' title="bbox 643 5368 3876 5449">
     <span class='ocr_line' id='line_1_105' title="bbox 643 5368 3876 5449; baseline 0.001 -29"><span class='ocrx_word' id='word_1_864' title='bbox 643 5368 845 5421; x_wconf 79' lang='lat' dir='ltr'><strong>Annal.</strong></span> <span class='ocrx_word' id='word_1_865' title='bbox 886 5368 1011 5424; x_wconf 74' lang='lat' dir='ltr'><strong>dele</strong></span> <span class='ocrx_word' id='word_1_866' title='bbox 1050 5370 1191 5427; x_wconf 76' lang='lat' dir='ltr'><strong>istie.</strong></span> <span class='ocrx_word' id='word_1_867' title='bbox 1226 5373 1511 5449; x_wconf 75' lang='lat' dir='ltr'><strong>archeolog.</strong></span> <span class='ocrx_word' id='word_1_868' title='bbox 1548 5374 1653 5431; x_wconf 78' lang='lat' dir='ltr'><strong>vol.</strong></span> <span class='ocrx_word' id='word_1_869' title='bbox 1698 5394 1757 5433; x_wconf 78' lang='grc' dir='ltr'><strong>ιι</strong></span> <span class='ocrx_word' id='word_1_870' title='bbox 1774 5416 1791 5443; x_wconf 91' lang='grc'><strong><em>,</em></strong></span> <span class='ocrx_word' id='word_1_871' title='bbox 1827 5393 1884 5448; x_wconf 91' lang='lat' dir='ltr'><strong>p.</strong></span> <span class='ocrx_word' id='word_1_872' title='bbox 1914 5380 2096 5445; x_wconf 80' lang='lat'><strong>62-72.</strong></span> <span class='ocrx_word' id='word_1_873' title='bbox 2134 5375 2219 5432; x_wconf 85' lang='lat' dir='ltr'><strong>Cf.</strong></span> <span class='ocrx_word' id='word_1_874' title='bbox 2310 5374 2520 5446; x_wconf 87' lang='lat' dir='ltr'><strong>Periplo</strong></span> <span class='ocrx_word' id='word_1_875' title='bbox 2541 5376 2602 5431; x_wconf 90' lang='lat' dir='ltr'><strong>P.</strong></span> <span class='ocrx_word' id='word_1_876' title='bbox 2633 5376 2663 5443; x_wconf 73' lang='lat' dir='ltr'>S</span> <span class='ocrx_word' id='word_1_877' title='bbox 2693 5389 2725 5426; x_wconf 71' lang='grc' dir='ltr'>α</span> <span class='ocrx_word' id='word_1_878' title='bbox 2742 5414 2757 5440; x_wconf 90' lang='grc'><em>,</em></span> <span class='ocrx_word' id='word_1_879' title='bbox 2786 5372 2878 5444; x_wconf 88' lang='lat' dir='ltr'><strong>qui</strong></span> <span class='ocrx_word' id='word_1_880' title='bbox 2897 5371 3092 5426; x_wconf 85' lang='lat' dir='ltr'><strong>ibidem</strong></span> <span class='ocrx_word' id='word_1_881' title='bbox 3121 5368 3373 5443; x_wconf 88' lang='lat' dir='ltr'><strong>templum</strong></span> <span class='ocrx_word' id='word_1_882' title='bbox 3403 5378 3658 5423; x_wconf 88' lang='lat' dir='ltr'><strong>memorat</strong></span> <span class='ocrx_word' id='word_1_883' title='bbox 3685 5368 3740 5422; x_wconf 91' lang='lat' dir='ltr'><strong>in</strong></span> <span class='ocrx_word' id='word_1_884' title='bbox 3765 5385 3876 5439; x_wconf 89' lang='lat' dir='ltr'><strong>quo</strong></span> 
     </span>
    </p>
   </div>
   <div class='ocr_carea' id='block_1_30' title="bbox 646 5444 1653 5528">
    <p class='ocr_par' dir='ltr' id='par_1_31' title="bbox 646 5444 1653 5528">
     <span class='ocr_line' id='line_1_106' title="bbox 646 5444 1653 5528; baseline 0.009 -27"><span class='ocrx_word' id='word_1_885' title='bbox 646 5444 861 5503; x_wconf 72' lang='lat' dir='ltr'><strong>Boeckh.</strong></span> <span class='ocrx_word' id='word_1_886' title='bbox 893 5448 969 5502; x_wconf 91' lang='lat' dir='ltr'><strong>in.</strong></span> <span class='ocrx_word' id='word_1_887' title='bbox 997 5450 1060 5507; x_wconf 91' lang='lat' dir='ltr'><strong>C.</strong></span> <span class='ocrx_word' id='word_1_888' title='bbox 1088 5453 1258 5509; x_wconf 87' lang='lat' dir='ltr'><strong>Inscr.</strong></span> <span class='ocrx_word' id='word_1_889' title='bbox 1290 5462 1329 5507; x_wconf 89' lang='lat' dir='ltr'><strong>t.</strong></span> <span class='ocrx_word' id='word_1_890' title='bbox 1358 5470 1419 5520; x_wconf 73' lang='grc' dir='ltr'><strong>α,</strong></span> <span class='ocrx_word' id='word_1_891' title='bbox 1444 5472 1499 5528; x_wconf 88' lang='lat' dir='ltr'><strong>p.</strong></span> <span class='ocrx_word' id='word_1_892' title='bbox 1528 5459 1653 5526; x_wconf 89' lang='lat'><strong>976.</strong></span> 
     </span>
    </p>
   </div>
   <div class='ocr_carea' id='block_1_31' title="bbox 2308 5447 3872 5526">
    <p class='ocr_par' dir='ltr' id='par_1_32' title="bbox 2308 5447 3872 5526">
     <span class='ocr_line' id='line_1_107' title="bbox 2308 5447 3872 5526; baseline -0.006 -16"><span class='ocrx_word' id='word_1_893' title='bbox 2308 5452 2459 5526; x_wconf 88' lang='lat' dir='ltr'><strong>juxta</strong></span> <span class='ocrx_word' id='word_1_894' title='bbox 2497 5452 2818 5508; x_wconf 87' lang='lat' dir='ltr'><strong>Mercurium</strong></span> <span class='ocrx_word' id='word_1_895' title='bbox 2861 5452 3116 5507; x_wconf 81' lang='lat' dir='ltr'><strong>Arrianus</strong></span> <span class='ocrx_word' id='word_1_896' title='bbox 3151 5448 3392 5505; x_wconf 85' lang='lat' dir='ltr'><strong>collocari</strong></span> <span class='ocrx_word' id='word_1_897' title='bbox 3427 5447 3592 5504; x_wconf 77' lang='lat' dir='ltr'><strong>voluit</strong></span> <span class='ocrx_word' id='word_1_898' title='bbox 3629 5458 3872 5521; x_wconf 76' lang='lat' dir='ltr'><strong>nepota-</strong></span> 
     </span>
    </p>
   </div>
  </div>
 </body>
</html>
