4584 6284
610 564 690 616 20

1844 550 2187 613 DlONYSIl
2237 552 2608 614 BYzAN‘m

604 687 843 744 cundum
872 687 1063 743 urbem
1104 688 1247 744 intus
1281 686 1565 761 procedere
1591 686 1658 741 ad
1686 686 1853 743 stadia
1892 691 2176 761 octoginta.
2266 708 2426 762 parva
2455 708 2579 763 pars
2613 691 2776 745 maris
2815 691 3022 746 circum
3061 692 3250 748 urbem
3276 694 3336 748 in
3358 704 3550 751 terram
3589 714 3840 755 conversa

602 777 762 833 Sinus
787 775 1014 831 altitudo
1037 776 1212 843 varim
1243 794 1365 831 nam
1394 776 1463 831 ab
1489 776 1627 831 ostio
1650 776 1716 830 ad
1746 776 1982 832 medium
2002 778 2179 832 sinum

601 881 863 936 nusquam
900 864 1081 917 minor
1112 862 1307 918 dicitur
1352 864 1533 935 viginti
1574 864 1837 937 passibus,
1882 863 1976 920 ubi
2004 863 2183 920 multis

601 950 730 1006 locis
756 949 966 1006 excedit
988 951 1227 1023 triginta,
1248 950 1439 1006 alicubi
1452 950 1800 1024 quadraginta
1820 961 1913 1006 aut
1930 952 2176 1025 amplius.

601 1040 741 1093 Cum
764 1048 943 1093 autem
974 1036 1115 1092 ultra
1140 1038 1443 1111 Byzantium
1470 1039 1725 1111 processit
1760 1056 1929 1112 usque
1955 1038 2023 1093 ad
2048 1040 2183 1094 ostia

604 1125 921 1191 fluminum,
968 1124 1161 1198 partim
1194 1123 1417 1180 vadosus
1446 1135 1525 1180 est
1566 1127 1761 1199 partim
1802 1126 2049 1199 palustris
2069 1166 2084 1192 ‚
2123 1137 2183 1181 ut

602 1210 967 1267 navicularum
1008 1229 1191 1267 cursus
1228 1210 1487 1284 dirigatur
1524 1211 1655 1285 palis
1696 1212 1815 1267 fixis
1854 1212 2182 1284 signantibus

602 1311 809 1376 partem
849 1298 1215 1371 navigabilem.
1253 1302 1435 1356 Primo
1466 1302 1607 1355 enim
1633 1311 1799 1373 syrtes
1817 1340 1832 1367 ,
1864 1300 2057 1355 deinde
2086 1320 2181 1374 pa·

600 1386 753 1443 ludes
776 1398 829 1443 et
864 1386 1111 1461 permulti
1145 1387 1317 1460 euripi
1350 1385 1741 1442 circumdantes
1777 1385 2059 1461 plusquam
2084 1389 2179 1443 tri·

598 1476 745 1548 ginta
787 1473 1059 1529 insululas.
1094 1474 1243 1529 Illius
1273 1474 1513 1529 similiter
1554 1473 1779 1529 latitudo
1811 1476 1953 1529 varia
1990 1486 2085 1529 ast.
2115 1478 2178 1530 In

599 1562 841 1620 saucibus
862 1562 983 1636 plus
1014 1562 1192 1617 minus
1222 1580 1315 1618 sex
1352 1559 1535 1616 stadiis
1562 1572 1734 1635 patet;
1773 1560 1966 1617 deinde
2000 1562 2178 1636 paula·

598 1652 711 1706 tim·
728 1651 1006 1723 stringitur
1033 1666 1201 1721 usque
1226 1648 1295 1703 ad
1320 1647 1546 1703 mediam
1580 1647 1843 1717 Galatam,
1874 1648 1965 1703 ubi
1994 1650 2049 1703 in
2072 1660 2177 1705 sta-

603 1736 694 1792 dia
724 1735 883 1811 paulo
922 1734 1044 1807 plus
1087 1734 1189 1788 tria
1234 1742 1551 1800 coarctatur,
1588 1750 1705 1805 quoe
1742 1734 1955 1788 arctiori
1998 1744 2179 1788 catena

604 1822 779 1878 claudi
801 1822 1007 1894 possint
1028 1837 1189 1893 quam
1206 1819 1361 1875 latior
1377 1816 1491 1891 ejus
1516 1818 1692 1873 alveus
1714 1819 1851 1873 inter
1872 1819 2175 1892 Acropolim

602 1923 657 1967 et
670 1910 909 1967 Galatam
932 1909 1083 1977 situs,
1106 1918 1293 1964 contra
1309 1907 1540 1964 bostium
1557 1926 1717 1963 naves
1738 1907 1863 1963 olim
1888 1910 2175 1981 constringi

602 1999 801 2055 catenis
834 1998 1036 2053 solitus.
1082 1998 1267 2071 Neque
1296 1994 1459 2053 modo
1504 1997 1779 2051 tormentis
1822 1994 2015 2051 bellicis
2052 2016 2177 2053 saxa

600 2086 964 2143 emittentibus
996 2104 1065 2140 ex
1090 2095 1317 2157 utroque
1359 2083 1571 2151 littore,
1606 2081 1701 2139 sed
1735 2084 1893 2139 etiam
1920 2084 2175 2139 machinis

600 2175 779 2246 ignem
803 2170 1068 2245 liquidum
1089 2168 1534 2245 profundentibus
1561 2169 1775 2225 hostiles
1810 2188 1969 2225 naves
2002 2170 2069 2227 ab
2090 2172 2175 2227 his

598 2261 749 2317 aditu
774 2260 943 2316 arceri
964 2300 981 2327 ‚
1022 2270 1179 2333 atque
1204 2260 1361 2315 etiam
1389 2260 1541 2314 exuri
1583 2258 1705 2330 igne
1729 2257 1985 2331 speculari
2021 2278 2175 2333 posse

597 2348 978 2404 demonstravit
1001 2347 1203 2403 Proelus
1220 2388 1235 2417 ‚
1279 2364 1439 2419 quem
1464 2345 1653 2402 dicunt
1680 2344 1895 2419 specula
1918 2346 2138 2417 ignifera
2154 2388 2171 2415 ,

597 2454 715 2509 quae
750 2437 861 2511 ipsc
900 2434 1183 2491 fabricatus
1218 2445 1351 2489 esset
1366 2474 1381 2501 ,
1409 2452 1474 2489 ex
1503 2452 1663 2489 muro
1694 2435 2174 2510 Constantinopolis

598 2522 910 2597 appendisse
956 2531 1143 2577 contra
1186 2538 1347 2576 naves
1390 2519 1603 2576 hostiles
1620 2563 1637 2588 ,
1672 2538 1792 2593 quae
1830 2521 1915 2577 his
1952 2522 2175 2595 speculis

600 2612 779 2683 ignem
824 2628 891 2664 ex
930 2607 1185 2663 solaribus
1231 2606 1393 2663 radiis
1435 2608 1791 2681 concipientes
1834 2608 1893 2662 in
1942 2626 1999 2664 se
2039 2608 2175 2683 ipsas

599 2694 897 2771 projectum
922 2696 1341 2767 conflagrarunt,
1370 2706 1527 2769 atque
1564 2706 1827 2757 vectores:
1858 2695 2006 2770 quod
2046 2697 2174 2752 olim

599 2785 743 2840 Dion
782 2782 1153 2840 Archimedem
1190 2784 1509 2857 excogitasse
1546 2795 1729 2841 narrat
1744 2825 1760 2851 ,
1811 2784 2176 2841 obsidentibus

597 2874 877 2946 Syracusas
927 2873 1196 2929 Romanis.
1260 2874 1504 2948 Denique
1542 2875 1687 2929 sinus
1742 2874 1835 2930 ubi
1892 2874 2173 2929 latissimus

600 2969 681 3013 est
702 3000 718 3026 ,
748 2978 842 3015 sex
876 2958 1045 3015 stadia
1090 2978 1199 3015 non
1240 2959 1465 3015 excedit.
1493 2962 1603 3015 Nec
1642 2959 1869 3016 dubium
1900 2971 1979 3016 est
1998 3000 2015 3029 ,
2046 2962 2175 3034 quin

599 3046 728 3101 olim
774 3046 928 3103 latior
952 3057 1115 3113 esset,
1162 3046 1443 3120 pluresque
1482 3065 1718 3102 recessus
1750 3046 1970 3102 haberet
2018 3065 2179 3119 quarn

597 3134 746 3189 n‘unc
770 3134 956 3201 habet,
982 3145 1275 3189 coarctatus
1298 3135 1561 3189 emissitiis
1576 3136 1937 3207 purgamentis
1957 3132 2181 3189 assiduis

600 3230 654 3274 et
683 3218 1165 3275 substructionibus
1201 3219 1565 3275 aedificiorum.
1590 3222 1672 3275 Nc
1707 3221 1827 3293 quis
1862 3221 2105 3286 miretur,
2134 3221 2178 3273 si

606 3306 785 3359 minus
808 3306 989 3360 Cornu
1008 3306 1228 3359 cervino
1268 3305 1451 3359 similis
1478 3305 1575 3372 sit,
1597 3306 1879 3379 minusque
1902 3307 1961 3361 in
1986 3304 2181 3361 multos

608 3391 757 3445 sinus
794 3389 1017 3464 perinde
1037 3430 1053 3457 ,
1100 3402 1165 3445 ut
1214 3392 1271 3445 in
1322 3410 1498 3445 ramos
1538 3390 1795 3463 quosdam
1812 3430 1829 3459 ‚
1886 3402 1949 3446 ut
1992 3390 2180 3447 Strabo

610 3480 707 3549 (p.
747 3476 888 3548 320)
907 3477 1009 3543 ait,
1032 3474 1324 3543 scindatur,
1350 3476 1405 3530 in
1434 3494 1569 3548 quos
1602 3478 1865 3533 irruentes
1897 3476 2181 3551 pelsmides

610 3564 906 3636 capiantur.
940 3564 1079 3617 Nam
1115 3580 1239 3617 cum
1278 3580 1341 3617 ex
1372 3562 1618 3631 sublicis,
1654 3580 1784 3636 quas
1819 3564 2029 3620 crebras
2068 3562 2181 3619 vidi

609 3652 827 3709 immitti
860 3662 914 3707 et
947 3648 1107 3724 defigi
1154 3651 1211 3705 in
1250 3650 1428 3707 littore
1468 3652 1615 3707 sinus
1641 3652 1697 3707 in
1734 3651 2179 3709 substructionem

514 3798 518 3803 ,
608 3738 954 3796 aedificiorum
981 3749 1138 3813 atque
1171 3738 1239 3794 ad
1269 3758 1417 3796 oram
1450 3742 1611 3796 maris
1648 3740 1978 3798 efficiendam
2015 3743 2180 3813 magis

606 3840 935 3903 portuosam‚
960 3837 1079 3882 tum
1104 3846 1171 3883 ex
1197 3828 1455 3903 Dionysio
1476 3829 1727 3902 Byzantio
1757 3830 2022 3903 percipio,
2050 3829 2178 3885 alios

604 3934 845 3973 recessus
872 3916 1135 3989 aliamque
1154 3933 1305 3971 oram
1346 3915 1475 3972 olim
1510 3915 1671 3972 fuisse
1697 3935 1859 3989 quam
1882 3934 2029 3973 nunc
2060 3927 2140 3973 est
2157 3956 2175 3985 ‚

607 4016 725 4061 tum
754 4024 821 4061 ex
856 4005 1068 4061 Zosimo
1106 4004 1183 4080 (2,
1216 4004 1321 4080 3⁵)
1341 4044 1359 4073 ‚
1390 4004 1483 4078 qui
1511 4014 1631 4060 ante
1661 4005 1803 4061 mille
1833 4022 2001 4062 annos
2046 4007 2178 4061 scri·

604 4093 712 4166 psit
732 4109 899 4165 usque
922 4091 1055 4148 adeo
1088 4091 1277 4147 urbem
1312 4092 1601 4147 exea-ovisae
1628 4092 1909 4148 bominum
1940 4092 2177 4148 multitu·

604 4178 732 4233 dine
749 4217 767 4246 ‚
799 4190 859 4233 ut
878 4179 1038 4233 etiam
1067 4180 1125 4233 in
1153 4176 1281 4234 soris
1320 4188 1539 4250 anguste
1562 4178 1859 4235 babitarent
1883 4191 1901 4218 ¹
1922 4219 1939 4248 ,
1978 4189 2034 4235 et
2066 4198 2177 4235 non

602 4388 811 4448 excedit
826 4388 995 4445 stadia
1023 4388 1388 4462 quadraginta,
1418 4391 1511 4464 qui
1540 4407 1796 4446 numerus
1826 4391 1885 4445 in
1915 4391 2177 4464 Procopio

605 4472 715 4525 sive
740 4469 967 4525 auctoris
991 4468 1100 4523 sive
1134 4466 1474 4523 librariorum
1500 4486 1683 4523 errore
1713 4467 1783 4523 ad
1809 4467 2068 4524 ambitum
2102 4470 2175 4525 si·

605 4570 709 4607 nus
740 4549 983 4606 refertur.
1032 4552 1231 4609 Contra
1268 4550 1434 4605 stadia
1472 4550 1741 4622 octoginta
1764 4567 1883 4623 quoe
1914 4550 2176 4606 Laonicus

603 4629 763 4686 habet
782 4670 799 4696 ,
825 4647 935 4685 non
956 4629 1025 4685 ad
1058 4628 1441 4702 longitudinem
1459 4631 1604 4685 sinus
1620 4670 1637 4696 ‚
1670 4628 1765 4685 sed
1786 4629 1856 4685 ad
1893 4630 2175 4686 circuitum

722 4710 887 4763 ’ncnt.

604 4720 737 4841 pail,
752 4790 821 4840 In
824 4785 974 4857 soris
1003 4797 1222 4855 anguste
1256 4786 1556 4843 habitarent
1572 4790 1593 4861 ]
1610 4790 1852 4844 Zosimus
1878 4789 1952 4843 ita
1971 4787 2133 4844 babet
2156 4806 2171 4845 :

601 4864 702 4930 Τὰς
726 4864 940 4935 οἰκήσεις
952 4865 1107 4930 οὕτως
1129 4862 1262 4921 εἶναι
1285 4868 1631 4941 συνεχώρησαν
1656 4870 1879 4942 συνεχεῖς
1894 4908 1912 4935 ,
1940 4869 2067 4923 ὥστε
2090 4868 2176 4923 καὶ

599 4944 947 5019 οἰκουροῦντας
986 4946 1073 5001 καὶ
1114 4943 1165 5000 ἓν
1194 4947 1303 5010 ταῖς
1342 4944 1547 5019 ἀγοραῖς
1573 4946 1802 5021 (ἀγυιαῖς
1834 4966 1886 5004 V.
1930 4946 1996 5019 l.)
2030 4948 2177 5012 ὄντας

599 5024 1019 5097 στινοχωρεΐσθαι
1035 5024 1149 5088 τοῦς
1177 5024 1356 5094 ταύτης
1380 5024 1664 5099 οἰκήτορας,
1694 5026 1778 5081 καὶ
1800 5024 1924 5100 μετὰ
1949 5026 2175 5083 κινδύνου

600 5104 819 5175 βαδίζειν
855 5102 938 5157 διὰ
963 5101 1055 5173 τὴν
1082 5110 1181 5159 τῶν
1210 5102 1478 5177 ἀνθρώπιον
1501 5106 1588 5160 καὶ
1624 5106 1765 5170 ζώων
1802 5106 2169 5176 πολυπληθίαν.

602 5180 921 5257 Ἐπιγαιώθη
947 5183 1002 5239 a}
1031 5183 1220 5253 καὶτῆς
1251 5184 1364 5257 περὶ
1388 5183 1537 5255 αὐτὴν
1565 5186 1812 5256 θαλάσσης
1839 5186 1929 5242 οὔκ
1961 5185 2137 5261 ὀλίγον
2150 5227 2168 5257 ,

592 5263 770 5319 πάλων
801 5262 971 5337 κύκλῳ
998 5265 1255 5337 παγίντων
1282 5266 1365 5321 καὶ
1382 5265 1793 5341 οἰκοδομημάτων
1823 5266 1989 5332 αὖτοῗς
2014 5266 2172 5325 ἔπιτε·

594 5342 779 5397 θίντων
792 5382 810 5407 ,
832 5344 867 5397 ἃ
884 5342 969 5397 καὶ
991 5344 1105 5399 καθ’
1133 5343 1281 5401 taur&
1299 5346 1446 5401 πόλιν
1474 5344 1622 5420 aput·
1632 5346 1858 5421 μεγάλην
1878 5346 2152 5422 πληρῶσαι.

666 5436 721 5477 2.
748 5422 820 5480 V.
844 5424 1141 5496 Procopius
1168 5424 1238 5480 de
1256 5424 1399 5484 tedis.
1438 5442 1489 5492 1,
1518 5426 1548 5483 5
1579 5446 1595 5486 t
1636 5425 1911 5496 Πραύνεται
1927 5426 1981 5483 tt
2006 5428 2171 5498 διηνε-

2268 790 2400 834 asset
2439 779 2571 851 palis
2603 779 2662 833 in
2695 779 2919 835 circuitu
2955 778 3144 835 defixis
3183 779 3402 837 edificia
3438 785 3836 842 sustinentibus.

2269 868 2473 923 Verum
2501 878 2562 922 ut
2587 884 2649 922 ex
2677 866 2761 921 his
2787 868 2933 923 sinus
2958 867 3153 924 alicubi
3175 880 3470 925 coarctatus
3491 870 3679 937 suerit,
3713 890 3840 946 pro-

2270 954 2406 1009 fecto
2457 971 2566 1009 non
2603 954 2781 1009 minus
2824 954 3123 1028 profundus
3165 954 3334 1012 factus
3367 968 3477 1025 est,
3510 969 3668 1032 atque
3707 960 3841 1016 adeo

2270 1042 2433 1115 magis
2469 1052 2752 1114 portuosus
2773 1081 2789 1108 ,
2822 1051 2886 1096 ut
2928 1042 3078 1097 navis
3115 1042 3344 1117 appulsa
3367 1046 3560 1118 puppis
3585 1063 3731 1103 mare
3760 1048 3842 1103 in·

2270 1140 2497 1198 tucatur,
2523 1148 2684 1205 prora
2708 1148 2834 1186 vero
2857 1141 3012 1187 teme
3032 1130 3282 1199 assideat,
3313 1132 3453 1187 velut
3477 1144 3700 1208 utroque
3737 1136 3840 1193 ele·

2270 1232 2453 1277 mento
2486 1221 2628 1276 inter
2648 1240 2706 1277 se
2740 1231 3004 1289 certante,
3032 1232 3214 1277 utrum
3237 1222 3402 1293 magis
3417 1224 3584 1295 possit
3608 1224 3730 1279 urbi
3759 1227 3840 1281 in·

2267 1308 2480 1363 servire.
2509 1308 2613 1362 Hic
2647 1308 2794 1363 sinus
2833 1325 3018 1363 omnes
3051 1319 3236 1381 portus
3269 1309 3430 1363 maris
3468 1310 3843 1366 commoditate

2260 1394 2566 1470 'applicandi
2604 1406 2843 1470 praestat3
2875 1397 2932 1452 in
2959 1406 3161 1453 ceteros
3189 1399 3332 1453 enim
3367 1415 3553 1453 omnes
3576 1407 3760 1471 portus
3793 1400 3842 1455 vi

2266 1502 2540 1539 remorum
2568 1495 2661 1540 aut
2699 1492 2981 1540 ventorum
3007 1485 3286 1559 applicatio
3323 1484 3422 1553 fit,
3461 1485 3518 1539 in
3557 1483 3707 1541 illum
3727 1486 3841 1541 sine

2268 1572 2456 1639 ventis,
2475 1573 2590 1628 sine
2612 1573 2793 1641 remis,
2813 1572 3066 1628 naturalis
3087 1584 3140 1627 et
3155 1574 3400 1647 perennis
3417 1575 3642 1647 Bospori
3659 1592 3844 1630 cursus

2267 1676 2425 1714 naves
2450 1657 2661 1715 inducit
2701 1670 2754 1715 et
2793 1658 3001 1715 reducit
3031 1671 3074 1715 ⁸.
3101 1660 3389 1734 Postquam
3421 1663 3564 1715 enim
3590 1678 3750 1717 naves
3776 1662 3844 1717 ad

2264 1744 2423 1819 hujus
2450 1748 2648 1801 ostium
2681 1745 2994 1820 aditumque
3032 1759 3392 1813 accesserunt,
3421 1746 3616 1802 deinde
3644 1747 3844 1823 absque

2265 1833 2646 1906 gubernatione
2670 1844 2800 1889 eunt
2831 1844 2885 1889 et
2906 1852 3002 1889 sua
3023 1845 3211 1908 sponte
3233 1833 3300 1889 ad
3324 1846 3538 1908 portum
3575 1836 3845 1910 appellun-

2269 1938 2388 1995 tur;
2421 1932 2570 1985 totus
2592 1928 2734 1983 enim
2756 1929 2904 1983 sinus
2926 1938 3114 2002 portus
3139 1940 3238 1984 est.

2333 2018 2405 2071 Et
2427 2016 2543 2072 haec
2564 2014 2778 2089 quidem
2800 2014 2870 2071 ab
2891 2015 3044 2071 initio
3065 2016 3288 2089 Bospori
3315 2014 3384 2070 ad
3411 2014 3574 2071 finem
3589 2016 3842 2072 deorsum

2264 2121 2442 2159 versus
2455 2103 2744 2175 generatim
2757 2102 2869 2157 dixi
2884 2123 2899 2169 ς
2917 2121 3060 2159 nunc
3069 2121 3215 2158 oram
3229 2104 3548 2158 maritimam
3560 2120 3656 2177 per
3665 2116 3842 2177 partes

2262 2188 2560 2245 describam
2585 2207 2614 2245 a
2641 2188 2747 2245 fine
2766 2188 2957 2245 littoris
2983 2190 3230 2264 Europaei
3254 2206 3464 2244 sursum
3493 2188 3562 2245 ad
3595 2190 3806 2247 initium
3819 2230 3837 2259 ,

2262 2275 2409 2351 quod
2447 2286 2531 2332 est
2566 2274 2636 2332 ad
2663 2275 2916 2349 Cyaneas.
2989 2275 3124 2330 Inde
3160 2274 3410 2331 deorsum
3455 2276 3840 2333 chalcedonem

2262 2381 2430 2439 usque
2445 2403 2463 2432 ,
2487 2360 2732 2419 imitatus
2759 2362 3030 2437 Anaplum
3053 2362 3316 2435 Dionysii,
3339 2362 3838 2439 quampotissimum

2260 2468 2462 2525 sequor,
2495 2448 2836 2523 Menippique
2861 2459 2913 2505 et
2934 2449 3146 2504 Arriani
3170 2448 3499 2523 aliorumque
3525 2449 3759 2523 Periplos
3781 2450 3840 2505 in

2261 2535 2588 2594 declarandis
2630 2537 2939 2592 nominibus
2983 2536 3223 2591 locorum
3257 2537 3515 2609 antiquis,
3555 2554 3672 2609 quae
3715 2554 3840 2591 cum

2262 2624 2557 2698 respublica
2598 2622 2972 2697 Byzantiorum
3011 2623 3224 2678 floreret
3240 2662 3256 2691 ,
3301 2623 3356 2677 in
3394 2640 3492 2677 usu
3528 2633 3676 2677 crant
3715 2633 3836 2679 ante

2263 2712 2440 2768 Severi
2466 2712 2668 2767 ruinas.

2697 2992 2934 3054 LIBER
2977 2990 3406 3054 SECUNDUS.

2266 3152 2314 3205 1.
2342 3152 2422 3204 De
2449 3146 2674 3223 Bospori
2699 3166 2796 3203 ora
2816 3152 3104 3221 Europa-a,
3135 3148 3344 3220 ejusque
3371 3146 3500 3203 Iocis
3542 3148 3684 3203 intra
3715 3151 3837 3205 Con·

2763 3233 3166 3309 stantinopoh‘m
3196 3234 3342 3290 sitis.

2339 3386 2556 3460 Bospori
2594 3385 2728 3441 latus
2763 3387 3081 3458 Europoeum
3121 3384 3180 3439 in
3217 3382 3410 3455 angulo
3457 3381 3650 3437 desinit
3665 3421 3682 3449 ,
3727 3399 3836 3455 quo

2268 3471 2418 3528 urbis
2439 3471 2576 3527 latus
2601 3470 2794 3526 orienti
2815 3470 3112 3543 expositum
3143 3468 3370 3523 flectitur
3392 3466 3462 3521 ad
3485 3482 3758 3534 occasum,
3785 3476 3842 3521 et

2268 3559 2557 3633 Propontis
2603 3558 2790 3632 incipit
2834 3556 3041 3613 efficere
3086 3556 3218 3611 latus
3271 3552 3421 3609 urbis
3464 3552 3836 3609 meridianum.

2268 3646 2436 3707 Simul
2473 3656 2529 3703 et
2562 3645 2632 3702 ab
2667 3644 2858 3702 etidem
2894 3645 3036 3701 flexu
3062 3642 3211 3699 urbis
3233 3642 3368 3698 latus
3399 3640 3468 3697 ad
3501 3651 3682 3697 ortum
3715 3640 3840 3697 solis

2266 3748 2506 3811 spectans
2545 3736 2731 3810 incipit
2764 3732 3050 3810 procedere
3077 3731 3144 3787 ab
3183 3749 3372 3788 occasu
3407 3728 3571 3786 ferme
3611 3729 3839 3786 brumali

2267 3823 2336 3880 ad
2360 3834 2542 3881 ortum
2565 3822 2884 3879 solstitialem
2907 3824 2964 3877 in
2987 3819 3372 3893 longitudinem
3391 3820 3509 3895 plus
3529 3820 3708 3873 minus
3737 3819 3839 3873 mi·

2264 3911 2402 3968 liarii
2427 3928 2597 3985 usque
2629 3908 2700 3966 ad
2724 3910 2868 3982 tigna
2889 3909 2946 3963 in
2981 3906 3246 3981 speculam
3269 3904 3474 3961 sublata
3510 3906 3834 3978 piscatorum

2266 4002 2558 4075 regiorum.
2599 3997 2806 4055 Deinde
2842 3997 3068 4070 amplius
3110 4006 3338 4069 quatuor
3381 3992 3564 4049 stadiis
3596 3994 3769 4068 pergit
3806 4012 3837 4049 a

2266 4088 2488 4147 meridie
2529 4088 2600 4145 ad
2639 4088 3054 4162 septentrionem
3093 4083 3164 4140 ad
3201 4082 3554 4157 promontorii
3596 4082 3838 4155 Bosporii

2264 4189 2498 4235 rostrum
2523 4194 2690 4250 nsque
2706 4194 2816 4249 quo
2840 4177 3106 4248 Bosporus
3128 4170 3388 4229 scinditur
3413 4174 3470 4227 in
3489 4170 3621 4226 duas
3641 4180 3833 4243 partes,

2261 4385 2340 4451 κὲς
2359 4386 2390 4441 ὁ
2424 4386 2610 4451 κόλπος
2638 4382 2807 4454 οὗτος,
2847 4384 2933 4440 καὶ
2969 4382 3332 4439 ἇναθολοΰσθαι
3366 4380 3558 4455 οὖὸαμῆ
3609 4380 3832 4453 πέφυκεν,

2262 4468 2426 4541 ὥσπερ
2465 4465 2616 4541 ὁρίων
2655 4470 2730 4541 τῷ
2770 4464 2988 4519 κλύδωνι
3020 4462 3324 4537 κειμένων...
3371 4460 3624 4535 Χειμῶνος
3666 4460 3739 4533 δὲ,
3772 4462 3832 4515 ἂν

2262 4548 2393 4605 οὔτω
2432 4548 2564 4624 τύχῃ
2576 4590 2593 4616 ,
2629 4547 2714 4603 καὶ
2745 4544 2938 4621 ἀνίμων
2973 4544 3199 4617 σκληρῶν
3235 4544 3341 4607 τοῖς
3371 4562 3426 4599 τε
3463 4542 3704 4616 πελάγεσι
3751 4543 3835 4598 καὶ

2262 4634 2335 4703 τῷ
2355 4630 2565 4703 πορθμῷ
2585 4626 2935 4696 ἃπιπεσόντων,
2966 4624 3160 4683 ἐπειδᾶν
3189 4623 3256 4689 εἰς
3281 4622 3373 4692 τὴν
3399 4622 3592 4679 εἶσοδον
3625 4624 3834 4679 ἵκωνται

2260 4713 2350 4765 τοῦ
2372 4709 2563 4766 κόλπου
2600 4708 2654 4763 αἱ
2680 4708 2781 4773 νέες
2796 4748 2814 4777 ,
2858 4705 3176 4780 ἅκυδίρνητοί
3203 4724 3258 4761 τε
3296 4705 3356 4760 τὸ
3379 4703 3556 4760 λοιπὸν
3586 4701 3688 4757 ἴασι
3701 4744 3718 4770 ,
3749 4703 3834 4758 καὶ

2263 4788 2666 4862 ἀπροθουλεῦτως
2703 4787 3011 4863 ὁρμίζονται.
3059 4790 3371 4859 Anonymus
3398 4786 3456 4839 in
3483 4786 3588 4839 vita
3613 4786 3646 4839 J
3647 4784 3832 4839 oannis

2262 4871 2439 4925 Aeacii
2466 4888 2501 4924 a
2521 4868 2797 4941 Ducangio
2827 4866 3070 4923 laudatus
3093 4883 3108 4923 ε
3141 4865 3242 4921 Τοῦ
3267 4884 3329 4938 γε
3357 4862 3455 4937 μὴν
3478 4862 3677 4935 λιμένος
3697 4862 3828 4917 θίσιν

2260 4968 2315 5004 τε
2333 4949 2417 5004 καὶ
2433 4948 2619 5013 κάλλος
2643 4947 2728 5005 καὶ
2754 4947 2983 5021 μέγεθος,
3020 4944 3108 5001 καὶ
3134 4945 3200 5009 ὣς
3225 4940 3279 4999 εὖ
3309 4942 3397 5018 μὲν
3421 4948 3520 4999 τῶν
3554 4944 3724 5017 ὅρμων
3747 4940 3832 4997 καὶ

2261 5030 2478 5103 νεωρίων
2519 5027 2654 5102 ῑχει,
2686 5027 2771 5083 καὶ
2806 5030 2894 5097 τῆς
2916 5025 3077 5096 ἄλλης
3105 5027 3407 5093 κατασκευῆς
3436 5022 3523 5079 καὶ
3545 5022 3715 5096 χρείας
3746 5020 3832 5077 καὶ

2261 5110 2348 5177 τῆς
2385 5107 2436 5173 ἐξ
2459 5108 2624 5180 ἄκρων
2663 5106 2732 5173 εἰς
2765 5107 2892 5180 ἄκρα
2925 5104 3219 5172 διαδάσεως,
3261 5104 3383 5160 ὥσθ’
3428 5102 3710 5176 ὁλόκληρον
3762 5101 3830 5165 ὣς

2260 5186 2456 5258 ἀληθῶς
2473 5187 2724 5243 θάλασσαν
2751 5184 2930 5252 ἔξιῖναι
2944 5225 2962 5255 ,
2992 5182 3060 5259 μὴ
3083 5185 3286 5259 λίμνην,
3317 5183 3512 5241 καλεῖν·
3545 5180 3646 5238 ἔνθ’
3687 5180 3826 5254 εὔχε-

2259 5266 2345 5342 ρῆς
2373 5268 2458 5343 μὲν
2499 5268 2530 5323 ὁ
2554 5267 2788 5337 ἔκπλους,
2843 5266 3178 5341 ιῦχερίστερος
3209 5263 3263 5320 δὲ
3300 5263 3331 5318 ὁ
3370 5262 3674 5327 κατάπλους,
3709 5257 3827 5315 ἔνθα

2258 5348 2485 5423 γαλήνην
2512 5350 2716 5423 βαθεῖαν
2753 5348 2908 5423 εὓρεῗν
2947 5345 3080 5402 ἔστιν
3113 5346 3202 5400 κᾶν
3230 5344 3341 5408 ταῖς
3379 5342 3605 5407 θυέλλαις
3629 5340 3714 5396 καὶ
3737 5358 3826 5395 κα·

2257 5429 2490 5497 ταινίσιν,
2517 5430 2602 5485 ὅτε
2625 5428 2710 5485 καὶ
2731 5428 2795 5485 τὰ
2813 5430 2902 5498 τῆς
2919 5428 3013 5500 γῆς
3035 5425 3236 5500 θεμέλια
3248 5424 3536 5481 κλονεῖσθαι
3557 5422 3716 5481 δοκεῖ.
