4584 6284
1848 508 1951 567 EX
1992 508 2411 569 STRABOMS
2453 508 2596 570 ΠΒ.
2639 510 2690 569 1.

689 664 805 701 νων·
829 642 919 702 καὶ
946 641 1122 702 πάλιν·
1153 668 1177 694 ι
1197 640 1289 699 εἴτ’
1316 640 1402 698 ἐπὶ
1430 638 1549 708 δεξί’
1578 636 1693 698 ίωσι
1722 637 1849 717 πρὸς
1876 641 1957 711 ἠῶ
1984 642 2031 695 τ’
2062 636 2235 711 ἠέλιόν
2322 638 2613 709 solemque-3
2649 665 2670 685 ι

689 751 772 801 τε,
796 728 886 788 εἴτ’
910 730 995 787 ἐπ’
1014 727 1265 809 ἀριστερὰ
1290 728 1368 787 τοί
1394 752 1453 806 γε
1478 728 1595 788 ποτὶ
1624 727 1771 807 ζόφον
1798 728 2041 806 ἠερόεντα
2057 745 2072 759 ·
2099 753 2124 779 ι·
2143 726 2233 785 καὶ

690 807 857 880 αὖθις·
882 841 908 866 ⁸
938 806 1019 875 ἮὨ
1052 814 1225 890 φίλοι,
1271 816 1329 873 ού
1372 815 1473 895 γάρ
1516 814 1563 873 τ’
1593 814 1741 889 ἴδμεν
1780 812 1884 889 ὅπῃ
1917 813 2099 893 ζόφος,
2125 815 2233 872 οὐδ’

684 902 787 981 ὅπῃ
811 900 946 975 ἠὼς,
966 902 1095 962 Οὐδ’
1116 900 1219 980 ὅπῃ
1238 904 1405 973 ἠέλιος
1422 900 1794 984 φαεσίμὲροτος
1818 892 1913 961 εἶσ’
1935 902 2035 961 ὑπὸ
2058 905 2232 981 γαῖαν,

685 989 813 1050 Οὐδ’
838 990 943 1067 ὅπῃ
970 994 1218 1049 ἀννεῖται.
1244 1014 1269 1042 υ

762 1096 832 1137 34.
875 1074 1007 1138 ‘Ort
1050 1075 1257 1155 ἄμεινον
1305 1076 1399 1149 τὴν
1426 1076 1599 1138 Ἀσίαν
1627 1076 1866 1158 χωρίζειν
1902 1081 1999 1149 τῆς
2030 1074 2232 1148 Διὸύης

684 1168 760 1246 τῷ
784 1164 1013 1246 Ἀραὸίῳ
1040 1166 1247 1245 κόλπῳ,
1274 1164 1376 1223 ἀπὸ
1405 1170 1495 1237 τῆς
1526 1166 1753 1241 μεγάλης
1785 1164 2048 1237 θαλάσσης
2081 1164 2233 1234 δίκῃ

687 1251 1047 1331 μεσημὸρινοῦ
1077 1252 1299 1324 διήκοντι
1322 1251 1416 1319 ἕως
1436 1258 1525 1311 τοῦ
1544 1261 1679 1311 κατὰ
1706 1250 1999 1321 Πηλούσιον
2018 1253 2227 1327 ἰσθμοῦ,

685 1344 851 1414 μῆκος
888 1340 1073 1399 στάδια
1118 1340 1274 1419 μύρια
1319 1341 1407 1397 καὶ
1446 1342 1884 1418 πεντακισχίλια,
1912 1338 2108 1405 πλάτος
2136 1338 2191 1396 δὲ
2210 1382 2228 1410 ,

683 1427 813 1487 ὅπου
844 1426 1108 1507 μέγιστον,
1142 1428 1200 1487 οὗ
1229 1427 1391 1488 πλείω
1418 1430 1521 1487 τῶν
1556 1428 1739 1507 χιλίων
1772 1424 1997 1485 σταδίων
2030 1424 2228 1505 ἔχοντι.

683 1512 752 1577 Ὅ
780 1516 826 1574 δ’
848 1515 1000 1583 αὐτὸς
1021 1505 1163 1582 οὗτος
1185 1512 1299 1593 ὅρος
1324 1514 1413 1573 καὶ
1436 1518 1537 1575 τῶν
1558 1514 1649 1574 δύο
1679 1516 1967 1576 Αίθιοπιῶν
1991 1512 2103 1595 [ἂν]
2128 1512 2231 1585 εἴη·

682 1606 710 1661 ὃ
738 1603 790 1661 δὲ
821 1604 1009 1671 Νεῖλος
1035 1604 1129 1662 οὐκ
1159 1602 1293 1671 ἄξιος
1314 1601 1378 1662 ἃν
1406 1602 1485 1675 εἴη
1507 1602 1743 1681 μεθόριον
1765 1601 2033 1679 λέγεσθαι·
2060 1598 2233 1673 πολλὴ

679 1690 778 1771 γὰρ
809 1694 842 1761 ἡ
869 1689 1143 1770 νοτιωτέρα
1182 1688 1365 1749 τούτου
1393 1690 1539 1751 ’Ἀσία
1569 1688 1861 1771 ἀδιαίρετος
1900 1687 2173 1765 λείπεται,
2198 1691 2233 1759 ἡ

678 1776 853 1849 Λιὸύη
883 1780 917 1848 ἡ
946 1776 1077 1849 αύτὴ
1104 1777 1547 1858 άμφιδοξουμένη.

751 1887 827 1927 ³5.
870 1864 1001 1926 “On
1030 1863 1311 1945 παροιμίαι
1339 1866 1440 1925 εἰσὶ
1467 1870 1571 1925 τῶν
1610 1864 1913 1944 ύπερὸολῶν
1944 1862 2238 1943 ὓπερὸολὰς

672 1952 1011 2035 ἐμφαίνουσαι
1048 1945 1234 2013 αὗται·
1268 1956 1459 2035 φελλοῦ
1486 1963 1638 2022 σκιᾶς
1665 1952 1995 2034 κουφότερον·
2025 1950 2237 2034 Φρυγὸς

670 2041 816 2119 λαγὼ
841 2041 1148 2121 δειλότερον·
1167 2046 1195 2102 ὅ
1210 2042 1365 2122 ἀγρὸς
1380 2048 1477 2121 γῆν
1504 2042 1612 2123 ἔχει
1632 2046 1945 2113 Λακωνικῆς
1964 2042 2237 2112 ἐπιστολῆς

672 2131 943 2191 ἐλάττονα.

752 2237 827 2281 σε.
870 2216 1006 2277 Ὅτι
1032 2221 1061 2276 ὁ
1088 2215 1291 2282 Πόντος
1330 2214 1391 2276 τὸ
1432 2213 1659 2275 παλαιὸν
1687 2214 1849 2293 λίμνη
1882 2206 1967 2287 ἦν,
1999 2214 2134 2274 ἀλλὰ
2161 2217 2235 2295 τῷ

676 2304 866 2373 πλήθει
900 2306 1005 2363 τῶν
1027 2304 1292 2363 τοσούτων
1318 2302 1593 2382 ποταμίων
1624 2302 1826 2363 ὑδάτων
1849 2306 1953 2364 τῶν
1984 2306 2055 2371 εἷς
2084 2300 2237 2364 αὐτὸν

678 2390 1069 2467 ἓμὸαλλόντων,
1114 2392 1255 2472 τάχα
1304 2389 1359 2452 δὲ
1408 2390 1500 2450 καὶ
1549 2393 1779 2470 σεισμῶν
1818 2390 2054 2459 ἐξαισίων
2090 2414 2239 2470 γενο-

680 2480 877 2554 μένων,
907 2481 1157 2561 διερράγη
1182 2486 1217 2555 ἡ
1252 2478 1391 2540 κατὰ
1427 2479 1489 2539 τὸ
1513 2480 1800 2550 Βυζάντιον
1825 2484 1923 2558 γῆ,
1946 2478 2037 2540 καὶ
2076 2481 2240 2548 οὕτως

676 2567 735 2626 τὸ
760 2565 900 2647 ὕδωρ
927 2567 1141 2647 ἐκχυθὲν
1172 2570 1246 2637 εἰς
1265 2568 1327 2628 τὸ
1350 2570 1568 2646 Αἰγαῖον
1601 2567 1692 2627 καὶ
1722 2570 1977 2647 Μυρτῷον
2008 2570 2239 2646 συνεχεῖς

675 2656 769 2721 τὰς
817 2654 908 2714 δύο
960 2656 1230 2723 θαλάσσας
1282 2656 1585 2737 εἰργάσατο.
1668 2654 1856 2722 Ἐλπὶς
1900 2654 1956 2714 δὲ
2008 2654 2101 2714 καὶ
2149 2654 2239 2715 τὸν

679 2742 875 2802 Πόντον
905 2742 1031 2802 ποτὶ
1064 2747 1397 2824 χερσωθῆναι
1416 2761 1432 2778 ·
1459 2744 1549 2803 καὶ
1576 2742 1679 2825 γὰρ
1713 2741 1782 2803 τὰ
1821 2742 1945 2825 περὶ
1973 2743 2062 2803 τὸν
2094 2744 2238 2804 Σαλ-

672 2828 939 2904 μυδησσὸν
984 2830 1075 2889 καὶ
1118 2831 1186 2889 τὰ
1226 2830 1527 2907 καλούμενα
1572 2830 1755 2903 Στήθη
1801 2832 1893 2889 καὶ
1928 2834 1961 2903 ἡ
2005 2831 2124 2911 περὶ
2150 2836 2239 2892 τὸν

669 2914 873 2997 Ἴστρον
896 2918 1131 2988 Σκυθικὴ
1163 2919 1355 2997 ἐρημία
1383 2918 1486 2992 ἤδη
1511 2918 1790 2998 τεναγίζει.
1878 2917 2039 2979 Ἀλλὰ
2060 2918 2153 2977 καὶ
2178 2918 2241 2979 τὸ

667 3000 944 3081 ΙἈμμωνος
986 3006 1039 3062 ἐν
1090 3004 1266 3087 Λιὸύῃ
1310 3006 1447 3083 ἱερὸν
1498 3005 1931 3086 παραθαλάσσιόν
1975 3028 2104 3065 ποτε
2144 2998 2232 3078 ἦν·

668 3098 883 3167 σημεῖον
916 3090 998 3163 δὲ,
1021 3090 1101 3150 ὅτι
1144 3092 1267 3168 περὶ
1300 3090 1417 3160 τοὺς
1452 3092 1773 3171 τρισχιλίους
1817 3092 2057 3159 σταδίους
2104 3095 2237 3153 εἶπέ·-

665 3199 844 3258 χοντος
874 3178 980 3239 ἀπὸ
1007 3182 1099 3250 τῆς
1128 3183 1217 3237 νῦν
1248 3181 1548 3256 θαλάσσης,
1577 3188 1726 3239 πᾶσα
1746 3184 1779 3251 ἡ
1803 3180 1917 3249 ὁδὸς
1935 3178 2236 3261 ψαμμώδης

665 3264 722 3324 τί
770 3268 882 3325 ἐστι
930 3265 1021 3325 καὶ
1062 3264 1231 3342 μεστὴ
1271 3266 1479 3347 κόγχων
1508 3269 1599 3325 καὶ
1627 3266 1953 3349 χηραμύδων
1978 3267 2069 3326 καὶ
2094 3292 2236 3348 καρ-

665 3351 821 3411 κίνων
865 3352 958 3412 καὶ
1008 3355 1102 3413 όστ
1138 3354 1235 3413 ε’ων
1268 3352 1501 3433 (ὀστῶν).
1588 3353 1747 3414 Ἀλλὰ
1787 3353 1879 3413 καὶ
1908 3357 1943 3425 ἡ
1970 3353 2235 3433 Αἴγυπτός

668 3464 795 3500 ποτε
828 3439 1054 3519 πέλαγος
1134 3462 1177 3499 ν·
1208 3442 1299 3499 καὶ
1324 3444 1359 3513 ἡ
1393 3440 1611 3501 Σικελία
1653 3440 1875 3522 συνεχὴς
1904 3446 1970 3522 τῇ
2002 3442 2227 3523 Ἰταλίᾳ.

670 3529 751 3591 Τὸ
779 3528 834 3587 δὲ
861 3529 984 3607 περὶ
1026 3528 1121 3601 τὴν
1150 3527 1521 3607 Ἀμμωνιακὴν
1549 3528 1711 3597 πάθος
1746 3530 1957 3609 γέγονε,
1988 3526 2235 3611 ραγόντος

672 3622 761 3677 τοῦ
788 3617 926 3676 κατὰ
952 3618 1045 3685 τὰς
1072 3618 1283 3689 Στήλας
1304 3622 1557 3697 πορθμοῦ·
1575 3614 1667 3677 καὶ
1686 3616 1773 3677 διὰ
1792 3618 1852 3677 τὸ
1872 3618 2231 3700 ταπεινότερον

673 3694 807 3765 εἶναι
838 3706 901 3765 τὸ
926 3705 1025 3775 ἔξω
1066 3708 1285 3779 Στηλῶν
1330 3706 1515 3787 ἔδαφος
1552 3708 1835 3786 ἐκχυθῆναι
1863 3706 1961 3784 μὲν
2001 3706 2063 3766 τὸ
2092 3706 2231 3768 κατὰ

674 3794 769 3867 τὴν
808 3793 1011 3867 Λιὸύην
1050 3792 1191 3876 ὕδωρ
1217 3793 1309 3854 καὶ
1336 3794 1547 3872 τέναγος
1579 3794 1936 3872 γενόσθαιῖπὶ
1974 3794 2107 3855 πολὺ
2143 3795 2231 3855 τὸν

675 3881 813 3943 κατὰ
850 3883 1145 3954 Πηλούσιον
1182 3880 1388 3958 ἴσθμὸν,
1410 3881 1665 3958 λιμνάσαι
1694 3882 1749 3943 δὲ
1782 3880 1845 3942 τὸ
1871 3882 2229 3959 Ἀτλαντικὸν,

674 3971 887 4051 συνεχὲς
913 3971 1187 4049 γενόμενον
1214 3974 1281 4050 τῇ
1310 3970 1415 4031 ἔσω
1442 3969 1701 4051 θαλάσσῃ.

753 4081 829 4121 ⁸7.
870 4055 1003 4120 Ὅτι
1030 4063 1067 4133 ἡ
1104 4062 1197 4132 τῆς
1224 4062 1328 4120 τῶν
1359 4058 1607 4137 κυμάτων
1648 4064 1740 4132 τῆς
1780 4058 2046 4131 θαλάσσης
2085 4060 2235 4129 κινή-

675 4171 807 4214 σεως
832 4148 1077 4229 συνέχεια
1106 4146 1301 4228 φυσική
1331 4150 1471 4207 ἔστιν
1502 4148 1664 4219 αὐτῆς
1693 4153 1786 4219 τῆς
1808 4146 2105 4226 θαλάσσης,
2130 4140 2237 4208 οἷον

672 4236 939 4315 σφυγμικὴ
989 4233 1260 4309 ἀναπνοὴ,
1292 4235 1413 4294 καθ’
1432 4235 1499 4307 ἣν
1528 4234 1581 4294 οἵ
1603 4256 1664 4293 τε
1706 4234 1909 4316 εὔριποι
1950 4236 2236 4317 παλινδρο-

673 4331 855 4401 μοῦσι,
880 4323 972 4382 καὶ
994 4324 1061 4381 τὰ
1082 4322 1309 4403 ναυάγια
1332 4323 1424 4383 καὶ
1444 4322 1819 4405 περιττώματα
1842 4322 2233 4401 ἕκκυμαίνεται·

670 4440 696 4465 ι
726 4410 985 4473 ἀποπτύει
1024 4413 1073 4471 δ’
1102 4410 1225 4479 ἁλὸς
1274 4412 1465 4491 ἄχνην·
1497 4437 1522 4463 ν
1547 4410 1683 4472 ἀλλὰ
1723 4412 1817 4472 καὶ
1859 4414 1911 4471 ἐν
1948 4420 2054 4480 τοῖς
2094 4416 2239 4472 ἀπο-

669 4499 834 4577 γαίοις
880 4498 1173 4576 πνεύμασιν
1214 4498 1363 4557 οὐδὲν
1410 4490 1567 4571 ἧττον
1610 4499 1670 4558 τὸ
1718 4498 1996 4577 κυμάτιον,
2039 4501 2099 4561 ἐκ
2144 4505 2237 4561 τοῦ

669 4588 926 4667 πελάγους
965 4583 1353 4667 προαιρετικὴν,
1380 4588 1450 4652 ὡς
1490 4583 1555 4645 ἂν
1603 4585 1741 4645 εἴποι
1778 4608 1886 4658 τις,
1936 4582 2237 4665 κινούμενον

672 4671 892 4746 κίνησιν,
924 4698 951 4727 ι
980 4673 1171 4733 πολλὸν
1200 4671 1365 4752 παρὲξ
1391 4670 1494 4732 ἅλα
1524 4677 1685 4755 φῦκος
1705 4672 1908 4753 ἔχευεν.
1932 4698 1957 4725 ²·

750 4778 826 4820 ⁸8.
866 4757 991 4819 Ὀτι
1020 4760 1079 4818 οὗ
1113 4760 1313 4835 μᾶλλον
1340 4762 1373 4830 ἡ
1408 4757 1628 4819 Σικελία
1664 4758 1940 4840 ἀπερράγη
1981 4762 2077 4831 τῆς
2100 4756 2240 4818 Ἰτα-

672 4847 791 4915 λίας
809 4892 827 4925 ,
862 4848 899 4920 ἢ
930 4846 1031 4907 ὑπὸ
1057 4853 1149 4908 τοῦ
1180 4847 1341 4927 πυρὸς
1362 4854 1455 4908 τοῦ
1498 4845 1748 4908 Αἰτναίου
1787 4847 2032 4920 ἀνεδόθη,
2055 4846 2146 4907 καὶ
2181 4848 2237 4906 αἱ

673 4938 797 5016 περὶ
824 4936 921 5009 τὴν
955 4936 1198 5017 Λιπάραν
1238 4929 1389 5009 νῆσοί
1428 4936 1521 4997 καὶ
1567 4940 1622 4996 αἱ
1670 4940 2031 5009 Πιθηκοῦσσαι
2052 4952 2067 4968 ·
2098 4935 2235 4996 ὥστε

676 5148 697 5217 {fl
725 5178 799 5190 —
823 5150 912 5211 34.
944 5167 998 5221 p.
1031 5150 1118 5212 35,
1146 5152 1305 5204 BCD.
1357 5146 1523 5219 μύρια]
1570 5146 1799 5219 δισμύρια
1845 5144 1967 5201 cod.
2008 5121 2135 5201 Mox
2177 5147 2237 5199 ἂν

671 5229 893 5281 inseruit
923 5229 1177 5300 Corayus.
1217 5230 1239 5298 ΙΙ
1270 5256 1343 5269 -
1375 5227 1463 5282 35.
1489 5246 1545 5300 p.
1587 5228 1675 5293 36,
1715 5231 1787 5282 D.
1818 5225 1931 5279 σκιὰ
1975 5236 2030 5280 et
2068 5226 2241 5297 λαγὼς

670 5306 855 5360 codex.
895 5308 916 5376 ΙΙ
944 5337 1017 5348 -
1045 5307 1134 5361 36.
1182 5324 1237 5378 p.
1281 5308 1370 5376 49,
1404 5310 1456 5363 C.
1485 5335 1558 5346 —
1590 5306 1676 5370 52,
1717 5310 1777 5359 B.
1819 5303 1935 5376 ἤδη]
1956 5298 2044 5371 ἥδε
2089 5304 2247 5368 cod-3.

3760 522 3872 573 533

2707 655 2828 691 nam
2853 638 3030 693 Ithaca
3063 640 3174 693 istis
3199 640 3378 693 insulis
3403 651 3482 695 eut
3506 641 3780 697 borealior.
3811 646 3880 697 Et

2321 726 2500 761 rursus
2523 708 2620 773 (Il.
2659 724 2742 769 ια.
2773 708 2904 779 239)
2931 726 2946 763 ε
2980 733 3004 755 α
3035 710 3142 763 sive
3165 709 3232 763 ad
3256 709 3492 765 dextram
3515 722 3664 777 eant,
3695 711 3760 767 ad
3783 730 3878 767 au-

2321 795 2494 831 roram
2537 777 2699 831 solem
2740 795 2837 842 ue,
2858 779 2978 832 Sive
3012 780 3080 833 ad
3111 782 3370 835 sinistram
3403 782 3519 847 isti,
3545 782 3612 835 ad
3637 800 3879 837 occasum

2321 846 2624 901 obscurum.
2657 872 2680 895 a·
2771 856 2791 900 t
2830 864 3011 901 rursus
3043 848 3166 920 (ΟΔ.
3216 867 3296 915 ιο,
3345 854 3510 921 19o):
3549 876 3572 897 ι
3615 854 3662 907 O
3689 854 3874 919 amici;

2321 934 2489 987 neque
2526 918 2668 971 enim
2705 918 2897 971 scimus
2923 918 3011 971 ubi
3040 936 3282 984 occasus,
3310 938 3480 991 neque
3525 922 3613 975 ubi
3655 939 3878 989 aurora,

2321 1005 2491 1059 neque
2514 987 2605 1041 ubi
2646 987 2724 1041 sol
2771 986 3073 1041 hominibus
3107 988 3274 1043 lucem
3319 991 3556 1061 praebens
3605 991 3756 1047 vadat
3781 992 3882 1048 sub

2322 1069 2546 1123 terram,
2578 1075 2750 1129 neque
2779 1057 2868 1111 ubi
2895 1069 3150 1129 resurgat.
3182 1083 3206 1106 ι.

2390 1139 2476 1203 34.
2518 1142 2731 1194 Prostat
2759 1139 2932 1192 Asiam
2958 1157 2988 1192 a
3016 1137 3183 1211 Libya
3209 1139 3456 1195 dirimere
3478 1144 3596 1195 sinu
3625 1143 3876 1210 Arabico,

2320 1224 2410 1293 qui
2438 1223 2600 1276 instar
2629 1221 2904 1276 meridiani
2941 1221 3008 1274 ab
3034 1238 3230 1275 oceano
3273 1223 3561 1293 porrigitur
3605 1243 3770 1297 usque
3814 1228 3882 1282 ad

2321 1304 2569 1357 isthmum
2595 1304 2918 1358 Pelusiacum
2939 1344 2954 1369 ‚
2987 1303 3310 1376 longitudine
3355 1305 3647 1361 stadiorum
3689 1308 3879 1373 15000,

2320 1388 2591 1444 latitudine
2630 1407 2783 1453 vero,
2817 1388 2906 1442 ubi
2935 1390 3162 1443 maxima
3195 1399 3304 1454 est,
3334 1406 3444 1442 non
3490 1390 3684 1459 majore
3723 1408 3880 1462 quam

2323 1473 2462 1527 mille
2505 1470 2814 1525 stadiorum.
2859 1469 3008 1524 Idem
3057 1480 3232 1525 autem
3281 1471 3370 1525 hic
3426 1472 3680 1526 terminus
3725 1476 3883 1529 etiam

2321 1558 2592 1629 utriusque
2614 1555 2895 1627 AEthiopiae
2931 1554 3113 1620 suerit3
3139 1566 3278 1609 certe
3319 1555 3466 1609 Nilus
3493 1555 3634 1609 baud
3663 1555 3885 1612 idoneus

2323 1640 2460 1695 soret
2497 1640 2784 1703 terminus3
2813 1654 2936 1691 nam
2979 1655 3166 1709 magna
3202 1640 3347 1707 regio
3375 1656 3492 1711 quae
3521 1656 3586 1691 eo
3611 1641 3886 1694 australior

2322 1732 2426 1785 est,
2456 1722 2531 1775 sic
2563 1740 2671 1775 non
2699 1720 3036 1775 dirimeretur
3063 1720 3390 1793 dubiumque
3419 1722 3552 1775 soret
3579 1740 3708 1775 num
3748 1725 3883 1777 Λεία·

2323 1822 2390 1857 an
2418 1804 2594 1875 Libyae
2615 1802 2958 1857 adscribenda
2983 1814 3135 1859 esset.

2395 1892 2482 1946 35.
2523 1891 2804 1947 proverbia
2825 1909 2941 1963 quae
2963 1891 3366 1964 hyperbolarum
3390 1891 3702 1964 hyperbolas
3721 1894 3884 1961 signi·

2325 1978 2507 2045 fleant,
2532 1980 2644 2035 haec
2667 1990 2794 2034 sunt
2822 1996 2837 2035 z
2867 1980 3078 2035 Suberis
3103 1980 3287 2034 umbra
3313 1979 3508 2047 levius;
3537 1980 3766 2055 Phrygio
3808 1980 3882 2035 le-

2323 2084 2452 2138 pore
2477 2065 2738 2133 timidius3
2771 2070 2908 2137 Ager
2943 2078 3134 2120 terram
3164 2067 3322 2121 habet
3370 2068 3628 2121 Laconica
3668 2070 3884 2142 epistola

2327 2156 2604 2212 minorem.

2397 2243 2480 2301 36.
2520 2245 2717 2297 Pontus
2747 2241 2873 2296 olim
2893 2241 3034 2295 lacus
3059 2241 3189 2305 suit,
3213 2240 3304 2295 sed
3332 2260 3496 2313 quum
3525 2241 3704 2297 multae
3727 2262 3886 2299 maxi·

2325 2343 2526 2399 maeque
2551 2326 2831 2381 fluminum
2871 2342 3019 2397 aquoe
3060 2326 3114 2379 in
3143 2325 3314 2397 ipsum
3356 2343 3468 2379 sese
3510 2326 3882 2395 immitterent,

2327 2409 2540 2464 sortasse
2565 2408 2864 2481 ingentibus
2889 2410 3046 2463 etiam
3069 2408 3299 2461 motibus
3326 2417 3477 2462 terrae
3502 2409 3709 2473 excitis,
3731 2420 3886 2481 rupta

2327 2493 2426 2548 fuit
2464 2494 2612 2565 juxta
2653 2494 2959 2565 Byzantium
3004 2503 3170 2562 terra,
3194 2503 3353 2564 atque
3392 2494 3446 2545 in
3485 2492 3628 2545 bunc
3663 2493 3884 2548 modum

2326 2594 2460 2648 aqua
2505 2578 2557 2630 in
2608 2576 2838 2649 AEgaeum
2880 2576 3088 2649 pelagus
3129 2592 3192 2629 ac
3225 2578 3498 2648 Myrtoum
3536 2575 3728 2641 effusa,
3774 2576 3886 2631 duo

2327 2662 2490 2715 maria
2515 2662 2636 2716 fecit
2659 2662 3000 2717 continentia.
3039 2662 3164 2733 Spes
3190 2671 3362 2714 autem
3391 2672 3472 2715 est
3497 2660 3721 2716 eundem
3745 2665 3887 2717 Pon-

2325 2756 2440 2799 tum
2479 2747 2760 2819 aliquando
2805 2747 3160 2800 continentem
3203 2756 3395 2799 terram
3439 2744 3584 2811 ἴοι-ες
3613 2763 3734 2800 nam
3766 2764 3884 2819 quae

2326 2831 2464 2885 circa
2485 2830 2867 2903 Salmydessum
2894 2840 3020 2885 sunt
3034 2830 3144 2883 loca
3157 2869 3174 2896 ,
3195 2840 3246 2883 et
3266 2847 3382 2900 quae
3400 2832 3616 2882 Pectora
3633 2841 3887 2884 vocantur

2324 2924 2378 2967 et
2403 2914 2538 2968 circa
2563 2916 2758 2969 Istrum
2773 2913 3081 2986 Scytharum
3107 2911 3391 2977 desertum,
3409 2910 3519 2981 jam
3545 2913 3766 2966 nuncin
3790 2930 3884 2986 pa·

2327 2996 2472 3051 ludes
2499 3014 2747 3052 conversa
2773 3008 2916 3051 sunt.
2969 2995 3070 3050 Sed
3095 3004 3149 3049 et
3182 2998 3456 3051 Ammonis
3479 2996 3532 3049 in
3564 2995 3728 3069 Libya
3752 3006 3884 3051 tem-

2324 3082 2469 3152 plum
2511 3082 2636 3135 olim
2675 3081 2777 3135 suit
2817 3080 3159 3133 maritimum.
3205 3076 3374 3148 Hujus
3391 3078 3480 3139 ‚rei
3525 3080 3732 3147 signum
3770 3090 3881 3146 est,

2323 3166 2496 3235 quod,
2526 3182 2692 3237 quum
2736 3163 3027 3219 stadiorum
3069 3162 3275 3216 circiter
3320 3161 3422 3213 tria
3465 3160 3622 3215 millia
3664 3160 3821 3217 distet
3853 3183 3885 3219 a

2325 3250 2482 3316 mari,
2531 3259 2639 3303 tota
2685 3265 2804 3319 quae
2848 3246 2914 3300 ad
2957 3264 3072 3299 eam
3121 3243 3270 3298 ducit
3307 3244 3647 3298 via-arenosa
3685 3254 3792 3311 est,
3831 3258 3886 3301 et

2321 3331 2534 3386 conchis
2555 3342 2608 3385 et
2627 3328 3013 3385 cheramidibus
3033 3338 3087 3382 et
3103 3328 3302 3381 cancris
3327 3338 3381 3380 et
3407 3328 3592 3381 ostreis
3617 3327 3766 3400 plena
3785 3340 3880 3385 est.

2319 3414 2420 3469 Sed
2443 3425 2494 3469 et
2517 3414 2772 3487 AEgyptus
2809 3412 2935 3468 olim
2975 3428 3122 3465 mare
3163 3409 3288 3475 l'uit,
3319 3420 3373 3463 et
3410 3411 3582 3465 Sicilia
3615 3412 3884 3483 quondam

2320 3496 2568 3548 continua
2598 3503 2727 3547 erat
2764 3490 2944 3545 Italiae.
2983 3490 3205 3545 Mutatio
3239 3506 3365 3543 vero
3388 3487 3529 3561 apud
3567 3493 3884 3545 Ammonem

2319 3576 2537 3644 accidit,
2576 3594 2743 3649 quum
2785 3575 3010 3639 fretum,
3057 3571 3204 3647 quod
3245 3590 3414 3646 prope
3457 3570 3743 3628 Columnas
3768 3583 3878 3640 est,

2319 3659 2590 3729 erupisset.
2613 3658 2795 3727 Quum
2819 3656 2960 3709 enim
2975 3654 3141 3709 solum
3159 3666 3304 3709 extra
3325 3651 3611 3708 Columnas
3629 3664 3762 3707 esset
3785 3653 3884 3707 hu·

2323 3740 2494 3795 milius
2510 3780 2526 3806 ,
2567 3738 2734 3794 effusa
2771 3750 2850 3793 est
2888 3757 3005 3810 quae
3043 3737 3264 3811 Libyam
3308 3734 3597 3807 occupabat
3636 3752 3800 3807 aqua,
3830 3746 3890 3789 et,

2323 3843 2508 3895 magna
2532 3842 2598 3880 ex
2619 3834 2768 3897 parte
2787 3821 3032 3895 palustris
3059 3840 3169 3877 esse
3194 3821 3353 3893 coepit
3380 3820 3473 3891 qui
3501 3830 3582 3873 est
3613 3817 3766 3890 juxta
3784 3820 3882 3873 Pe·

2321 3908 2508 3963 lusium
2536 3907 2791 3972 isthmus,
2823 3916 2978 3979 atque
3013 3905 3154 3959 lacus
3179 3914 3420 3959 naturam
3450 3901 3626 3957 induit
3656 3901 3882 3957 Atlanti-

2321 4008 2444 4043 cum
2472 3992 2681 4043 interno
2709 3987 2844 4040 mari
2870 3986 3178 4064 continuum
3203 3983 3418 4037 sactum.

2393 4078 2481 4146 37.
2501 4077 2664 4131 Maris
2677 4075 2934 4129 fluctuum
2950 4083 3124 4129 motus
3145 4072 3426 4126 continuus
3445 4068 3692 4123 naturalis
3715 4070 3881 4142 ipsius

2325 4166 2480 4219 maris
2517 4165 2653 4218 ratio
2678 4173 2758 4216 est
2780 4171 2835 4215 et
2863 4161 3010 4233 quasi
3036 4158 3216 4232 pulsus
3243 4166 3296 4210 et
3317 4156 3622 4227 respiratio,
3653 4171 3759 4228 qua
3785 4172 3884 4208 eu·

2326 4252 2426 4324 ripi
2464 4252 2873 4322 reciprocantur,
2903 4258 2958 4302 et
2981 4248 3146 4301 aliena
3173 4262 3394 4317 corpora
3420 4254 3475 4297 et
3517 4243 3732 4297 navium
3777 4241 3890 4297 fra-

2325 4348 2532 4408 gmenta
2557 4335 2624 4391 ad
2647 4347 2838 4391 terram
2857 4343 3170 4405 egeruntur-3
3205 4356 3226 4379 ι
3253 4331 3562 4404 exspuitque
3577 4328 3739 4385 maris
3757 4346 3883 4403 spu·

2327 4439 2466 4477 mam
2497 4422 2591 4494 (II.
2637 4426 2691 4488 4,
2728 4422 2852 4493 425)
2888 4440 2946 4486 ις
2983 4418 3074 4473 sed
3114 4420 3268 4473 etiam
3305 4436 3338 4472 a
3380 4427 3520 4471 terra
3559 4414 3880 4489 spirantibus

2328 4509 2495 4563 ventis
2511 4550 2526 4573 ‚
2543 4507 2884 4564 nihilominus
2902 4506 3091 4559 fluctus
3107 4546 3123 4567 ,
3147 4504 3302 4557 maris
3319 4502 3600 4556 arbitrario
3623 4498 3882 4572 quodam,

2328 4606 2390 4649 ut.
2427 4596 2495 4649 ita
2533 4592 2733 4656 dicam,
2775 4604 2922 4647 motu
2958 4592 3204 4661 agitatus,
3249 4614 3272 4636 ι
3316 4588 3533 4643 multam
3560 4605 3592 4641 e
3627 4586 3883 4657 salsugine

2325 4682 2492 4751 algam
2513 4678 2739 4735 effundit
2757 4679 2851 4745 (ΙΙ.
2875 4699 2930 4748 9,
2951 4682 3025 4749 7).
3053 4702 3075 4723 ι

2401 4769 2490 4825 38.
2528 4766 2684 4822 Haud
2726 4764 2913 4836 majori
2957 4762 3318 4837 probabilitate
3357 4760 3584 4815 Siciliam
3628 4760 3697 4815 ab
3735 4758 3877 4813 Ital'a

2326 4856 2554 4911 avulsam
2581 4872 2742 4927 qnam
2771 4855 2888 4924 igne
2914 4853 3114 4906 AEtnaeo
3135 4869 3166 4905 e
3187 4848 3454 4923 profundo
3479 4847 3738 4902 sublatam
3773 4866 3882 4901 esse

2326 4943 2549 5009 dixeris,
2580 4944 2715 4997 sicut
2752 4942 2906 4995 etiam
2947 4938 3137 4993 insulas
3171 4939 3430 5009 Liparoeas
3456 4946 3509 4990 et
3534 4934 3876 4991 Pithecussas.

2330 5144 2616 5216 ἀπέχοντος]
2649 5142 2835 5214 ἀπέχον
2879 5140 3022 5205 cod.;
3069 5157 3174 5193 em.
3223 5140 3487 5209 Corayus,
3521 5137 3614 5208 qui
3671 5132 3882 5189 inclusit

2328 5242 2506 5277 vocem
2543 5222 2700 5277 ὀστῶν
2730 5232 2910 5295 utpote
2947 5238 3010 5273 ex
3037 5218 3361 5291 praecedente
3389 5216 3549 5271 verbo
3591 5226 3816 5270 enatam.
3843 5216 3868 5284 fl

2325 5334 2393 5345 -
2425 5304 2512 5373 37.
2539 5320 2595 5376 p.
2629 5303 2714 5367 53,
2748 5306 2856 5355 AC.
2883 5303 2904 5371 n
2930 5330 3000 5342 —
3025 5300 3110 5357 38.
3135 5317 3191 5371 p.
3225 5298 3311 5363 54,
3345 5302 3399 5353 C.
3437 5299 3458 5367 ΙΙ
3484 5326 3558 5339 -
3583 5296 3672 5366 39.
3701 5312 3754 5367 p.
3789 5295 3866 5360 55,
