4584 6284
626 566 700 619 'to

1845 550 2198 611 molwsu
2240 548 2611 609 BYzANTu

619 704 833 746 omnem
869 684 1227 760 posteritatem
1270 678 1657 749 illustrissimis,
1688 698 1805 755 quae
1842 681 1940 735 etsi
1971 678 2189 755 lapideae
2278 688 2664 743 monstrantur,
2692 696 2810 751 quat
2835 680 3012 752 potius
3047 678 3274 752 conjicio
3297 682 3540 755 reliquias
3567 700 3677 737 esse
3707 683 3849 738 illius

617 774 986 848 sempiternam
1030 770 1341 827 memoriam
1394 768 1723 841 reliquerunt
1764 784 1876 821 non
1914 765 2078 822 modo
2126 766 2191 820 iis

617 859 895 927 locis,ubi
930 868 1146 915 vetusta
1173 856 1368 913 relictae
1394 865 1551 923 sunt,
1581 853 1674 910 sed
1699 854 1855 909 etiam
1881 852 2015 920 illis,
2045 852 2191 909 unde

618 966 769 1005 novae
791 956 1011 1021 acceptoe
1029 942 1266 1012 fuerant3
1283 941 1581 1014 cujusmodi
1603 942 1714 997 haec
1737 958 1857 1015 quae
1882 950 2192 1015 promonto-

616 1040 700 1094 rio
719 1041 975 1111 Ancyraeo
996 1050 1195 1089 nomen
1208 1030 1461 1105 imposuit
1478 1048 1622 1085 exeo
1634 1069 1650 1096 ,
1671 1026 1817 1103 quod
1838 1028 1966 1082 hinc
1981 1035 2190 1100 sumpta

618 1127 797 1183 fuerit.
824 1124 961 1182 Mihi
996 1120 1215 1197 quidem
1250 1130 1391 1175 certe
1417 1128 1672 1186 veterem,
1720 1134 1882 1191 quam
1905 1134 1973 1171 ex
2000 1114 2192 1188 Cyzico

616 1223 979 1289 sumpserant,
1008 1212 1067 1267 in
1090 1208 1462 1287 promontorio
1490 1209 1747 1279 Ancyraeo
1768 1204 2001 1261 relictam
2031 1202 2192 1259 fuisse

618 1318 920 1374 nomenque
952 1300 1071 1355 loco
1110 1297 1375 1373 peperisse
1410 1292 1737 1349 verisimilius
1777 1291 1987 1347 videtur
2030 1307 2193 1365 quam

620 1406 833 1457 novam,
856 1406 977 1461 quae
1001 1404 1034 1442 a
1059 1386 1227 1460 poetis
1243 1383 1501 1439 duntaxat
1511 1393 1721 1454 sumpta
1736 1381 1897 1436 fuisse
1915 1400 1944 1435 a
1966 1380 2187 1453 Cyzico,

617 1476 796 1532 relicta
821 1492 946 1531 vero
962 1473 1137 1549 Cyzici
1154 1489 1309 1528 exesa
1325 1470 1577 1544 temporis
1600 1479 1855 1523 vetustate
1878 1466 2187 1535 celebratur,

618 1573 679 1619 ut
707 1562 775 1617 ab
804 1560 1084 1635 Apollonio
1105 1562 1197 1631 (1,
1220 1557 1358 1631 955)
1386 1555 1627 1612 tradente
1653 1572 1901 1611 ancoram
1934 1553 2194 1628 lapideam

616 1656 835 1721 propter
862 1656 1169 1701 vetustatem
1199 1644 1335 1699 mari
1368 1658 1636 1697 corrosam
1663 1640 1921 1696 solventes
1946 1658 2013 1698 ex
2033 1649 2194 1713 portu

617 1735 878 1807 cyziceno
895 1740 1221 1805 Argonautas
1238 1729 1511 1803 reliquisse
1526 1731 1585 1785 in
1604 1730 1819 1786 Anaeio
1846 1726 2012 1796 fonte,
2037 1738 2194 1801 atque

620 1822 837 1878 alteram
880 1820 1161 1894 sumpsisse
1174 1858 1191 1887 ,
1225 1818 1566 1891 Milesiosque
1605 1834 1673 1871 ex
1697 1816 1871 1874 Attica
1898 1816 1957 1871 in
1982 1815 2189 1871 Cariam

619 1920 673 1965 et
710 1910 993 1982 Phrygiam
1037 1906 1299 1963 coloniam
1334 1902 1656 1960 deducentes
1690 1922 1757 1959 ex
1792 1902 1939 1959 sonte
1981 1902 2194 1959 Artacio

622 1997 859 2055 tollentes
879 2012 1206 2053 consecrasse
1230 2004 1287 2050 et
1312 1992 1581 2049 dedicasse
1611 1992 1806 2066 templo
1831 1990 2086 2065 Cyziceno
2108 1993 2193 2046 Ia-

623 2086 789 2141 soniae
811 2085 1062 2139 Minerva
1093 2082 1162 2138 de
1193 2100 1299 2157 qua
1329 2082 1531 2137 Plinius
1556 2078 1579 2155 (
1596 2082 1683 2147 36,
1715 2081 1817 2149 23)
1860 2097 1874 2135 :
1909 2076 2108 2135 Eadem
2137 2077 2193 2132 in

622 2170 819 2250 oppido
840 2172 1100 2246 (Cyzici),
1138 2172 1347 2245 inquit,
1376 2174 1451 2227 est
1474 2167 1617 2246 lapis
1640 2167 1915 2242 fugitivus
1951 2165 2188 2243 appella·

624 2270 714 2315 tus
725 2282 751 2327 ,-
788 2264 1109 2330 Argonauta
1146 2276 1205 2314 eo
1239 2276 1345 2334 pm
1384 2274 1579 2313 ancora
1618 2255 1703 2312 usi
1742 2256 2056 2329 reliquerant
2091 2252 2186 2310 ibi.

624 2348 785 2410 Hunc
810 2366 839 2403 e
858 2351 1116 2419 Prytaneo
1148 2344 1267 2421 (ita
1292 2356 1517 2401 vocatur
1536 2344 1706 2417 locus)
1739 2363 1874 2419 saepe
1902 2341 2191 2417 profugum

620 2430 842 2491 vinxere
846 2432 1087 2510 plumbo.
1115 2434 1274 2488 Hunc
1317 2433 1491 2506 ipsum
1516 2431 1743 2487 arbitror
1780 2442 1873 2485 aut
1899 2431 2025 2485 huic
2045 2429 2190 2484 simi·

620 2517 725 2575 lem
776 2519 928 2585 illum
984 2536 1141 2592 quem
1186 2516 1350 2573 tradit
1398 2518 1684 2591 Dionysius
1732 2516 1889 2572 fuisse
1930 2516 2186 2590 Byzantii.

619 2608 824 2676 Paulo,
851 2608 1055 2681 inquit,
1083 2624 1249 2682 supm
1270 2624 1561 2661 mucronem
1577 2602 1925 2680 promontorii
1947 2602 2187 2679 Bospori,

621 2693 679 2751 in
713 2713 817 2770 quo
836 2692 1149 2767 Byzantium
1181 2692 1348 2749 situm
1378 2704 1486 2759 est,
1524 2710 1625 2747 am
1657 2692 1906 2748 Minerva·
1948 2690 2192 2747 Ecba-rice

618 2781 810 2841 existit
828 2780 885 2837 in
904 2780 1029 2843 loco,
1047 2778 1124 2835 ad
1129 2798 1281 2854 quem
1303 2778 1495 2850 egressi
1527 2778 1740 2834 colonioe
1756 2777 2059 2834 deductam
2075 2796 2193 2833 con-

604 2868 800 2939 festim
809 2878 1139 2943 pugnarant,
1168 2878 1423 2941 tanquam
1439 2885 1545 2941 pro
1559 2865 1745 2941 patrio
1765 2866 1876 2920 solo
1897 2863 1990 2940 (V.
2011 2863 2078 2920 lr-
2110 2867 2190 2937 8).

614 2952 766 3010 Idem
787 2954 1071 3028 Dionysius
1088 2951 1180 3024 (fr.
1207 2956 1265 3025 9)
1302 2950 1450 3008 addit
1475 2971 1641 3027 prope
1671 2952 1920 3027 templum
1948 2950 2199 3007 Minerva

615 3042 1049 3115 Ecbasiaejuisse
1074 3040 1305 3116 lapidem
1330 3041 1385 3096 in
1412 3060 1554 3096 niam
1578 3041 1898 3107 eminentem,
1928 3058 2078 3114 quem
2102 3045 2200 3113 By·

618 3130 859 3186 sentinis
876 3128 933 3185 in
952 3131 1119 3185 locum
1140 3130 1457 3185 ornatiorem
1471 3147 1639 3205 supra
1658 3127 1898 3184 stadium
1920 3128 2201 3199 transferri

618 3216 931 3271 conantibus
949 3233 1051 3270 non
1054 3213 1361 3290 permisisse
1379 3232 1436 3270 se
1455 3213 1753 3287 transferri,
1774 3214 1883 3269 sive
1894 3213 2037 3288 quod
2050 3232 2198 3269 ama-

622 3312 702 3357 ret
737 3302 919 3371 locum·
944 3300 1081 3355 mari
1124 3300 1375 3365 virinum,
1410 3300 1539 3359 sive·
1563 3299 1692 3372 quia
1724 3299 2011 3353 ostenderet
2034 3299 2196 3373 pan-i

628 3388 875 3443 momenti
899 3405 1004 3442 esse
1017 3387 1218 3463 pietati
1244 3386 1495 3443 divitias.
1523 3389 1626 3443 Hic
1648 3386 1773 3462 lapis
1798 3397 1856 3441 ut
1884 3386 1983 3442 suit
2008 3389 2205 3461 Byzan·

628 3474 690 3529 tii
707 3491 877 3547 prope
894 3491 1037 3528 aram
1062 3473 1315 3528 Minervas
1332 3472 1567 3528 Ecbasiae
1590 3512 1609 3541 ,
1634 3474 1707 3528 ita
1734 3472 1817 3527 ille
1835 3474 2011 3547 Cyzici
2033 3492 2201 3549 prope

633 3558 891 3633 templum
940 3558 1195 3633 Apollinis
1244 3559 1473 3615 Ecbasii.
1519 3560 1655 3615 Cum
1712 3560 1852 3614 enim
1889 3563 2203 3633 Argonautae

630 3657 780 3704 extra
820 3646 1005 3702 urbem
1049 3646 1254 3720 appulsi
1294 3657 1466 3703 essent
1479 3688 1497 3716 ,
1552 3636 1932 3722 Cyiicenorum
1982 3648 2205 3705 invitatu

632 3754 823 3793 navem
849 3734 1164 3811 appulerunt
1202 3737 1258 3791 in
1294 3748 1512 3809 portum
1556 3735 1706 3792 urbis
1739 3738 2047 3793 interiorem
2062 3778 2080 3807 ,
2108 3738 2202 3794 ubi

631 3828 954 3898 Argonautas
978 3824 1203 3897 Apollini
1227 3824 1455 3881 Ecbasio
1494 3843 1642 3881 aram
1681 3837 1963 3882 erexerunt
1989 3844 2023 3883 a
2052 3828 2200 3883 navis

632 3932 847 3986 egressu
878 3915 937 3969 in
978 3912 1280 3971 Dolioniam
1318 3932 1333 3969 :
1371 3913 1430 3969 id
1456 3914 1710 3989 templum
1747 3913 2029 3970 Deilochus
2074 3913 2197 3992 (ap.

628 4002 792 4058 schol.
815 4002 997 4077 Apoll.
1023 4020 1071 4071 1,
1100 4007 1205 4075 966
1223 4002 1486 4077 >appellat
1502 4022 1611 4059 non
1634 4003 1862 4071 Ecbasii,
1892 4004 1984 4059 sed
2005 4005 2199 4062 Iasonii

626 4090 904 4164 Apollinis.
952 4094 1071 4147 Jam
1109 4110 1237 4148 vero
1290 4110 1539 4149 ancoram
1553 4133 1569 4159 ,
1614 4111 1774 4166 quam
1824 4092 1988 4149 tradit
2030 4094 2199 4166 Argo-

626 4190 810 4235 nautas
850 4182 1109 4254 accepisse
1150 4200 1183 4236 a
1226 4182 1598 4255 promontorio
1640 4182 1864 4255 Bospori
1912 4185 2165 4256 Ancyraeo
2183 4222 2198 4249 ‚

626 4266 871 4322 existimo
893 4285 1015 4322 eam
1051 4284 1163 4322 esse
1176 4306 1194 4335 ,
1223 4284 1385 4340 quam
1416 4270 1734 4339 Argonautae
1772 4268 2093 4343 reliquerant
2132 4268 2201 4323 ad

626 4355 863 4421 Phasim,
898 4355 966 4412 de
1002 4374 1112 4430 quo
1134 4356 1395 4412 Arrianus
1419 4358 1441 4427 (
1455 4356 1651 4430 Peripl.
1674 4360 1705 4427 ς
1733 4362 1832 4428 ιι)
1859 4376 1874 4413 :
1918 4382 1941 4405 ι
1966 4357 2197 4427 Phasim,

628 4444 801 4519 inquit
815 4485 832 4512 ,
859 4443 1275 4517 ingredientibus
1308 4446 1365 4499 in
1400 4444 1613 4500 sinistra
1637 4456 1786 4519 parte
1811 4445 2203 4502 demonstratur

627 4550 822 4588 ancora
863 4531 1035 4605 Argus
1072 4532 1220 4587 navis
1263 4530 1431 4587 ferrea
1448 4572 1465 4601 ,
1511 4551 1630 4607 quae
1664 4552 1773 4589 non
1816 4534 1949 4589 mihi
1995 4532 2203 4590 videtur

627 4622 871 4694 antiqua,
908 4622 1002 4677 etsi
1048 4620 1161 4694 ejus
1208 4621 1517 4694 magnitudo
1556 4641 1667 4677 non
1716 4633 1795 4678 est
1824 4624 2007 4679 eadem
2027 4663 2044 4692 ,
2084 4642 2201 4699 qua:

624 4726 773 4763 nunc
798 4718 877 4763 est
902 4726 1244 4775 ancorarum,
1272 4719 1327 4763 et
1346 4706 1514 4781 figura
1541 4709 1718 4783 aliquo
1734 4710 1900 4765 modo
1927 4712 2199 4766 immutata

624 4802 705 4847 est
746 4808 761 4847 τ
791 4803 969 4848 tamen
992 4796 1257 4849 recentior
1294 4812 1405 4849 esse
1438 4794 1651 4851 videtur
1694 4806 1841 4852 aetate
1878 4800 2203 4869 Argonauta·

623 4897 767 4935 rum.
801 4884 873 4937 At
902 4880 1118 4956 lapideae
1157 4881 1368 4938 alterius
1394 4882 1601 4939 ancorae
1651 4884 1940 4957 fragmenta
1983 4884 2202 4959 antiqua

699 5110 749 5149 1.
779 5095 991 5169 σαι-ὑφ]
1022 5095 1229 5166 Quodsi
1248 5107 1390 5152 recte
1416 5099 1489 5152 ita
1502 5098 1712 5170 legitur,
1743 5109 1992 5172 corrupta
2012 5117 2115 5154 vox
2132 5117 2198 5153 ex

620 5174 835 5247 καράὸια
867 5175 950 5231 vel
981 5176 1207 5249 κάραὸοι.
1240 5176 1327 5231 Sic
1352 5178 1493 5233 enim
1522 5170 1760 5234 navicula
1804 5180 1903 5234 ista
1945 5179 2199 5234 dicuntur

2275 782 2482 821 ancoroe
2512 766 2894 837 Argonautica.
2921 790 2946 813 ι
2973 766 3102 821 Haec
3117 765 3337 839 quidem
3380 769 3650 825 Arrianus.
3687 768 3851 824 Unde

2276 864 2454 909 autem
2477 851 2716 925 colligam
2741 852 2988 925 reliquias
3013 870 3222 909 ancorae
3245 854 3518 911 Phasianae
3546 874 3658 911 esse
3687 855 3848 921 illius,

2276 958 2436 1014 quam
2459 950 2796 1013 sumpserunt
2833 958 2862 995 a
2895 941 3266 1015 promontorio
3288 944 3549 1014 Ancyrae
3588 942 3847 1016 Bospori}

2276 1027 2520 1083 Profecto
2553 1046 2662 1083 non
2697 1026 2911 1083 aliunde
2948 1046 3109 1101 quam
3127 1047 3158 1083 a
3179 1028 3455 1085 nobilitate
3489 1032 3807 1104 scriptorum
3828 1046 3848 1086 ε

2277 1118 2372 1192 qui
2413 1118 2458 1173 si
2497 1117 2636 1173 inter
2687 1118 3116 1191 promontorium
3157 1121 3486 1192 ·Ancyraenm
3539 1129 3594 1175 et
3638 1118 3853 1175 Phasim

2280 1215 2778 1262 commemorassent
2801 1207 3046 1261 Iasonem
3088 1223 3338 1261 ancoram
3374 1206 3458 1261 vel
3477 1206 3736 1280 acoepisse
3771 1204 3852 1261 vel

2277 1294 2574 1367 reliquisse,
2611 1310 2718 1349 non
2748 1291 2999 1349 defuisset
3021 1296 3248 1367 posteris
3269 1294 3418 1350 locus
3443 1294 3733 1351 celebratus
3751 1312 3853 1351 no·

2278 1384 2422 1437 mine
2442 1400 2648 1437 ancorae
2667 1383 2888 1437 Iasoniae
2899 1421 2916 1450 ,
2937 1392 3000 1437 ut
3019 1399 3128 1440 non
3151 1381 3324 1437 defuit
3344 1382 3566 1456 quercui
3580 1380 3851 1449 Minna,

2278 1482 2444 1546 poetae
2478 1472 2688 1544 ingenio
2713 1482 2865 1538 satae,
2897 1488 3057 1544 quam
3073 1511 3091 1539 ,
3131 1480 3192 1526 ut
3217 1470 3404 1526 Cicero
3435 1470 3510 1525 ait
3524 1510 3540 1536 ,
3572 1487 3694 1525 cum
3718 1480 3854 1527 tem·

2278 1570 2447 1635 pestas
2471 1569 2758 1614 vetustasve
2779 1559 3188 1632 consumpserit,
3217 1569 3392 1613 tamen
3415 1558 3520 1613 erit
3537 1558 3593 1613 in
3612 1558 3695 1613 his
3723 1557 3851 1613 locis

2281 1665 2506 1721 quercus
2520 1687 2537 1714 ,
2561 1664 2720 1720 quam
2739 1647 3034 1703 Marianam
3071 1646 3357 1702 vocabunt.
3388 1654 3626 1702 Ancoras
3651 1647 3859 1702 lasonis

2279 1734 2517 1807 quamvis
2543 1742 2769 1789 vetustas
2803 1733 3134 1806 consumpsit
3149 1772 3165 1799 ,
3206 1743 3384 1788 tamen
3419 1732 3715 1788 litterarum
3739 1749 3858 1788 mo-

2276 1820 2546 1876 numentis
2585 1830 2640 1875 et
2674 1818 2915 1875 locorum
2939 1829 3273 1893 permanent.
3309 1819 3430 1874 Jam
3455 1820 3663 1884 sinum,
3693 1836 3857 1892 quem

2278 1904 2474 1963 claudit
2491 1906 2918 1979 promontorium
2954 1908 3299 1979 Ancyreum,
3329 1904 3516 1977 vulgus
3542 1906 3858 1961 Graecorum

2278 1994 2504 2069 appellat
2529 1984 2678 2067 ἅγίου
2711 1984 2942 2067 Σιδήρου
2960 2030 2978 2060 ,
3008 2012 3073 2048 ex
3107 2012 3174 2049 eo
3198 1993 3419 2051 sortasse
3431 2034 3448 2061 ,
3480 1991 3630 2066 quod
3665 1991 3738 2047 ibi
3765 1992 3857 2048 ali-

2277 2082 2494 2156 quando
2515 2081 2616 2137 fuit
2637 2081 2773 2137 aedes
2793 2082 2904 2137 divi
2927 2081 3116 2149 Sideri,
3133 2100 3292 2154 quem
3316 2092 3490 2137 nautae
3517 2090 3852 2146 venerantur,

2279 2180 2341 2225 ut
2381 2187 2582 2225 sacram
2649 2187 2898 2224 ancoram
2918 2208 2935 2237 ,
2987 2185 3148 2241 quam
3190 2166 3338 2223 idem
3387 2168 3570 2239 vulgus
3635 2166 3858 2241 appellat

2282 2250 2520 2331 σίδηρον.

2348 2348 2738 2422 Antiquissimis
2773 2347 3106 2402 heroicarum
3134 2356 3348 2402 aetatum
3383 2343 3709 2418 temporibus
3734 2362 3860 2399 usos

2277 2434 2486 2490 ancoris
2521 2433 2738 2507 lapideis
2777 2432 2936 2489 fuisse
2971 2432 3281 2490 incredibile
3318 2431 3486 2488 videri
3521 2450 3631 2487 non
3667 2430 3853 2496 debet,

2278 2541 2402 2578 cum
2427 2532 2607 2578 nostra
2631 2532 2781 2577 oetate
2809 2520 2986 2577 multa
3012 2522 3250 2576 nationes
3267 2560 3284 2589 ,
3315 2539 3425 2576 non
3451 2518 3615 2575 modo
3647 2520 3706 2574 in
3736 2518 3860 2574 ulti-

2278 2610 2381 2664 mis
2423 2609 2578 2664 terris
2605 2626 2774 2682 nuper
2811 2608 3034 2679 cognitis
3063 2608 3205 2676 εἰὶσε,
3247 2605 3342 2661 sed
3368 2607 3528 2661 etiam
3552 2605 3610 2661 in
3650 2624 3860 2661 recessu

2279 2698 2470 2752 intimo
2503 2696 2824 2752 Arsinoitico
2849 2696 2997 2751 sinus
3033 2694 3280 2761 Arabici,
3315 2713 3424 2750 non
3451 2693 3616 2750 modo
3653 2694 3862 2750 ancoris

2277 2781 2496 2858 lapideis
2522 2781 2722 2839 Arabes
2743 2780 3118 2855 AEthiopesque
3133 2820 3150 2849 ,
3178 2778 3271 2835 sed
3307 2780 3468 2835 etiam
3495 2779 3716 2835 navibus
3741 2797 3859 2834 om·

2279 2872 2364 2927 nis
2377 2870 2504 2927 ferri
2516 2870 2820 2946 expertibus
2833 2869 3100 2941 navigent,
3116 2887 3247 2942 quas
3269 2870 3412 2943 (cum
3431 2887 3600 2924 essem
3623 2870 3678 2924 in
3695 2880 3858 2941 portu

2282 2978 2442 3033 quem
2470 2958 2668 3017 Arabes
2692 2976 2838 3015 nunc
2862 2970 3052 3014 vocant
3082 2962 3204 3025 Tor,
3226 2960 3399 3014 Graeci
3423 2976 3550 3016 xero
3573 2956 3852 3023 matthan,

2283 3050 2544 3105 coloniam
2582 3048 2990 3104 Rhaithinorum
3028 3047 3351 3121 populorum
3389 3046 3575 3102 Felicis
3617 3044 3824 3101 Arabiae
3837 3084 3856 3113 ,

2284 3134 2564 3191 distantem
2590 3152 2621 3189 a
2647 3144 2828 3189 monte
2855 3134 3025 3189 Sinaeo
3051 3135 3152 3188 iter
3179 3134 3388 3188 circiter
3413 3131 3581 3187 duum
3613 3130 3856 3204 dierum)

2286 3224 2526 3296 perspexi
2551 3232 2762 3278 onustas
2788 3219 2985 3277 divitiis
3011 3220 3280 3287 Arabicis,
3308 3219 3466 3275 nullis
3491 3219 3647 3275 clavis
3674 3218 3860 3275 feneis

2285 3318 2610 3382 compactas,
2639 3306 2732 3362 scd
2757 3306 3051 3363 tabularum
3078 3304 3522 3379 conjunctissimis
3545 3305 3858 3362 commissu·

2286 3396 2380 3461 ris,
2415 3394 2673 3467 colligatas
2695 3392 2970 3460 funiculis,
2998 3392 3314 3465 rhesinaque
3339 3390 3566 3447 imbutas
3605 3390 3824 3447 odorata
3838 3432 3855 3460 ,

2287 3498 2448 3553 quam
2478 3498 2546 3535 ex
2570 3479 2759 3536 arbore
2783 3477 3043 3535 thurifera
3083 3497 3296 3535 manare
3322 3478 3560 3543 aiebant,
3587 3488 3862 3551 totamque

2287 3585 2474 3623 navem
2513 3585 2578 3622 ex
2610 3584 2721 3622 uno
2764 3584 2953 3639 genere
2992 3564 3197 3622 arboris
3240 3563 3430 3621 factam
3473 3582 3610 3632 esse,
3649 3583 3714 3620 ex
3753 3582 3860 3639 qua

2287 3654 2522 3711 nascitur
2544 3672 2655 3710 nux
2680 3652 2856 3709 indica
2871 3694 2888 3722 ,
2923 3653 3177 3710 nimirum
3199 3652 3377 3709 omnia
3415 3650 3653 3708 membra
3676 3653 3855 3719 navis,

2290 3755 2449 3817 atque
2490 3741 2622 3800 adeo
2661 3754 3012 3813 armamenta,
3052 3754 3113 3799 ut
3141 3741 3330 3811 funes,
3369 3752 3430 3797 ut
3473 3740 3616 3808 vela,
3649 3760 3768 3816 quae
3794 3760 3860 3797 ex

2286 3830 2426 3886 illius
2454 3828 2588 3885 soliis
2607 3831 2734 3886 scite
2759 3840 3004 3886 contexta
3028 3828 3359 3886 dicebantur.
3403 3830 3500 3883 11ae
3530 3846 3685 3883 naves
3708 3828 3861 3884 valde

2288 3936 2502 3992 capaces
2527 3916 2681 3972 nullis
2707 3918 2948 3972 transtris
2973 3918 3226 3991 tectisque
3253 3914 3528 3988 impeditae-
3557 3926 3714 3982 sunt,
3743 3916 3862 3986 qui·

2286 4004 2390 4060 bus
2423 4022 2638 4078 prorsus
2664 4003 2938 4073 carebant,
2969 4014 3030 4059 ut
3070 4014 3246 4059 carent
3273 4002 3444 4059 σαι-ὑπ
3466 4014 3481 4039 ¹
3515 4012 3856 4075 nuncupatae,

2286 4091 2480 4165 quibus
2522 4088 2754 4147 Africani
2791 4101 3036 4158 utuntur,
3089 4091 3181 4163 qui
3223 4089 3467 4145 accolunt
3511 4090 3687 4162 Syrtes
3702 4128 3720 4156 ,
3759 4090 3864 4144 cir-

2287 4178 2594 4235 cumdantes
2618 4178 2996 4253 Lotophagiam
3015 4190 3034 4216 ²
3063 4177 3308 4247 insulam,
3333 4196 3478 4233 nunc
3499 4176 3660 4249 vulgo
3683 4178 3859 4233 nomi·

2286 4277 2464 4322 natam
2490 4264 2700 4321 Gerben
2716 4306 2733 4333 ,
2761 4283 3070 4321 aerumnosae
3101 4265 3538 4338 pta-egrinationis
3578 4281 3710 4321 meoe
3741 4263 3861 4319 diu-

2288 4366 2458 4411 turnae
2491 4352 2774 4409 clausulam
2795 4354 3044 4427 tragicam
3058 4395 3075 4422 ,
3099 4354 3194 4409 ubi
3232 4354 3472 4427 graviora
3495 4369 3679 4429 passus
3703 4370 3825 4409 sum
3839 4392 3860 4421 ,

2288 4463 2450 4519 quam
2485 4445 2615 4501 socii
2638 4444 2824 4519 Ulyxis
2861 4443 3003 4518 apud
3033 4444 3388 4518 Lotophages.
3465 4443 3540 4499 Illi
3579 4444 3724 4499 enim
3765 4461 3863 4499 vo·

2285 4534 2572 4610 luptatibus
2596 4534 3025 4607 Lotophagorum
3054 4532 3663 4600 delinitiretinebantur,
3688 4550 3786 4605 ego
3805 4532 3864 4587 in

2286 4622 2498 4695 lugubri
2537 4621 2724 4678 scrobe
2768 4621 3092 4679 funestorum
3137 4622 3426 4695 piratarum
3454 4619 3549 4676 diu
3591 4630 3856 4685 retentus,

2291 4708 2433 4765 nulla
2451 4726 2544 4783 spe
2572 4708 2948 4783 redemptionis
2973 4709 3270 4782 proposita,
3309 4724 3482 4779 neque
3509 4707 3625 4761 vitae
3651 4706 3862 4761 liberari

2287 4796 2438 4870 potui
2463 4795 2725 4871 periculo,
2755 4797 2856 4851 nisi
2885 4795 3108 4851 dissidio.
3139 4795 3487 4850 barbarorum
3501 4834 3517 4859 ,
3555 4811 3664 4866 quo
3689 4792 3862 4848 insula

2288 4895 2472 4959 capta,
2501 4895 2553 4941 et
2579 4886 2774 4959 pirata,
2803 4883 2898 4957 qui
2919 4902 3004 4939 me
3029 4894 3256 4957 ceperat,
3285 4885 3342 4938 in
3369 4880 3576 4937 vincula
3597 4880 3860 4954 conjecto,

2289 5097 2507 5172 quidem
2547 5097 2687 5171 apud
2720 5098 3143 5171 Theophrastum
3180 5097 3234 5151 in
3274 5098 3414 5153 Hist.
3444 5095 3614 5151 Plant.
3654 5099 3709 5161 4,
3739 5095 3790 5160 3,
3819 5112 3852 5149 a

2290 5176 2500 5233 codices
2523 5177 2716 5232 habent
2745 5192 2760 5231 ε
2787 5175 2892 5231 ἔστι
2912 5174 2998 5249 μὲν
3023 5170 3109 5230 οὖν
3133 5175 3320 5246 (lotus)
3342 5175 3426 5228 καὶ
3456 5172 3507 5228 ἓν
3531 5177 3596 5247 τῇ
3627 5174 3764 5247 νήσῳ
3790 5176 3858 5247 τῇ

619 5251 765 5326 apud
808 5256 1127 5329 Byzantinos
1164 5257 1479 5331 scriptores,
1509 5276 1737 5332 quorum
1778 5259 1921 5315 locos
1964 5260 2197 5315 enotavit
2285 5257 2580 5331 Δωτοφαγίᾳ
2605 5256 2784 5329 Φάριδι
2814 5255 3092 5331 καλουμένῃ
3130 5254 3284 5318 πολύς
3325 5271 3338 5307 z
3369 5252 3464 5309 sed
3497 5252 3720 5308 dubium
3749 5270 3858 5306 non

616 5332 927 5407 Ducangius
953 5352 999 5390 s.
1033 5353 1086 5393 v.

2290 5345 2372 5391 est
2405 5336 2534 5409 quin
2569 5336 2642 5390 ibi
2681 5354 2744 5391 ex
2781 5334 2892 5407 lege
2928 5333 3120 5405 linguae
3155 5343 3209 5388 et
3243 5350 3343 5388 usu
3381 5334 3700 5405 scriptorum
3733 5349 3859 5387 cum

687 5427 742 5467 2.
787 5414 1205 5490 Lotophagiam]
1247 5416 1488 5475 Debebat
1535 5409 2008 5495 Lotophagitidem.
2056 5421 2193 5478 Sane
2283 5414 2562 5471 Dindorfio
2587 5413 2948 5489 reponendum
2977 5414 3046 5469 sit
3069 5413 3431 5487 Δωτοφαγίτιδι
3448 5412 3748 5487 καλουμένῃ.
