4584 6284
1515 539 1616 600 DE
1657 539 2126 603 FLUVIORUM
2167 541 2266 602 ET
2304 540 2669 604 MONTIUM
2709 543 3160 610 NOMINIBUS.

3777 560 3885 620 661

675 660 833 742 χάριν
883 665 957 728 εἷς
1012 658 1326 739 Θράσυλλον
1373 661 1488 744 ὄρος
1541 661 1742 730 ἄναὸὰς
1793 661 1886 722 καὶ
1935 662 2248 742 θεασάμενος
2332 663 2663 738 Thrasyllum
2701 665 3042 732 ascendisset,
3074 679 3126 724 et
3166 670 3451 726 immanem
3492 691 3680 746 aprum
3716 693 3899 751 perce.

679 751 1013 831 ὑπερμεγέθη
1038 751 1264 831 κάπρον,
1295 747 1510 811 ἐδίωκεν
1541 750 1697 810 αὗτὺν
1735 749 1870 829 μετὰ
1897 753 2000 810 τῶν
2034 749 2246 832 δορυφό-

680 861 803 918 ρων·
827 843 856 898 ὁ
880 838 936 898 δὲ
961 839 1162 922 φθάσας
1195 837 1486 922 κατέφυγεν
1519 841 1590 908 ὣς
1615 837 1791 913 ἱκέτης
1815 840 1888 908 εἰς
1911 838 1972 900 τὸ
1997 845 2089 914 τῆς
2111 837 2244 920 Ὀρ-

678 928 872 993 θωσίας
893 925 1190 1008 Ἀρτέμιδος
1211 924 1368 1008 ἱερόν·
1398 925 1722 1007 βιαζομένων
1746 927 1802 989 δὲ
1819 925 2029 988 πάντων
2056 929 2129 995 είς
2151 925 2241 986 τὸν

677 1012 802 1074 ναὸν
825 1017 1074 1076 εἰσελθεῖν
1089 1060 1108 1094 ,
1122 1017 1151 1074 ὃ
1179 1019 1268 1083 σῦς
1295 1013 1596 1097 ἀνθρωπίνῃ
1626 1019 1771 1096 φωνῇ
1789 1015 2116 1097 χρησάμενος
2132 1013 2242 1085 ἰξά-

679 1123 902 1163 κουστον
945 1102 1246 1184 ἀνέκραγεν·
1276 1103 1501 1175 Φεῖσαι,
1535 1107 1781 1184 βασιλεῦ,
1816 1109 1907 1164 τοῦ
1949 1103 2242 1186 θρέμματος

679 1195 776 1264 τῆς
825 1197 971 1261 θεᾶς·
1009 1191 1371 1274 μετεωρισθεὶς
1412 1191 1470 1253 δὲ
1497 1192 1732 1276 Τεύθρας
1775 1195 1974 1254 ἀνεῖλεν
1998 1195 2058 1256 τὸ
2083 1197 2233 1265 ζῶον.

674 1274 736 1341 'A
745 1305 921 1362 ρτεμις
951 1279 1006 1342 δὲ
1053 1279 1418 1364 μισοπονήρως
1461 1283 1744 1362 ἐνεγκοῦσα
1779 1280 1874 1356 τὴν
1903 1282 2108 1363 πρᾶξιν,
2148 1281 2237 1342 τὸν

677 1368 774 1448 μὶν
801 1369 1003 1452 κάπρον
1031 1366 1450 1450 ἀνεζωπύρησεν·
1473 1373 1547 1451 vif>
1571 1368 1626 1429 δὲ
1649 1369 1910 1453 παραιτίφ
1931 1375 2023 1431 τοῦ
2050 1394 2241 1450 συγκυ-

679 1457 910 1540 ρήματος
935 1457 1099 1541 ἀλφὸν
1131 1457 1267 1539 μετὰ
1285 1457 1474 1537 μανίας
1500 1459 1722 1542 έπεμψε.
1830 1456 2240 1538 Δυσωπούμενος

675 1546 733 1609 δὲ
758 1549 820 1608 τὸ
846 1549 1012 1618 πάθος
1039 1551 1092 1609 ἓν
1139 1558 1252 1616 ταῖς
1279 1546 1585 1629 ἀκρωρείαις
1624 1546 1899 1630 διέτριὸεν.
1983 1549 2238 1621 Λυσίππη

674 1636 758 1711 δὲ,
791 1633 874 1720 [ἡ]
911 1642 1002 1698 τοῦ
1038 1637 1416 1719 προειρημένου
1464 1635 1644 1718 μήτηρ
1660 1680 1678 1710 ,
1712 1641 2076 1718 κατηχηθεῖσα
2115 1636 2240 1723 περὶ

672 1729 776 1789 τῶν
835 1723 1270 1807 συμὸεὸηκότων,
1323 1729 1396 1794 είς
1453 1724 1552 1800 τὴν
1621 1724 1751 1801 ὅλην
1801 1726 2034 1808 ἔδραμε,
2083 1749 2239 1788 συνε-

670 1813 988 1892 πισπωμένη
1061 1813 1248 1892 μάντιν
1311 1815 1400 1876 τὸν
1455 1813 1718 1896 Κοιράνου
1775 1814 2056 1877 Πολύιδον·
2111 1817 2237 1898 παρ’

671 1893 730 1962 οὗ
775 1911 950 1964 πᾶσαν
991 1901 1559 1988 πολυπραγμονήσασα
1605 1903 1703 1978 τὴν
1742 1903 2010 1980 ἀλήθειαν,
2055 1908 2239 1986 βουθυ-

669 1991 804 2060 σίαις
839 1996 932 2065 τῆς
973 1998 1093 2062 θεᾶς
1133 1991 1410 2064 ἔξιλάσατο
1434 1989 1532 2065 τὴν
1560 1992 1957 2076 μισοπονηρίαν·
1987 1991 2078 2054 καὶ
2108 1995 2241 2055 ἀπο·

664 2077 904 2140 λαὸοῦσα
931 2081 1022 2142 τὸν
1057 2079 1166 2142 υἱὸν
1197 2085 1595 2163 σωφρονοῦντα,
1629 2081 1808 2162 βωμὸν
1850 2080 2095 2162 ἱδρύσατο
2121 2081 2234 2166 Ἄρ·

663 2169 873 2248 τέμιδος
900 2169 1222 2248 Ὄρθωσίας·
1247 2167 1605 2230 κατεσκεύασε
1647 2171 1704 2230 δὲ
1746 2169 1840 2230 καὶ
1868 2169 2068 2251 κάπρον
2148 2172 2238 2250 ρύ-

667 2280 807 2331 σεον,
861 2257 984 2338 [εἰς]
1031 2257 1306 2338 προτομὴν
1346 2255 1620 2339 ἀνθρώπω
1665 2259 1984 2337 ἠσκημένον.
2068 2262 2118 2322 Ο
2153 2284 2238 2328 τος

668 2345 829 2424 μέχρι
860 2350 952 2405 νῦν
989 2342 1215 2429 [ὥσπερ]
1245 2345 1587 2424 διωκόμενος,
1613 2349 1853 2426 κυνηγῶν
1904 2348 2234 2409 εἰσελθόντων

667 2437 739 2502 εἰς
762 2434 851 2496 τὸν
893 2433 1042 2509 ναὸν,
1070 2435 1248 2516 φωνὴν
1286 2435 1572 2496 ἀναδίδωσι
1605 2463 1630 2490 ιι
1657 2435 1892 2518 φείδεσθε
1921 2463 1969 2498 ¹».
2001 2435 2233 2519 Τεύθρας

665 2525 720 2583 δὲ
749 2526 878 2605 παρ’
910 2523 1099 2583 έλπίδα
1139 2522 1238 2596 τὴν
1281 2521 1576 2605 ἀρχέτυπον
1615 2523 1821 2607 μορφὴν
1850 2522 2150 2602 ἀναλαὸὼν,
2175 2525 2238 2586 τὸ

664 2610 781 2691 ὄρος
809 2611 1153 2689 μετωνόμασε
1176 2609 1510 2691 Τεύθραντα.

743 2721 793 2760 s.
837 2702 1098 2762 Γεννᾶται
1140 2697 1188 2758 δ’
1232 2701 1286 2759 ἐν
1329 2700 1474 2780 αὗτῷ
1517 2699 1657 2766 λίθος
1700 2698 1988 2771 ἀντιπαθὴς
2037 2697 2238 2759 καλού-

665 2809 845 2866 μενος,
867 2784 923 2855 ὃς
962 2787 1224 2848 κάλλιστα
1249 2794 1388 2847 ποιεῖ
1429 2787 1556 2868 πρὸς
1599 2785 1792 2868 ἀλφοὺς
1821 2787 1914 2846 καὶ
1947 2785 2142 2868 λέπρας
2168 2788 2236 2846 δι’

664 2873 804 2934 οἴνου
829 2874 1133 2955 τριὸόμενος
1162 2874 1255 2934 καὶ
1280 2877 1389 2943 τοῖς
1415 2874 1708 2956 πάσχουσιν
1736 2874 2082 2952 ἐπιτιθέμενος
2094 2918 2112 2948 ,
2135 2897 2235 2934 κα-

661 2961 763 3031 θὼς
789 2966 988 3045 ἱστορεῖ
1017 2963 1258 3037 Κτησίας
1286 2963 1497 3033 Κνίδιος
1517 2966 1571 3023 ἐν
1597 2962 1648 3045 β’
1674 2963 1796 3044 περὶ
1817 2963 2012 3044 Ὀρῶν.

1142 3133 1333 3194 xxn.
1377 3129 1759 3218 AxEAnoz.

740 3320 783 3360 1.
831 3299 1090 3383 Ἀχελῷος
1119 3300 1358 3380 ποταμός
1386 3303 1502 3360 ίστι
1540 3303 1635 3375 τ’ἥς
1680 3302 1971 3370 Αἰτωλίας·
2001 3303 2236 3362 ἐκαλεῖτο

657 3385 712 3445 δὲ
738 3385 994 3470 πρότερον
1031 3386 1257 3456 Θέστιος
1293 3388 1361 3447 δι’
1397 3388 1571 3449 αἰτίαν
1623 3390 1892 3464 τοιαύτην.
1977 3390 2195 3459 Θέστιος
2213 3435 2232 3468 ,

655 3473 852 3560 Ἄρεως
879 3475 974 3536 καὶ
999 3475 1311 3551 Πεισιδίκης
1337 3487 1492 3556 παῖς,
1527 3477 1614 3539 διά
1641 3502 1756 3538 τινα
1797 3476 2106 3556 περίστασιν
2153 3479 2228 3536 oi·

660 3563 851 3637 κιακὴν
898 3563 1247 3641 ἀποδημήσας
1278 3568 1353 3634 εἰς
1394 3567 1644 3627 Σικυῶνα
1685 3565 1777 3626 καὶ
1823 3564 2003 3626 ἱκανὸν
2047 3564 2233 3646 χρόνον

663 3649 974 3736 διατρίψας,
1003 3651 1321 3736 ὑπέστρεψεν
1358 3655 1430 3723 εἰς
1460 3653 1523 3714 τὸ
1556 3656 1803 3738 πατρῷον
1829 3651 2038 3735 ἔδαφος·
2066 3649 2234 3735 εὑρὼν

665 3742 724 3806 δὲ
749 3743 839 3805 τὸν
865 3742 977 3805 υἱὸν
1011 3743 1305 3809 Καλυδῶνα
1332 3740 1466 3822 μετὰ
1493 3746 1587 3816 τῆς
1610 3742 1805 3824 μητρὸς
1837 3740 2231 3821 ἀναπαυόμενον

663 3830 757 3892 καὶ
802 3831 990 3913 μοιχὸν
1034 3819 1166 3892 εἶναι
1203 3828 1379 3904 δόξας,
1429 3831 1546 3891 κατ’
1589 3830 1798 3911 ἀγνοιαν
1846 3829 2229 3912 ἕγονοκτόνησε·

665 3923 758 3992 τῆς
780 3918 838 3981 δὲ
862 3918 1176 3981 ἀνελπίστου
1195 3917 1430 3998 πράξεως
1453 3919 1713 3992 αὖτόπτης
1733 3918 2030 3998 γενόμενος,
2047 3917 2230 3980 ἑαυτὸν

665 4008 874 4092 ἔρριψεν
925 4010 1000 4078 εἰς
1048 4006 1286 4086 ποταμὸν
1325 4005 1550 4079 Ἀξενον,
1577 4006 1633 4076 ὃς
1675 4006 1765 4067 ἀπ’
1812 4008 1968 4067 αὐτοῦ
2015 4007 2234 4075 Θέστιος

667 4095 1075 4174 μετωνομάσθη.
1208 4094 1619 4178 Προσηγορεύθη
1695 4093 1751 4154 δὲ
1807 4094 2059 4178 Ἀχελιῖιος
2128 4093 2234 4154 ἀπὸ

666 4181 912 4257 τοιαύτης
964 4183 1154 4253 αἰτίας.
1257 4181 1541 4266 Ἀχελῷος,
1587 4182 1846 4245 Ὠκεανῶ
1897 4182 1990 4242 καὶ
2041 4179 2234 4252 Ναΐδος

673 4271 874 4353 νύμφης
902 4277 1060 4351 παῖς,
1079 4275 1148 4353 τῇ
1179 4269 1398 4351 θυγατρὶ
1424 4271 1698 4354 Κλητορίφ
1723 4273 1841 4331 κατ’
1865 4268 2075 4350 ἄγνοιαν
2101 4291 2234 4332 συν-

667 4356 948 4440 ερχόμενος
994 4359 1088 4418 καὶ
1129 4359 1328 4440 ἀθυμία
1363 4359 1662 4441 συσχεθεὶς,
1697 4357 1882 4418 ἑαυτὸν
1926 4357 2113 4418 ἶὸαλεν
2157 4360 2229 4426 είς

733 4566 845 4635 54.
890 4565 1202 4638 καλούμενον
1238 4583 1271 4620 e
1308 4565 1519 4621 Stobaeo
1561 4564 1824 4621 additum.
1867 4566 1890 4637 ss
1921 4595 1992 4608 —
2028 4566 2223 4638 φεῖσαι]

663 4646 802 4714 φεῖσε
822 4642 970 4711 cod.;
996 4662 1104 4702 em.
1135 4646 1192 4699 in
1213 4643 1346 4702 edit.
1367 4645 1514 4718 Lips.
1539 4647 1665 4700 anni
1699 4649 1855 4717 1778.
1889 4646 1911 4717 ΙΙ
1935 4675 2008 4687 -
2024 4645 2231 4717 κάπρον]

665 4727 844 4793 ταῦρον
883 4725 1103 4781 Aristot.
1131 4723 1411 4793 Min-ahc.
1443 4725 1563 4795 175,
1603 4725 1698 4781 ubi
1743 4725 1858 4779 baec
1890 4743 1904 4781 ε
1947 4723 2034 4778 Ἐν
2073 4722 2230 4796 ’Apri-

669 4804 808 4874 μιδος
858 4800 1134 4875 Ὀρθωσίας
1175 4803 1334 4878 βωμῷ
1369 4808 1552 4877 ταῦρον
1587 4803 1823 4860 ἵστασθαι
1857 4803 2110 4877 χρύσειον,
2140 4805 2195 4868 ὃς
2211 4843 2228 4869 ,

665 4887 892 4956 κυνηγῶν
916 4880 1260 4954 εἰσελθόντων,
1280 4881 1448 4957 φωνὴν
1473 4883 1754 4956 ζπαφίησιν.
1789 4884 1905 4956 [1-
1939 4880 2004 4946 εἰς
2033 4893 2154 4937 ante
2177 4901 2227 4940 v.

665 4959 920 5036 προτομὴν
943 4963 1164 5019 inseruit
1191 4966 1280 5021 W.
1307 4963 1516 5020 Deinde
1538 4963 1707 5020 codex
1740 4980 1756 5018 ε
1788 4959 1932 5026 οὗτος
1963 4963 2111 5036 μέχρι
2137 4965 2226 5017 νῦν

662 5043 966 5116 διωκόμενος
1008 5041 1104 5099 isa-b
1131 5049 1383 5118 κυνηγῶν,
1425 5043 1666 5100 εἴσελθὼν
1695 5042 1763 5109 εἰς
1796 5043 1886 5099 τδν
1918 5042 2038 5099 ναδν
2057 5083 2072 5111 ,
2103 5053 2227 5110 etc„

2329 759 2518 832 pisset,
2548 778 2673 815 cum
2698 763 3037 834 stipatoribus
3057 783 3179 820 cum
3203 767 3469 823 insecutus
3493 781 3598 840 est;
3618 772 3712 826 sed
3738 790 3891 830 vena.

2330 868 2469 913 tores
2493 861 2819 932 preveniens
2840 879 2969 934 aper
2989 863 3206 937 supplex
3236 866 3474 938 confugit
3494 870 3552 924 in
3577 872 3762 928 Dianae
3792 876 3897 930 01·-

2328 955 2512 1010 thosioe
2550 956 2805 1029 templum
2850 975 2865 1012 :
2909 976 3019 1031 quo
3057 977 3225 1033 quum
3265 979 3450 1018 omnes
3493 966 3545 1020 vi
3580 980 3899 1027 conarentur

2328 1051 2565 1124 ingredi,
2588 1071 2715 1108 usus
2737 1064 2816 1110 est
2841 1055 2928 1110 ille
2949 1055 3179 1113 humana
3202 1077 3331 1116 voce
3352 1071 3407 1116 et
3426 1060 3527 1118 alte
3548 1065 3857 1124 exclamavit
3879 1086 3895 1125 ε

2336 1175 2360 1199 ι
2384 1153 2575 1218 Parce,
2603 1169 2727 1220 rex,
2752 1152 2969 1208 alumno
3009 1153 3138 1210 deae.
3172 1181 3196 1206 ι
3228 1159 3489 1215 Teuthras
3528 1181 3653 1218 vero
3694 1164 3897 1239 impetu

2326 1246 2574 1322 abreptus
2590 1249 2783 1305 animal
2804 1251 3085 1307 interfecit.
3159 1256 3233 1309 At
3256 1256 3426 1311 Diana
3448 1276 3562 1314 rem
3582 1260 3802 1318 moleste
3824 1261 3901 1318 fe-

2326 1364 2448 1400 rens
2460 1386 2477 1413 ,
2505 1364 2696 1420 aprum
2733 1349 3002 1403 suscitavit
3026 1359 3081 1404 et
3102 1367 3253 1406 casus
3291 1354 3497 1409 auctori
3538 1356 3897 1431 impetiginem

2326 1463 2449 1500 cum
2476 1445 2655 1503 furore
2680 1447 2919 1504 immisit.
2991 1451 3165 1520 Quem
3190 1451 3442 1508 morbum
3466 1454 3553 1510 ille
3576 1455 3894 1526 abboroens,

2326 1543 2383 1598 in
2414 1546 2676 1600 montium
2702 1545 3063 1602 cacuminibus
3089 1549 3516 1607 commorabatur
3539 1571 3649 1627 prae
3666 1555 3893 1628 pudore.

2328 1643 2557 1716 Lysippe
2578 1652 2784 1712 autem,
2808 1642 2921 1716 ejus
2945 1655 3129 1714 mater,
3152 1664 3319 1720 quum
3339 1665 3401 1702 ea
3425 1667 3545 1722 quae
3570 1653 3898 1724 contigerant

2328 1735 2624 1807 didicisset,
2652 1739 2836 1795 silvam
2880 1740 3115 1797 celeriter
3157 1743 3334 1816 petiit,
3370 1755 3539 1800 vatem
3584 1747 3893 1822 Polyidum,

2328 1837 2536 1891 Coerani
2554 1835 2721 1892 filium
2735 1877 2751 1904 ,
2770 1855 2947 1893 secum
2966 1835 3191 1906 ducens;
3211 1856 3242 1893 a
3260 1858 3370 1912 quo
3390 1841 3659 1898 veritatem
3682 1863 3897 1902 omnem

2326 1930 2511 1986 edocta
2536 1931 2803 1988 sacrificiis
2824 1932 2935 1989 deae
2959 1934 3091 1989 iram
3115 1934 3361 2009 placavit,
3386 1947 3439 1991 et
3460 1949 3769 2011 recuperato
3787 1940 3896 1998 mio

2326 2029 2490 2084 menti
2530 2048 2669 2085 sanae
2710 2029 2921 2087 reddito
2935 2070 2954 2100 ,
2982 2031 3166 2087 Dianae
3210 2033 3472 2090 Orthosia!
3518 2053 3664 2094 atam
3708 2057 3893 2094 conse·

2324 2128 2491 2181 cravit
2513 2137 2567 2182 et
2588 2145 2809 2182 aureum
2836 2146 3026 2201 aprum
3051 2130 3255 2184 curavit
3280 2129 3582 2187 faciendum
3606 2133 3896 2192 humanam

2327 2222 2514 2280 faciem
2554 2224 2886 2281 referentem.
2961 2227 3015 2280 Is
3049 2227 3339 2283 etiamnum
3353 2268 3370 2296 ,
3401 2230 3737 2286 venatoribus
3761 2205 3896 2289 tem·

2327 2322 2480 2397 plum
2500 2321 2937 2396 ingredientibus,
2967 2325 3116 2398 quasi
3136 2325 3211 2381 illi
3238 2327 3413 2400 ipsum
3432 2341 3893 2402 persequerentur,

2324 2439 2509 2476 vocem
2550 2446 2574 2470 ι
2616 2421 2822 2477 Parcite
2848 2447 2872 2471 ι
2913 2423 3124 2477 emittit.
3194 2423 3456 2480 Teuthras
3501 2436 3681 2482 autem
3726 2428 3896 2501 priori

2322 2529 2510 2592 praeter
2518 2536 2664 2591 spem
2684 2517 2853 2574 forma
2874 2529 3200 2592 recuperata,
3211 2531 3446 2576 montem
3469 2539 3500 2576 a
3522 2541 3579 2578 se
3600 2525 3897 2580 nominavit

2322 2614 2725 2672 Teuthrantem.

2397 2711 2450 2765 5.
2486 2711 2732 2765 Nascitur
2758 2711 2815 2764 in
2837 2728 2901 2764 eo
2939 2711 3233 2783 antiphates
3269 2709 3428 2783 lapis,
3456 2711 3549 2783 qui
3598 2729 3723 2767 cum
3769 2715 3897 2770 vino

2325 2799 2483 2853 tritus
2518 2808 2671 2853 sanat
2703 2798 2983 2870 vitiligines
3024 2809 3077 2852 et
3120 2797 3291 2871 lepras
3306 2839 3321 2863 ‚
3369 2809 3431 2854 ut
3469 2811 3649 2855 narrat
3698 2801 3895 2856 Ctesias

2324 2883 2545 2941 Cnidius
2566 2884 2704 2940 libro
2730 2883 2964 2940 secundo
2989 2885 3072 2938 De
3092 2883 3381 2940 montibus.
3555 2899 3565 2912 ·

2773 3115 2969 3176 XXII.
3012 3113 3437 3176 ACHELOUS.

2398 3316 2449 3357 1.
2496 3298 2759 3355 Achelous
2804 3299 2999 3353 fluvius
3046 3309 3127 3352 est
3168 3298 3405 3368 AEtoliae3
3450 3310 3603 3355 antea
3640 3301 3893 3357 Thestius

2320 3397 2607 3453 vocabatur
2629 3397 2731 3454 bac
2750 3396 2821 3454 de
2836 3417 3012 3457 causa.
3048 3400 3296 3455 Thestius
3311 3441 3328 3468 ,
3355 3403 3541 3457 Martis
3568 3413 3622 3458 et
3643 3404 3894 3460 Pisidices

2319 3495 2485 3564 filius,
2506 3507 2789 3588 postquam
2810 3497 2883 3553 ob
2906 3497 3172 3571 quandam
3197 3498 3528 3556 affectionem
3549 3500 3893 3558 domesticam

2318 3589 2680 3662 peregrinatus
2702 3591 2977 3664 Sicyonem
3008 3591 3225 3664 longum
3250 3594 3373 3648 satis
3401 3604 3612 3667 tempus
3641 3594 3717 3650 ibi
3745 3614 3893 3651 com-

2319 3696 2554 3742 moratus
2598 3699 2735 3742 esset
2752 3727 2767 3753 ,
2796 3688 2853 3742 in
2892 3698 3172 3760 paternum
3205 3688 3379 3745 solum
3403 3709 3643 3746 reversus
3666 3702 3772 3764 αις
3798 3693 3893 3748 ubi

2319 3802 2485 3859 quum
2510 3783 2677 3840 filium
2704 3784 3025 3858 Calydonem
3050 3785 3207 3842 simul
3231 3804 3353 3843 cum
3382 3797 3549 3843 matre
3569 3786 3892 3845 decumben-

2318 3893 2425 3939 tem
2442 3881 2771 3957 offendisset,
2790 3900 2913 3938 eum
2933 3883 3198 3940 moechum
3220 3902 3331 3940 esse
3346 3883 3674 3955 existimans,
3690 3885 3889 3944 occidit

2316 3980 2536 4038 inscius.
2606 3977 2876 4036 Intellecto
2898 3990 3075 4036 autem
3097 3978 3329 4036 facinore
3354 3982 3619 4055 insperato
3632 4025 3651 4054 ,
3672 3983 3729 4038 in
3746 3988 3887 4041 Axe·

2318 4095 2450 4132 num
2490 4078 2714 4132 fluvium
2742 4095 2801 4132 se
2824 4075 3078 4150 conjecit,
3099 4078 3193 4150 qui
3218 4078 3288 4133 ab
3324 4096 3389 4133 eo
3416 4077 3789 4135 denominatus
3814 4091 3895 4136 est

2318 4175 2583 4232 Thestius.
2654 4175 2841 4230 Postea
2882 4173 3027 4229 idem
3069 4172 3243 4230 dictus
3280 4188 3359 4230 est
3396 4175 3658 4231 Achelous
3697 4177 3797 4233 hac
3823 4176 3893 4233 de

2320 4288 2495 4327 causa.
2566 4269 2857 4336 Achelous,
2886 4271 3085 4326 Oceani
3120 4281 3173 4325 et
3203 4270 3388 4326 Naidis
3426 4272 3674 4346 nymphae
3714 4272 3885 4340 filius,

2320 4365 2499 4421 habita
2538 4383 2661 4421 cum
2690 4365 2799 4420 filia
2823 4365 3049 4421 Cletoria
3084 4384 3181 4439 per
3205 4367 3464 4423 inscitiam
3488 4385 3577 4435 re,
3607 4385 3719 4444 pras
3755 4387 3889 4425 moe-

2387 4567 2418 4634 5
2448 4563 2500 4618 5.
2524 4563 2865 4635 καλούμενος]
2886 4563 3378 4636 προσονομαζόμενος
3391 4564 3627 4620 Stobaeus
3650 4583 3771 4633 100,
3797 4570 3884 4624 18.

2316 4645 2399 4698 De
2430 4643 2701 4716 antipatbe
2740 4641 2915 4715 lapide
2941 4641 3011 4698 cf.
3047 4641 3387 4698 Dioscorides
3412 4642 3474 4710 5,
3509 4647 3629 4709 140.
3660 4647 3683 4716 ΙΙ
3714 4675 3788 4688 -
3807 4645 3889 4702 λέ-

2316 4724 2467 4796 πρας]
2498 4721 2705 4795 λεπροὺς
2740 4719 2885 4787 eod.;
2921 4739 3025 4777 em.
3062 4725 3130 4776 G.
3167 4721 3346 4777 Verba
3378 4723 3461 4776 καὶ
3492 4729 3600 4787 τοῖς
3635 4726 3884 4797 πάσχουσι

2322 4803 2680 4875 ἐπιτιθέμενος,
2717 4801 3024 4856 Hercberus
3045 4820 3076 4856 e
3102 4800 3310 4857 Stobaeo
3334 4800 3562 4858 addidit.

2390 4885 2570 4940 xxn.
2594 4886 2626 4954 S
2654 4899 2703 4939 1.
2732 4881 2985 4954 Κλητορίᾳ
3025 4881 3135 4936 sive
3161 4879 3425 4953 Κλειτορίᾳ
3461 4879 3746 4952 legendum
3772 4899 3886 4936 esse

2316 4981 2417 5037 pro
2437 4961 2737 5034 Κληστορία,
2760 4959 2905 5034 quod
2922 4958 3090 5015 codex
3106 4958 3303 5033 praebet
3314 4999 3333 5028 ,
3355 4968 3535 5014 monet
3560 4958 3881 5018 Hercherus.

2318 5044 2429 5098 Alia
2489 5042 2708 5100 Acheloi
2772 5040 2907 5108 filia,
2954 5059 3058 5098 sec.
3111 5039 3367 5096 Clement.
3421 5035 3622 5095 Homil.
3680 5037 3733 5106 5,
3794 5039 3880 5097 13.

661 5140 788 5194 quae
810 5132 956 5195 patet
987 5123 1242 5179 mutanda
1280 5141 1391 5179 esse
1429 5125 1487 5179 in
1529 5125 1842 5179 sententiam
1881 5141 2068 5178 eorum
2114 5141 2232 5196 quae
2318 5141 2370 5197 p.
2406 5127 2531 5192 672,
2560 5126 2623 5177 B.
2650 5131 2705 5177 et
2728 5121 3003 5192 Reeognit.
3038 5136 3120 5185 10,
3155 5135 3226 5173 αα
3247 5136 3308 5192 p.
3360 5117 3485 5184 318,
3511 5123 3585 5183 D,
3618 5127 3735 5172 erat
3756 5119 3883 5174 Eu·

658 5200 813 5274 'apud
845 5203 1180 5259 Aristotelem
1221 5202 1485 5276 leguntur,
1538 5206 1618 5260 uti
1667 5203 1790 5259 fecit
1826 5203 2110 5270 Her-cher„
2139 5204 2230 5276 qui
2269 5207 2277 5268 Ι
2319 5199 2627 5273 rymedusa,
2653 5198 3003 5274 Myrmidonis
3038 5209 3225 5266 mater,
3258 5215 3378 5270 quae
3408 5197 3595 5252 eadem
3622 5195 3883 5270 Κλήτορος

657 5273 826 5334 ’verba
857 5279 1084 5358 [ὥσπερ]
1119 5284 1421 5357 διωκόμενος
1465 5285 1789 5359 transposuit
1834 5294 1956 5357 post
1979 5283 2138 5338 verba
2163 5281 2231 5347 εἰς
2268 5273 2277 5336 ἰ
2324 5281 2429 5336 filia
2455 5281 2652 5336 dicitur
2676 5281 2736 5335 in
2762 5279 2927 5335 schol.
2945 5279 3205 5335 Clement.
3236 5278 3391 5335 Alex.
3426 5295 3483 5351 p.
3514 5294 3635 5350 109,
3660 5286 3882 5333 notante

665 5359 752 5416 τὸν
789 5361 932 5421 ναὸν.
957 5365 1352 5438 ΙΙ-φείὸεσθε]
1382 5363 1542 5421 ἴδεσθε
1567 5363 1712 5434 cod.;
1742 5383 1850 5422 em.
1885 5367 1968 5422 W.

2268 5340 2278 5420 l
2320 5364 2538 5434 Ungero
2562 5363 2617 5417 in
2658 5361 2899 5416 Theban.
2944 5358 3138 5417 Parad.
3173 5378 3232 5434 p.
3265 5363 3396 5425 460.
