4584 6284
867 450 980 502 502

2284 450 2394 510 AN
2397 452 2496 514 ΟΝ
2501 454 2649 515 ΥΜῙ

860 574 1120 654 Ἰαξάρτης
1156 572 1249 651 μὲν
1292 575 1381 635 καὶ
1412 567 1575 646 ’Ὧξος
1621 578 1713 638 καὶ
1754 578 1994 657 Ῥύμμος
2024 582 2115 641 καὶ
2146 581 2275 649 ‘Pac
2317 583 2408 643 καὶ
2499 589 2724 645 Iaxartes
2756 601 2811 645 et
2835 594 2984 646 Oxus
3025 604 3079 647 et
3119 593 3412 667 Rhymmus
3445 606 3499 649 et
3525 594 3664 652 Rbas
3693 610 3747 653 et
3790 600 3982 673 Cyrus
4025 611 4083 653 et

850 665 1021 744 Κῦρος
1046 663 1135 722 καὶ
1163 662 1374 744 Ἀράξης
1401 666 1471 730 εἷς
1498 665 1591 739 τὴν
1625 667 1878 727 Κασπίαν

846 753 1020 818 Φᾶσις
1039 749 1094 810 δὲ
1114 752 1203 811 καὶ
1222 750 1527 833 Θερμώδων
1554 754 1645 813 καὶ
1677 756 1952 835 Σάγγαρις
1978 761 2052 825 εἰς
2072 757 2158 817 τὸν
2182 758 2404 820 Πόντον.

1918 667 2082 727 ἵενταῑ
2121 670 2408 747 θάλασσαν’
2497 704 2690 757 Araxes
2713 704 2900 776 Caspio
2927 705 3061 759 mari
3083 706 3388 772 miscentur,
3411 706 3592 762 Phasis
3613 719 3786 764 autem
3809 720 3875 765 et
3899 710 4081 765 Ther-

840 830 998 899 Οὗτοι
1021 840 1074 898 δὲ
1100 839 1281 920 σχεδόν
1308 864 1357 899 τι
1382 842 1501 922 περὶ
1521 842 1637 910 τοὺς
1658 843 1849 912 αὐτοὺς
1873 845 2061 914 τόπους
2079 846 2169 913 τὰς
2189 848 2409 917 ἐκὸολὰς
2495 819 2690 874 ¹¹¹⁰d⁰¹¹
2717 831 2768 875 θ*
2795 822 3036 892 ὃαῃῧπῐ*
3074 823 3304 877 P⁰⁰²¹²¹¹²
3343 833 3532 897 Petunt
3573 840 3588 877 ²
3625 824 3719 879 ‘ed
3744 826 3802 880 hi
3833 844 3966 881 ¹²⁰⁰
4007 828 4084 881 ἢ*

785 942 813 982 ο
839 926 1015 1007 ἔχουσι
1040 936 1152 996 ταῖς
1177 937 1391 1008 πηγαῖς.

912 1036 987 1078 ³0.
1030 1018 1150 1077 Τῶν
1171 1018 1226 1076 δὲ
1256 1022 1306 1078 ἐν
1336 1022 1401 1098 τῇ
1432 1018 1667 1099 Εὐρώπῃ
1694 1021 1956 1099 πρωτεύοι
1978 1019 2074 1099 μὲν
2098 1020 2161 1081 ἃν
2194 1023 2407 1091 εἰκότως

831 1106 860 1161 6
884 1100 1121 1185 Ἴστρος,
1152 1104 1206 1172 ὃς
1244 1106 1526 1185 φερόμενος
1568 1106 1673 1167 ἀπὸ
1714 1111 1820 1168 τῶν
1862 1108 1991 1189 πρὸς
2026 1110 2185 1170 δύσιν
2228 1112 2404 1171 τόπων

827 1192 1057 1251 τοσαῦτά
1084 1216 1142 1252 τε
1171 1195 1499 1274 διερχόμενος
1533 1194 1657 1269 ἔθνη
1687 1196 1779 1256 καὶ
1812 1195 2003 1265 τόπους
2032 1197 2303 1257 ἐκδίδωσιν
2333 1200 2404 1266 εἰς

825 1278 912 1338 τὸν
944 1282 1165 1341 Πόντον*
1189 1280 1301 1353 ἑξῆς
1324 1280 1379 1341 δὲ
1406 1282 1643 1359 με’γιστοι
1678 1286 2033 1363 Βορυσθένης,
2056 1287 2400 1360 Οὖιστούλας,

746 1390 798 1429 10
823 1366 1049 1441 Τάναϊς,
1078 1367 1280 1440 Ῥῆνος.
1316 1372 1439 1431 Εἰσὶ
1479 1372 1532 1430 δὲ
1580 1372 1673 1431 καὶ
1720 1372 1871 1434 ἄλλοι
1918 1375 2139 1455 μεγάλοι
2170 1376 2401 1454 ποταμοὶ

823 1455 951 1536 πρὸς
997 1459 1111 1522 ταῖς
1168 1456 1408 1525 ἔκὸολαῑς
1461 1457 1751 1537 γινόμενοι,
1801 1462 2033 1538 μάλιστα
2088 1461 2396 1543 Ἦρίδανος,

822 1540 1009 1623 'QG-w,
1040 1546 1256 1624 Βαῖτις,
1296 1545 1603 1618 Σηκοάνας,
1644 1550 1834 1628 Δορίας
1875 1551 1964 1611 καὶ
1997 1553 2046 1610 οἱ
2088 1552 2223 1630 ἀμφὶ
2267 1552 2399 1613 Ῥο-

821 1630 1000 1694 δανόν.

904 1738 978 1780 81.
1023 1718 1119 1780 Ἔν
1148 1718 1203 1778 δὲ
1249 1722 1316 1798 τῇ
1344 1720 1519 1801 Λιὸύῃ
1550 1722 1797 1801 μέγιστός
1828 1728 1969 1787 ἐστιν
1999 1730 2028 1785 6
2062 1728 2279 1793 Νεῖλος·
2310 1730 2401 1808 ὁρ-

738 1827 789 1867 15
821 1806 1067 1885 μώμενος
1094 1806 1195 1889 γὰρ
1222 1813 1283 1867 ἐκ
1308 1811 1413 1870 τῶν
1443 1808 1575 1890 ὑπὲρ
1600 1810 1690 1870 τὸν
1714 1814 2015 1894 ἰσημερινὸν
2045 1818 2099 1874 ἐν
2134 1814 2280 1895 βάθει
2303 1821 2397 1887 τῆς

821 1894 1157 1977 μεσημὸρίας
1202 1897 1394 1973 τόπων,
1425 1898 1699 1960 ἐκδίδωσιν
1742 1904 1815 1971 εἰς
1843 1902 1937 1976 τὴν
1982 1901 2098 1964 καθ’
2121 1909 2261 1981 ἡμᾶς
2303 1904 2396 1964 θά·

816 1984 1045 2058 λασσαν,
1077 1986 1455 2066 ἑλικογραφῶν,
1485 1990 1554 2055 ὡς
1599 1986 1734 2057 εἰκὸς
1744 2034 1762 2063 ,
1792 1988 1920 2072 ὅπερ
1950 1990 2089 2051 ἐστὶν
2134 1991 2263 2052 ἴδιον
2295 2015 2394 2052 πο·

816 2076 1027 2151 ταμῶν,
1056 2076 1128 2143 ὡς
1156 2073 1369 2135 πιθανὸν
1398 2066 1532 2136 εἶναι
1572 2078 1775 2154 μᾶλλον
1805 2078 1909 2139 ἀπὸ
1950 2083 2051 2141 τῶν
2086 2082 2193 2141 ἐκεῖ
2219 2104 2396 2160 γιγνο·

815 2158 989 2238 μένων
1036 2162 1175 2221 κατὰ
1219 2160 1279 2222 τὸ
1320 2162 1449 2243 παρ’
1489 2166 1618 2243 ἡμῖν
1666 2164 1811 2247 θέρος
1840 2166 2054 2247 ὄμόρων
2095 2167 2231 2250 ἤπερ
2278 2170 2386 2229 ἀπὸ

731 2268 787 2309 20
810 2248 987 2329 χίονος
1006 2250 1257 2311 σύστασιν
1276 2250 1372 2325 τὴν
1399 2253 1749 2333 πλημμυρίαν
1769 2256 2013 2336 ε’νιαυσίῳ
2030 2256 2201 2337 χρόνῳ
2224 2278 2389 2316 ποιει·

812 2345 960 2402 σθαι.
1008 2337 1269 2400 Φαίνεται
1296 2340 1352 2399 δὲ
1382 2340 1471 2399 καὶ
1504 2346 1533 2399 ὃ
1564 2342 1845 2422 Βαγράδας
1866 2347 1895 2402 6
1922 2345 2043 2424 περὶ
2072 2344 2389 2425 Καρχηδόνα

811 2424 946 2505 ῥέων
989 2426 1080 2486 καὶ
1126 2432 1153 2487 6
1202 2426 1377 2508 Κίνυψ
1424 2431 1530 2487 ἀπὸ
1572 2432 1675 2487 τῶν
1729 2430 2081 2492 νοτιωτάτων.
2160 2436 2280 2490 Τῶν
2331 2430 2388 2491 δὲ

810 2514 1155 2597 διαρρεόντων
1183 2514 1277 2587 τὴν
1308 2516 1449 2583 ἐντὸς
1476 2516 1754 2577 Αἰθιοπίαν
1783 2516 1873 2577 καὶ
1901 2520 1995 2586 τάς
2019 2542 2077 2577 τε
2103 2516 2269 2598 ἀρχὰς
2295 2519 2388 2579 καὶ

806 2603 875 2664 τὰ
897 2604 1021 2675 τέλη
1046 2605 1100 2662 ἐν
1120 2602 1324 2684 ἠπείρῳ
1345 2603 1591 2683 ἐχόντων,
1616 2604 1865 2684 μέγιστός
1887 2609 2025 2666 ἐστιν
2046 2605 2078 2665 ὅ
2096 2629 2151 2665 τι
2175 2605 2273 2689 Γὶρ
2291 2608 2386 2669 καὶ

723 2704 775 2746 2⁵
807 2690 981 2771 Νίγιρ.

1168 2824 1260 2874 xl·
1288 2822 1405 2886 Περὶ
1426 2827 1507 2880 τῆς
1532 2822 1736 2886 μεγάλης
1753 2822 2007 2883 θαλάσσης-

880 2964 958 3006 32.
1004 2947 1119 3016 Τῆς
1168 2943 1224 3003 δὲ
1272 2943 1523 3021 μεγίστης
1548 2967 1605 3003 τε
1646 2942 1741 3003 καὶ
1770 2943 1899 3023 πρὸς
1939 2953 2056 3011 ταῖς
2102 2946 2382 3011 ἀνατολαῖς

802 3031 1072 3105 θαλάσσης
1101 3030 1169 3091 τὰ
1196 3030 1291 3109 μὲν
1316 3030 1609 3092 νοτιώτατα
1633 3030 1726 3091 καὶ
1754 3032 1883 3111 πρὸς
1908 3036 1976 3111 τῇ
2003 3032 2255 3112 ἀγνώστῳ
2284 3056 2385 3092 κοι-

801 3122 971 3180 λεῖται
1005 3117 1307 3201 Πρασώδης
1339 3116 1613 3178 θάλασσα·
1645 3118 1862 3197 λέγεται
1889 3118 1993 3199 γὰρ
2033 3122 2109 3200 τῷ
2132 3118 2384 3198 χρώματι

721 3230 775 3271 ³0
800 3207 1019 3281 τοιαύτη
1049 3230 1125 3275 τις
1153 3196 1317 3281 εἶναι,
1344 3204 1436 3264 καὶ
1468 3205 1622 3283 βρύον
1646 3204 1789 3286 ἔχειν
1818 3207 2064 3266 πλεῖστον
2106 3210 2197 3266 καὶ
2227 3206 2380 3287 με’γι-

803 3318 924 3356 στον
952 3294 1173 3377 ζμφερές
1196 3292 1387 3376 πράσῳ
1406 3339 1423 3367 ,
1446 3292 1559 3352 ὅθεν
1590 3295 1727 3361 εἰκὸς
1746 3296 1881 3375 αὖτῇ
1900 3294 1992 3353 καὶ
2010 3292 2106 3367 τὴν
2126 3292 2382 3373 πρασώδη

802 3382 1094 3464 φαντασίαν
1124 3380 1523 3463 προσγίνεσθαι.

886 3494 964 3535 aa.
1010 3471 1169 3533 Μετὰ
1214 3468 1270 3529 δὲ
1314 3468 1513 3541 ταύτην
1542 3472 1611 3537 ὣς
1638 3466 1770 3550 πρὸς
1812 3468 2031 3550 ἄρκτους
2074 3472 2105 3539 ἡ
2145 3470 2384 3549 Βραχεῖα

807 3563 980 3623 κεῖται
1022 3563 1299 3634 θάλασσα,
1329 3560 1365 3633 ἢ
1408 3561 1469 3620 οὗ
1516 3557 1601 3618 διὰ
1654 3558 1965 3639 βραχύτητα
2002 3562 2091 3617 τοῦ
2137 3562 2382 3639 μεγέθους

723 3671 776 3715 ³5
809 3650 943 3733 (ἐστὶ
982 3651 1087 3733 γὰρ
1136 3649 1380 3729 μεγίστη)
1436 3646 1621 3708 τούτου
1666 3647 1927 3729 τετύχηκε
1966 3652 2059 3707 τοῦ
2102 3647 2384 3723 ὀνόματος,

803 3738 943 3799 ἀλλὰ
967 3739 1055 3800 διὰ
1076 3739 1143 3799 τὰ
1166 3740 1220 3797 ἐν
1248 3738 1381 3817 αὖτῇ
1406 3735 1582 3817 βράχη
1596 3758 1611 3773 ·
1632 3734 1728 3804 τὰς
1744 3736 1849 3818 γὰρ
1870 3735 2137 3814 ἀμπώτεις
2152 3734 2388 3814 γίνεσθαι

806 3828 963 3888 κάκεῖ
989 3826 1269 3906 μεγίστας,
1296 3824 1373 3905 μὴ
1402 3824 1501 3904 [δ’]
1533 3823 1827 3904 αὖθήμερον
1857 3821 2229 3902 μεταὸάλλειν,
2262 3818 2382 3880 ἀλλ’

805 3916 895 3978 ἰπὶ
930 3917 1177 3976 πλεῖστον
1206 3915 1503 3995 ἀναχωρεῖν
1530 3914 1717 3993 χρόνον
1746 3911 1807 3972 τὸ
1848 3911 2018 3993 ὕδωρ,
2047 3910 2139 3970 καὶ
2165 3908 2257 3976 τὰς
2286 3914 2386 3990 ῥα-

802 4006 927 4087 χίας
956 4004 1093 4083 μετᾶι
1114 4001 1209 4075 τὴν
1240 4001 1580 4084 ἀναχώρησιν
1604 4000 2039 4079 ἀναξηραίνεσθαι
2056 4045 2074 4072 ,
2105 3997 2240 4060 ὥστε
2264 3997 2383 4065 τοὺς

721 4114 776 4155 w
802 4080 1089 4172 πλέοντας,
1120 4096 1165 4153 εἶ
1188 4090 1517 4171 περιπίσοιέν
1546 4113 1675 4149 ποτε
1706 4090 1875 4171 τούτῳ
1917 4094 1993 4170 τῷ
2037 4088 2218 4160 πάθει,
2248 4089 2376 4147 ὓπο-

804 4182 1149 4265 στηρίξαντας
1226 4181 1287 4240 τὸ
1356 4182 1537 4238 πλοῖον
1614 4176 1915 4236 ἀναὸαίνειν
1986 4175 2221 4255 καθάπερ
2307 4176 2378 4241 εἰς

801 4270 927 4343 ἤπει
960 4290 1036 4330 ον.

880 4292 959 4421 :ull
1001 4355 1214 4428 Ταύτης
1253 4352 1308 4413 δὲ
1358 4358 1450 4427 τῆς
1491 4352 1759 4424 θαλάσσης
1801 4350 2103 4431 ὑπέρκειται
2136 4353 2171 4421 ἡ
2211 4347 2370 4421 λοιπὴ

802 4450 837 4517 ἡ
867 4442 1017 4525 παρὰ
1038 4440 1137 4515 τὴν
1165 4441 1397 4519 ἤπειρον·
1427 4438 1518 4500 καὶ
1542 4437 1657 4498 ἔστι
1685 4438 1781 4517 μὲν
1811 4440 1969 4510 αὐτῆς
1999 4436 2244 4515 μέγιστον
2274 4436 2373 4512 μὲν

2495 932 2644 1005 longe
2664 953 2695 988 a
2721 936 2829 989 suis
2852 938 3074 1007 quisque
3091 938 3237 992 ostiis
3260 938 3572 991 scaturiunt.

2565 1038 2652 1091 30.
2686 1038 2830 1091 Inter
2857 1041 3144 1112 Europaeos
3167 1039 3400 1113 palmam
3425 1050 3570 1094 tenet
3595 1040 3726 1095 citra
3751 1054 4088 1098 controver-

2491 1139 2620 1192 siam
2651 1141 2798 1206 Ister,
2829 1142 2919 1211 qui
2950 1142 3266 1213 proveniens
3301 1160 3368 1196 ex
3402 1141 3531 1197 locis
3561 1141 3992 1199 occidentalibus
4027 1158 4088 1201 ct

2491 1250 2567 1296 tot
2595 1253 2772 1313 gentes
2795 1244 3135 1316 regionesque
3153 1246 3410 1299 transiens
3435 1262 3492 1299 se
3509 1246 3566 1299 in
3589 1248 3818 1301 Pontum
3843 1246 4078 1302 condit.

2489 1343 2720 1396 Proximi
2746 1342 3106 1413 magnitudine
3122 1344 3498 1415 Borysthenes,
3529 1344 3733 1399 Vistula
3747 1388 3764 1412 ,
3788 1347 4005 1400 Tanais
4027 1360 4087 1402 et

2488 1442 2722 1497 Rhenus.
2743 1444 2875 1498 Sunt
2893 1454 2946 1497 et
2963 1444 3048 1497 alii
3067 1443 3214 1499 fluvii
3241 1447 3412 1516 magni
3434 1447 3572 1499 circa
3589 1448 3719 1501 ostia
3733 1488 3748 1512 ,
3765 1450 4082 1519 prasertim

2487 1543 2775 1611 Eridanus,
2814 1544 3000 1599 Iberus
3018 1582 3033 1609 ,
3085 1546 3239 1599 Baetis
3256 1585 3273 1611 ,
3316 1546 3556 1618 Sequana
3571 1586 3588 1611 ,
3635 1548 3827 1601 Durias
3883 1560 3948 1603 et
3979 1551 4084 1621 qui

2485 1658 2609 1700 sunt
2629 1647 2766 1701 circa
2795 1647 3134 1703 Rhodanum.

2558 1742 2646 1798 31.
2684 1744 2748 1797 In
2770 1741 2942 1797 Africa
2964 1743 3224 1796 maximus
3243 1752 3322 1797 est
3345 1741 3525 1808 Nilus,
3551 1741 3810 1815 siquidem
3836 1764 3908 1798 ex
3935 1744 4079 1799 locis

2485 1830 2621 1885 ultra
2646 1841 2960 1903 aequatorem
2980 1832 3035 1885 in
3055 1832 3377 1904 penitissima
3399 1829 3624 1885 meridie
3649 1832 3764 1885 sitis
3790 1833 4072 1896 defertur.

2483 1930 2536 1973 ct
2562 1920 2616 1973 in
2639 1938 2785 1973 mare
2809 1931 3049 1976 nostrum
3079 1920 3316 1975 decurrit
3340 1920 3578 1975 flexuoso
3604 1931 3811 1987 meatu,
3833 1932 3898 1976 ut
3927 1940 4076 1976 con-

2481 2016 2784 2059 sentaneum
2805 2004 3176 2078 est,siqnidem
3206 2004 3262 2060 id
3291 2006 3570 2059 fluminum
3598 2008 3896 2079 proprium.
3921 2010 4070 2062 Pro-

2481 2092 2648 2149 babile
2667 2094 2825 2165 igitur
2841 2104 2919 2148 est
2934 2095 3112 2166 potius
3129 2112 3167 2148 a·
3185 2093 3375 2166 pluviis
3399 2094 3502 2149 illic
3524 2094 3883 2149 obtinentibus
3902 2137 3920 2161 ,
3947 2114 4070 2168 quo

2481 2191 2713 2255 tempore
2735 2178 2874 2254 apud
2903 2198 3000 2234 nos
3021 2192 3101 2235 est
3126 2192 3302 2247 testas,
3327 2199 3486 2252 quam
3512 2199 3544 2235 a
3567 2184 3688 2237 nive
3704 2181 3916 2237 alveum
3943 2182 4069 2255 ejus

2478 2286 2656 2324 annuo
2683 2279 2919 2341 ternpore
2959 2268 3128 2323 facere
3167 2267 3588 2325 inundationem.
3638 2270 3894 2325 Praeterea
3953 2272 4066 2325 Ba·

2478 2354 2660 2427 grada,
2687 2373 2854 2428 prope
2898 2355 3266 2426 Carthaginem
3314 2354 3511 2420 fluens,
3563 2356 3688 2411 item
3733 2357 3942 2430 Cinyps
3988 2356 4065 2411 ab

2480 2444 2704 2496 maxime
2761 2441 3011 2495 austrinis
3072 2440 3376 2512 regionibus
3429 2442 3709 2497 decurrere
3765 2444 4052 2501 videntur.

2475 2529 2692 2583 Illorum
2723 2548 2845 2583 vero
2884 2528 2977 2601 qui
3015 2546 3110 2602 per
3135 2529 3442 2584 interiorem
3485 2530 3802 2603 AEthiopiam
3831 2534 4055 2596 fluunt,

2475 2618 2672 2689 quique
2691 2616 2899 2670 initium
2920 2626 2971 2669 et
2987 2615 3146 2669 finem
3170 2616 3226 2669 in
3255 2617 3560 2670 continente
3576 2616 3768 2671 habeut
3781 2657 3797 2683 ‚
3825 2620 4056 2673 maximi

2475 2712 2597 2757 sunt
2619 2703 2717 2757 Gir
2737 2713 2789 2757 ct
2809 2702 2978 2773 Nigir.

3007 2828 3088 2872 Xt.
3117 2830 3181 2872 De
3199 2838 3364 2883 magno
3383 2828 3510 2873 mari.

2545 2950 2633 3002 32.
2673 2951 2942 3017 Quantum
2967 2948 3125 3001 maris
3147 2947 3365 3001 maximi
3388 2948 3442 3000 in
3466 2946 3719 3000 orientem
3739 2957 4048 3018 porrectum

2473 3035 2628 3091 simul
2655 3046 2892 3089 austrum
2935 3036 3148 3108 respicit
3185 3048 3236 3089 et
3263 3036 3556 3105 incognitas
3591 3044 3752 3088 terras
3777 3034 3959 3101 alluit,
3992 3034 4050 3089 id

2473 3123 2725 3181 Prasodes
2754 3135 3000 3188 vocaturg
3031 3123 3224 3178 dicitur
3249 3126 3393 3177 enim
3419 3125 3594 3178 colore
3631 3122 3732 3177 tale
3773 3142 3884 3179 esse
3921 3125 4048 3197 plu-

2475 3213 2775 3281 rimumque
2797 3210 2852 3263 in
2878 3228 2943 3264 eo
2971 3211 3112 3263 nasci
3139 3219 3191 3263 ct
3219 3210 3510 3263 maximum
3543 3226 3779 3263 muscum
3796 3250 3813 3274 ,
3848 3211 4046 3265 viroris

2475 3296 2752 3363 aemulum,
2781 3295 2923 3351 unde
2949 3295 3168 3349 viridem
3198 3295 3267 3349 illi
3298 3298 3524 3369 speciem
3547 3297 3810 3350 conciliari
3841 3298 4044 3369 proba-

2475 3384 2759 3528 bdgssieistdb
2785 3470 2873 3526 illo
2895 3470 3108 3525 boream
3140 3488 3318 3524 versus
3333 3468 3473 3542 jacet
3498 3488 3669 3535 mare,
3702 3470 3848 3542 quod
3872 3473 4044 3525 Breve

2475 3569 2690 3640 dicitur,
2716 3587 2824 3623 non
2864 3566 3078 3640 quidem
3104 3577 3320 3639 propter
3357 3564 3664 3620 brevitatem
3689 3565 3841 3637 spatii
3873 3564 4043 3631 (latis-

2474 3672 2604 3724 sime
2625 3670 2766 3723 enim
2793 3670 2979 3741 patet),
3006 3664 3097 3719 sed
3133 3662 3202 3717 ob
3225 3662 3571 3735 frequentiam
3597 3662 3652 3715 in
3675 3680 3740 3716 eo
3767 3660 4035 3715 brevium.

2475 3767 2640 3840 Ajunt
2683 3769 2822 3822 enim
2864 3776 3084 3819 aestuum
3125 3762 3562 3834 reciprocationes
3586 3759 3692 3814 illic
3728 3761 4038 3830 contingere

2478 3866 2724 3919 maximas
2739 3903 2754 3929 ,
2781 3860 2871 3917 sed
2896 3878 3058 3933 aquas
3081 3876 3188 3913 non
3213 3858 3350 3911 intra
3372 3855 3600 3911 eundem
3627 3854 3768 3909 diem
3798 3856 3997 3913 mutari
4017 3895 4032 3919 ,

2473 3977 2652 4015 verum
2678 3957 2980 4029 longissimo
3008 3965 3242 4026 tempore
3267 3950 3552 4006 destituere
3571 3969 3690 4005 suas
3720 3951 3930 4023 plagas,
3961 3953 4036 4003 ita

2471 4069 2528 4113 ut
2549 4056 2749 4129 scopuli
2775 4062 2893 4125 post
2909 4067 3169 4106 recessum
3190 4050 3537 4112 exsiccentur,
3567 4057 3621 4101 et
3649 4049 3694 4101 si
3727 4046 3863 4103 sorte
3883 4047 4035 4101 navi·

2469 4158 2697 4226 vigentes
2740 4153 2794 4205 in
2833 4146 3138 4221 hujusmodi
3171 4164 3347 4201 casum
3387 4144 3654 4209 incidant,
3679 4143 4034 4197 suffulcientoe

2468 4270 2651 4308 navem
2674 4246 2994 4304 exscendant
3014 4245 3154 4300 velut
3179 4246 3236 4298 in
3257 4245 3636 4299 continentem.

2534 4441 2622 4503 34.
2663 4438 2834 4509 Supra
2855 4434 2959 4488 hoc
2983 4448 3124 4486 mare
3140 4428 3282 4502 jacet
3305 4427 3570 4501 reliquum
3601 4426 3743 4498 quod
3773 4436 3853 4480 est
3875 4424 4028 4497 juxta

717 4550 771 4591 ⁴5
800 4532 1025 4592 Ἰνδικὸν
1058 4531 1318 4609 πέλαγος,
1347 4531 1400 4587 ἐν
1444 4518 1488 4610 ᾧ
1533 4526 1845 4607 χερρόνησοι
1888 4525 1979 4584 καὶ
2020 4526 2207 4584 κόλποι
2233 4522 2370 4585 πάνυ
2463 4525 2837 4583 continentem.
2867 4518 3040 4591 Hujus
3075 4517 3368 4572 maximum
3407 4525 3486 4569 est
3511 4514 3720 4587 pelagus
3746 4512 4025 4579 Indicum,

866 4701 899 4769 S
921 4715 1012 4769 29.
1033 4728 1101 4739 -
1130 4715 1178 4752 1.
1212 4695 1418 4767 Ῥύμνος
1450 4694 1622 4760 editt.;
1654 4691 1871 4765 Ῥύμμος
1895 4690 2054 4747 codd.
2078 4703 2131 4747 et
2146 4690 2365 4746 Ptole-m.
2467 4684 2661 4761 μυρίαν]
2676 4680 2764 4748 τὴν
2775 4678 2972 4751 πορείαν
2988 4672 3155 4769 ²⁰⁶⁶:
3165 4684 3216 4728 et
3229 4671 3736 4744 editt.ss--22.Kiv·.rlo
3748 4675 3860 4733 ΒΕ,
3873 4669 4028 4740 Κίνιψ

796 4783 851 4843 6,
910 4782 994 4842 14,
1040 4794 1075 4830 2
1130 4795 1186 4849 p.
1240 4778 1364 4840 425,
1416 4775 1499 4828 13.
1555 4774 1577 4843 ΙΙ
1609 4802 1680 4815 -
1738 4770 1873 4845 Ῥᾶς]
1930 4768 2052 4835 Ῥῶς
2107 4770 2265 4825 codd.
2312 4779 2366 4824 et
2463 4765 2758 4836 vulgo.Pro
2785 4759 2868 4831 Γίρ
2893 4767 2946 4811 et
2969 4755 3116 4827 Νίγιρ
3141 4772 3194 4808 in
3229 4753 3507 4808 Ptolemaeo
3525 4759 3607 4805 est
3623 4749 3731 4821 Γεὶρ
3753 4759 3806 4803 et
3825 4746 4021 4820 Νίγειρ.

793 4858 1049 5006 ἐὼςηοῖἲο.
1069 4966 1145 4977 --
1172 4956 1227 5005 9.
1268 4933 1575 4994 ’Ῑουστούλας
1594 4930 1762 4996 codd3
1794 4929 1985 4985 deinde
2009 4931 2157 4998 Βέτης
2180 4928 2364 4994 codd„

796 5015 933 5078 Βέτις
959 5016 1137 5080 editt.;
1164 5014 1446 5081 Σηκουάνας
1467 5010 1617 5065 editt.

864 5098 895 5164 S
912 5096 1000 5150 31.
1019 5124 1091 5136 —
1109 5098 1194 5159 14.
1212 5092 1397 5165 Διὸυκῇ
1410 5092 1677 5162 E.ss-18.
1701 5088 2127 5152 Αιηοὼςπιθανὸν
2148 5086 2369 5159 ἶπιθανὸς

792 5180 911 5239 BD,
946 5175 1165 5238 πιθανὼς
1192 5173 1311 5246 (sic)
1344 5172 1420 5245 A]
1449 5171 1688 5227 lacunam
1708 5182 1893 5225 notant
1917 5168 2066 5225 editt.
2098 5170 2363 5224 Sententia

2531 4849 2560 4915 S
2585 4844 2672 4897 32.
2720 4835 3101 4911 προσγίγνεσθαι
3143 4832 3296 4888 editt.
3335 4832 3358 4903 ΙΙ
3404 4860 3473 4872 --
3507 4833 3538 4898 S
3580 4829 3666 4883 33.
3705 4826 3890 4899 βράχη]
3933 4824 4019 4881 Cf.

2458 4926 2590 4981 Ptol.
2625 4926 2678 4989 4,
2706 4924 2738 4976 8
2759 4937 2773 4974 :
2875 4916 3162 4988 Βαρὸαριγῷ
3179 4911 3370 4985 κόλπῳ,
3387 4912 3442 4973 ὃς
3455 4909 3682 4963 καλεῖται
3708 4907 3920 4978 βραχεῖα
3936 4906 4023 4959 θά-

2460 5004 2623 5060 λασσα
2641 5001 2722 5055 διὰ
2739 4999 2802 5055 τὰ
2819 4998 3003 5071 βράχη.
3029 4995 3051 5065 l}
3071 5024 3140 5036 -
3157 4992 3244 5045 36.
3277 4990 3542 5062 ἀμπώτεις]
3577 4986 3853 5059 Ξμπτώσεις
3869 4984 4021 5039 editt.

2459 5084 2664 5140 Deinde
2684 5091 2803 5155 post
2823 5076 2888 5150 μὴ
2913 5076 3108 5131 inserui
3121 5072 3194 5130 δὲ.
3209 5072 3430 5125 Vossius
3447 5068 3517 5124 ad
3539 5067 3728 5123 Melam
3759 5083 3808 5131 1,
3833 5082 3898 5135 19
3911 5066 4020 5117 haec

2459 5165 2613 5219 verba
2642 5159 2868 5217 auctoris
2902 5168 3029 5212 tunc
3064 5151 3302 5208 nondum
3329 5148 3454 5204 editi
3481 5147 3697 5203 laudans
3725 5147 3797 5199 ita
3818 5144 3974 5199 habet
4001 5158 4016 5195 z

793 5257 1081 5312 verborum
1113 5253 1312 5328 pendet
1356 5272 1422 5308 ex
1467 5263 1669 5307 antece.
1706 5268 1719 5305 :
1748 5250 2036 5323 ὁρμώμενος
2078 5248 2131 5303 ἐκ
2170 5253 2267 5302 τῶν
2300 5246 2363 5301 ἐν
2456 5246 2539 5300 καὶ
2569 5242 2634 5315 μὴ
2667 5238 3008 5312 αὗθημερινδν.
3038 5238 3060 5305 11
3083 5236 3205 5302 —S
3232 5233 3320 5296 34.
3343 5261 3412 5273 -
3434 5234 3531 5324 fil..
3557 5227 3588 5296 ἡ
3619 5226 3767 5298 παρὰ]
3791 5224 3874 5279 καὶ
3889 5222 4018 5318 παρὰ

797 5338 985 5408 βάθει
1029 5338 1139 5403 τῆς
1185 5333 1576 5406 μεσημὸρίας
1612 5332 1777 5386 τόπων
1814 5334 1837 5399 ss
1864 5360 1935 5373 --
1958 5346 2045 5387 20.
2077 5325 2166 5395 τὴν
2197 5328 2364 5399 πλημ-
2459 5322 2615 5381 codd.
2647 5334 2699 5377 et
2719 5321 2871 5376 editt.
2894 5322 2914 5364 Ιί
2935 5333 3070 5372 -—1.
3097 5316 3125 5367 ὅ
3153 5314 3226 5384 τε]
3257 5308 3536 5375 &nedum
3557 5306 3844 5379 Γαγγιτικός
3863 5304 4014 5359 editt.
