4584 6284
826 479 939 534 52⁴

2128 473 2409 537 ‘1011th
2448 474 2670 536 omns

736 602 792 661 ,Α
823 603 941 656 nica
958 642 974 669 ,
1007 620 1124 674 quoe
1144 604 1253 657 sola
1280 606 1337 658 in
1364 622 1419 658 se
1444 603 1619 659 studia
1641 604 1839 659 babens
1860 604 2099 659 sufficere
2125 605 2225 659 sibi
2256 616 2374 659 tan·
2464 616 2677 661 vocatur
2715 605 2936 665 Salonae.
2967 607 3316 680 Dyrrachium
3353 626 3479 663 vero
3503 621 3722 683 propter
3755 612 4002 667 malitiam

820 701 937 746 tum
962 702 1152 764 potest.
1210 694 1306 747 Est
1327 694 1469 747 enim
1490 694 1759 765 provincia
1780 692 1951 747 brevis
1976 704 2029 747 et
2056 696 2372 761 montensis,

819 796 938 850 quae
958 778 1131 850 fruges
1154 780 1341 850 gignit,
1374 778 1549 833 oleum
1572 797 1787 852 perraro
1812 798 2038 852 paucum
2068 790 2120 834 et
2147 781 2247 834 mel
2278 789 2373 835 At-

822 866 1007 930 ticum,
1034 876 1088 919 et
1108 867 1273 937 magis
1298 866 1437 920 sama
1464 866 1719 921 doctrinae
1740 877 1790 921 et
1811 878 2078 922 oratorum
2100 868 2263 938 gloria
2289 869 2376 923 ‹le-

817 962 1053 1009 coratur.
1080 952 1249 1008 Habet
1274 964 1452 1008 autem
1474 954 1709 1008 civitates
1730 954 1953 1026 optimas
1979 954 2294 1009 Corinthum
2323 967 2376 1011 et

820 1038 1083 1094 Athenas.
1139 1039 1429 1094 Corinthus
1472 1041 1697 1111 negotiis
1740 1042 1872 1112 viget
1881 1060 1897 1107 ς
1950 1040 2109 1095 babet
2149 1052 2202 1094 et
2240 1060 2373 1114 opus

814 1127 1143 1198 praecipuum
1166 1126 1651 1200 amphitheatrum,
1676 1127 1893 1182 Athenai
1916 1144 2042 1180 vero
2063 1126 2174 1180 sola
2198 1126 2371 1181 studia

813 1212 1105 1269 literarum.
1135 1214 1401 1268 laconica
1416 1215 1647 1269 Crocino
1663 1225 1868 1269 tantum
1887 1213 2080 1287 lapide,
2104 1231 2263 1285 quem
2287 1213 2372 1267 di-

812 1308 941 1353 cunt
971 1298 1435 1355 lacedemoniam
1450 1340 1465 1364 ,
1492 1302 1669 1355 ornari
1689 1311 1917 1373 putatur.

884 1386 973 1441 53.
1007 1389 1136 1441 Post
1170 1384 1423 1458 Achajam
1460 1388 1611 1460 Epiri
1638 1397 1809 1460 partes
1834 1398 1887 1441 et
1911 1389 2101 1442 civitas
2133 1388 2365 1460 Ephyra.

811 1477 938 1530 Post
958 1476 1103 1530 hanc
1132 1475 1435 1549 Nicopolis,
1461 1494 1580 1549 quae
1606 1477 1803 1548 piscem
1831 1476 2057 1530 multum
2102 1477 2367 1530 marinum

814 1564 1065 1619 abundat.
1102 1564 1230 1619 Post
1262 1565 1402 1619 hanc
1426 1563 1583 1637 paulo
1616 1564 1859 1635 superius
1874 1563 2134 1617 Dalmatia
2154 1558 2247 1617 'est
2276 1581 2368 1617 ne-

817 1653 967 1723 gotiis
995 1654 1174 1723 vigens
1218 1663 1273 1706 et
1296 1653 1496 1725 species
1533 1663 1641 1706 tres
1678 1651 1826 1705 utiles
1854 1652 2067 1705 mittens
2089 1692 2104 1717 ,
2135 1668 2364 1716 cascum,

818 1742 955 1810 tigna
974 1751 1026 1794 et
1054 1740 1274 1795 serrum.
1313 1742 1385 1794 Et
1413 1740 1573 1794 habet
1594 1741 1858 1795 civitatem
1888 1739 2219 1813 splendidam
2249 1760 2366 1813 quie

742 1894 790 1954 B
817 1898 1029 1971 Acbaja,
1055 1900 1256 1954 Graecia
1282 1910 1336 1953 et
1365 1900 1621 1953 laconica
1648 1910 1784 1955 terra
1800 1940 1816 1967 ,
1838 1918 1955 1972 quae
1978 1900 2033 1954 in
2052 1918 2109 1954 se
2136 1899 2357 1973 [studia]

820 1985 1033 2051 habens,
1057 2004 1163 2039 non
1176 1987 1251 2040 sic
1275 1986 1407 2052 aliis,
1427 1986 1663 2041 sufficere
1688 1986 1787 2042 sihi
1813 1998 2013 2061 potest3
2037 2005 2159 2041 nam
2174 1998 2227 2041 et
2255 1988 2366 2059 ipsa

822 2072 1087 2144 provincia
1108 2072 1281 2125 brevis
1304 2084 1383 2127 cst
1405 2084 1458 2127 et
1482 2083 1776 2141 montuosa,
1794 2083 1846 2127 et
1864 2090 1971 2127 non
1987 2084 2192 2127 tantum
2208 2072 2366 2143 frugi·

826 2159 935 2213 sera
953 2168 1121 2230 potest
1145 2176 1287 2225 esse3
1314 2158 1485 2213 oleum
1510 2177 1633 2215 vero
1655 2178 1717 2215 ex
1738 2177 1907 2234 pauco
1929 2170 2173 2231 generat,
2193 2170 2246 2213 et
2264 2158 2364 2212 mel

830 2248 1059 2303 Atticum
1076 2285 1092 2312 ,
1136 2257 1189 2300 et
1220 2248 1383 2317 magis
1424 2247 1558 2303 sama
1582 2247 1937 2304 doctrinarum
1977 2258 2031 2304 et
2066 2250 2363 2303 orationum

830 2334 1105 2407 glorificari
1140 2344 1342 2407 potest,
1394 2336 1449 2390 in
1489 2336 1599 2391 aliis
1623 2338 1761 2391 enim
1789 2354 1946 2410 quam
1975 2337 2217 2410 plurimis
2258 2354 2366 2391 non

822 2423 921 2475 sic.
952 2422 1195 2476 Civitates
1214 2432 1390 2475 autem
1413 2420 1565 2475 habet
1581 2422 1672 2477 has
1682 2462 1699 2489 ,
1715 2422 2025 2478 Corinthum
2038 2433 2092 2477 et
2113 2422 2364 2493 Athenas,

826 2507 1139 2562 Corinthum
1176 2506 1318 2561 enim
1343 2506 1599 2561 civitatem
1624 2508 1835 2563 munitam
1864 2510 1919 2563 in
1945 2508 2167 2580 negotiis
2194 2518 2249 2561 et
2274 2508 2362 2562 ha·

822 2593 1036 2648 beatem
1060 2612 1191 2667 opus
1229 2595 1546 2667 praecipuum
1572 2589 1959 2667 amphitheatri,
1986 2594 2218 2650 Athenas
2244 2612 2367 2649 vero

825 2691 881 2735 et
915 2680 1155 2735 historias
1198 2680 1435 2752 antiquas
1478 2691 1530 2735 et
1573 2680 1765 2753 aliquid
1803 2681 2019 2751 dignum
2066 2682 2363 2746 nominatu,

828 2786 1005 2823 arcem
1022 2809 1037 2836 ,
1068 2768 1161 2823 ubi
1207 2768 1385 2823 multis
1410 2769 1592 2824 statuis
1634 2769 1885 2823 stantibus
1911 2768 2147 2822 mirabile
2184 2777 2262 2822 est
2298 2769 2370 2822 vi·

834 2856 963 2912 dere
1002 2856 1281 2911 dicendum
1318 2858 1653 2929 antiquorum
1695 2856 1901 2911 bellum.
1952 2856 2211 2911 Laconica
2246 2873 2369 2911 vero

825 2946 941 3001 solo
966 2946 1192 3001 Crocino
1228 2944 1426 3018 lapide,
1465 2963 1621 3016 quem
1656 2944 1838 2999 dicunt
1875 2944 2364 3009 Lacedaemonium,

827 3036 1007 3089 ornari
1034 3044 1267 3105 putatur.

902 3121 992 3175 53.
1015 3120 1141 3175 Post
1162 3117 1415 3189 Acbajam⁴
1434 3128 1511 3173 est
1538 3118 1771 3172 invenire
1796 3118 1940 3190 Epiri
1963 3128 2136 3189 partes
2166 3128 2218 3171 et
2239 3117 2366 3171 civi·

824 3217 986 3261 tatem
1009 3222 1127 3278 quoe
1152 3205 1227 3258 sic
1244 3215 1455 3259 vocatur
1482 3204 1725 3277 Ephyram
1752 3203 2019 3277 provincia
2044 3220 2169 3256 vero
2196 3219 2228 3256 a
2254 3201 2371 3273 qui·

824 3292 1051 3347 busdam
1075 3292 1299 3364 Epirus,
1330 3309 1362 3345 a
1388 3289 1700 3362 quibusdam
1740 3288 1946 3345 AEtolia.
1979 3288 2174 3342 Civitas
2213 3288 2368 3344 Nico·

822 3379 988 3453 polis,
1034 3396 1153 3450 quae
1187 3378 1381 3450 piscem
1436 3376 1661 3430 multum
1703 3376 1961 3429 marinum
2000 3372 2267 3439 abundat,
2307 3384 2368 3428 ut

822 3466 975 3522 odire
1000 3466 1225 3539 speciem
1258 3463 1521 3518 videntem
1546 3462 1882 3535 aliquantam.
1905 3463 2035 3515 Post
2058 3461 2195 3516 hanc
2214 3461 2370 3535 paulo

892 3635 924 3701 S
964 3631 1052 3684 53.
1090 3632 1158 3685 Α.
1194 3627 1430 3702 Ephyra]
1468 3626 1710 3699 Ephyrus
1746 3624 2044 3691 codd.,nisi
2071 3622 2217 3697 quod
2244 3624 2300 3678 in
2323 3629 2368 3679 A

820 3710 1025 3785 Epirus
1042 3708 1162 3764 cod.
1180 3707 1636 3778 Pauli—caseum]
1661 3705 1743 3760 Cf.
1761 3705 1956 3759 Plinius
1992 3723 2072 3769 11,
2104 3708 2192 3769 42,
2220 3707 2370 3774 5240

820 3790 887 3845 ed
909 3786 1557 3861 Sillig.{1—Qy·rmchium]
1577 3786 1925 3857 Hieronymus
1952 3784 2153 3839 Chrou.
2183 3782 2249 3836 ad
2280 3801 2364 3837 an.

818 3872 925 3935 346
948 3889 1003 3944 p.
1034 3868 1188 3933 chr„
1214 3886 1299 3924 an.
1335 3870 1368 3923 8
1393 3864 1683 3921 Constantii
1704 3866 1831 3936 imp.
1854 3881 1868 3917 :
1894 3862 2239 3933 Dyrrachium
2263 3880 2372 3915 coe*-

816 3949 932 4003 ruit
975 3959 1125 4003 τινα
1162 3958 1309 4002 mom
1332 3956 1387 3999 et
1424 3943 1597 3998 eribus
1637 3942 1875 3997 noctibus
1914 3959 1981 3995 ac
2002 3940 2185 3995 diebus
2210 3944 2372 3995 Roma

815 4028 1059 4093 nutavit,
1068 4026 1417 4102 plurimo-que
1446 4021 1741 4097 campaniae
1763 4021 1909 4075 urbes
1932 4032 2157 4076 ‘en-tate.
2183 4018 2372 4074 Cedre-

818 4127 917 4163 uus
945 4107 1015 4163 ad
1049 4106 1355 4163 Constantii
1385 4122 1475 4158 an.
1505 4122 1539 4174 9
1566 4119 1581 4156 :
1610 4103 1693 4174 Τῷ
1730 4100 1779 4154 Θ’
1802 4100 1899 4155 ἔτει
1924 4100 2193 4171 Δυρράχιον
2230 4098 2372 4164 πόλις

806 4193 903 4257 τῆς
922 4186 1206 4260 Δαλματίας
1223 4184 1319 4239 ὑπὸ
1346 4186 1550 4255 σεισμοῦ
1572 4181 1799 4253 διεφθάρη
1815 4220 1830 4245 ,
1846 4179 1931 4233 καὶ
1959 4177 2127 4251 Ῥώμη
2148 4177 2198 4233 ἔν
2218 4178 2370 4249 τρισὶν

813 4268 1151 4323 ἐκινδύνευσεν
1181 4262 1388 4335 ἡμέραις
1412 4260 1637 4331 σειομένη
1653 4298 1669 4324 ,
1696 4262 1783 4325 τῆς
1804 4257 1856 4312 δὲ
1882 4258 2161 4329 Καμπανίας
2196 4256 2257 4309 ιδ’
2280 4258 2369 4311 πό-

811 4349 914 4412 λεις
954 4346 1300 4420 διεφθάρησαν.
1353 4342 1375 4411 ΙΙ
1401 4342 1559 4393 —In
1597 4338 1636 4392 B
1677 4336 1846 4406 magis
1872 4355 1993 4391 vero
2032 4336 2216 4392 codex.
2253 4338 2275 4407 ΙΙ
2301 4367 2369 4378 -

812 4429 1034 4500 birrum]
1082 4426 1291 4497 byrrmn
1333 4418 1455 4476 cod.
1500 4420 1563 4473 B.
1603 4416 1687 4472 Cf.
1727 4416 2006 4487 Augustin.
2040 4432 2267 4471 sermon.
2303 4414 2369 4469 de

810 4508 1003 4563 divers.
1035 4509 1124 4575 49,
1150 4501 1323 4557 Edict.
1351 4498 1569 4553 Dioclet.
1602 4514 1658 4569 p.
1698 4512 1788 4559 203
1826 4494 2081 4566 Vopiscus
2110 4494 2285 4549 Carin.
2316 4511 2364 4547 c.

806 4604 903 4652 ao;
929 4582 1252 4642 Artemidor.
1284 4579 1431 4635 AEth.
1457 4595 1510 4640 a.
1538 4578 1593 4643 35
1622 4575 1807 4631 Suidas
1842 4591 1890 4629 v.
1921 4574 2115 4645 Βίρρον.
2155 4574 2365 4627 Ducan-

805 4665 925 4735 gius
952 4666 1082 4718 Lex.
1111 4672 1166 4716 et
1206 4658 1387 4731 Steph.
1414 4656 1574 4712 Thes.
1613 4673 1659 4709 s.
1704 4672 1756 4710 v.
1795 4652 1972 4724 βίρρος.
2008 4653 2031 4723 ΙΙ
2061 4682 2134 4693 -
2148 4662 2370 4725 pmpter

800 4742 951 4817 quod
971 4754 1049 4798 est
1074 4742 1128 4796 in
1146 4739 1428 4801 montibus,
1459 4738 1611 4808 cujus
1638 4752 1809 4789 escam
1828 4731 2138 4787 anirnalium
2157 4730 2364 4785 variam

803 4822 975 4877 codex
995 4824 1060 4876 B.
1784 4824 1787 4829 '

874 4904 904 4969 5
935 4901 1003 4965 54
1026 4900 1089 4955 B.
1111 4902 1244 4952 Post
1260 4896 1395 4967 eam]
1416 4898 1545 4948 Post
1564 4892 1701 4946 enim
1718 4902 1771 4945 et
1795 4908 1921 4945 mox
1942 4898 2183 4959 regnante
2206 4890 2365 4943 Rom

798 4979 922 5035 cod.
962 4980 985 5049 ΙΙ
1011 4981 1136 5046 -ς
1165 4976 1231 5029 55
1264 4979 1334 5029 A.
1360 4971 1550 5043 Italia]
1576 4995 1602 5020 ι
1625 4972 1823 5025 Notatu
1848 4968 2037 5040 dignus
2061 4967 2231 5031 locus,
2255 4984 2364 5037 quo

798 5058 950 5114 Italia
997 5074 1029 5111 a
1074 5054 1313 5109 Calabria
1330 5094 1347 5123 ,
1384 5052 1619 5112 Bruttio.
1664 5048 1945 5120 Campania
1958 5086 1975 5115 ,
2025 5046 2364 5119 appellatione

2460 694 2808 749 habitantium
2851 693 3119 750 destructa
3165 706 3244 750 αἱ
3301 706 3357 751 et
3397 698 3454 751 in
3503 697 3852 770 profundum,
3908 699 4010 755 deo

2461 784 2737 849 irascente,
2781 783 3050 837 submersa
3086 802 3192 838 non
3226 787 3545 857 comparuit.
3627 788 3876 859 Sequitur
3910 790 4010 843 Ca·

2460 869 2624 923 labria
2677 868 3040 924 frumentifera
3075 871 3130 924 in
3183 872 3428 925 omnibus
3462 872 3636 929 bonis.
3702 877 3828 930 Post
3875 876 4014 930 hanc

2459 957 2690 1021 Bruttia,
2755 972 2873 1027 quae
2925 966 3124 1010 vestem
3172 967 3228 1011 et
3283 959 3467 1012 vinum
3513 958 3738 1014 multum
3777 970 3830 1014 et
3880 962 4016 1034 opti·

2458 1060 2602 1096 mum
2631 1043 2811 1097 mittit.
2843 1045 2970 1097 Post
2993 1044 3128 1097 hanc
3159 1046 3392 1098 Lucania
3420 1045 3565 1116 regio
3591 1046 3792 1119 optima
3813 1057 3870 1102 et
3896 1066 4014 1102 om·

2457 1131 2612 1196 nibus
2631 1131 2786 1186 bonis
2812 1130 3087 1185 abundans
3105 1172 3122 1198 ,
3151 1130 3359 1185 lardum
3401 1132 3626 1187 multum
3651 1132 3766 1187 aliis
3795 1136 4015 1207 provin·

2455 1220 2550 1273 ciis
2581 1220 2775 1285 mittit,
2802 1220 3054 1292 quoniam
3083 1229 3294 1274 montes
3320 1218 3431 1291 ejus
3465 1230 3522 1275 et
3549 1222 3708 1275 variis
3735 1220 4016 1278 abundant

2453 1304 2769 1360 animalibus
2785 1316 2840 1360 et
2855 1305 3080 1378 plurima
3097 1323 3310 1377 pascua.

2529 1392 2616 1457 54.
2647 1394 2772 1446 Post
2798 1392 2935 1446 hane
2967 1392 3212 1464 sequitur
3253 1393 3542 1465 Campania
3582 1394 3859 1465 provincia
3899 1412 4014 1449 non

2455 1476 2606 1532 valde
2646 1496 2866 1549 magna,
2906 1476 2998 1531 sed
3023 1476 3126 1531 sibi
3161 1477 3425 1531 sufficiens
3465 1488 3520 1533 et
3537 1479 3680 1533 viros
3705 1478 3898 1535 divites
3919 1480 4015 1535 ha·

2455 1565 2603 1621 bens-

2527 1652 2614 1707 55.
2628 1653 2754 1705 Post
2769 1649 3036 1705 haecltalia
3049 1652 3310 1723 sequitur,
3327 1651 3520 1705 multas
3540 1652 3743 1707 babens
3766 1664 3820 1708 et
3841 1656 4016 1710 varias

2453 1741 2692 1793 civitates
2733 1750 2788 1794 et
2807 1739 2984 1812 plenas
3010 1739 3259 1793 omnibus
3303 1739 3479 1793 bonis.
3513 1741 3651 1795 Sunt
3677 1741 3838 1812 igitur
3872 1742 3934 1795 in
3953 1762 4012 1797 ea

2455 1898 2698 1971 superius
2726 1897 2984 1953 Dalmatia
3021 1908 3129 1965 est,
3159 1916 3276 1971 quae
3299 1898 3356 1953 in
3382 1898 3602 1969 negotiis
3638 1900 3876 1954 eminens
3899 1918 4012 1955 esse

2453 1984 2666 2042 dicitur.
2707 1987 2928 2039 Caseum
2967 1986 3144 2057 itaque
3185 1985 3555 2041 Dalmatenum
3597 1997 3652 2041 et
3681 1988 3826 2059 tigna
3861 1989 4012 2043 tectis

2456 2070 2630 2139 utilia,
2657 2072 2897 2126 similiter
2917 2081 2972 2125 et
3001 2071 3198 2125 ferrum
3213 2109 3230 2133 ,
3255 2082 3362 2125 tres
3383 2072 3605 2144 species,
3631 2090 3755 2127 cum
3781 2073 3890 2127 sint
3911 2073 4014 2127 uti·

2452 2158 2548 2224 lia,
2574 2158 2850 2214 abundans
2875 2160 3084 2215 emittit.
3119 2160 3186 2213 Et
3211 2158 3369 2213 habet
3394 2160 3656 2213 civitatem
3682 2158 4014 2232 splendidam

2452 2246 2710 2302 Salonam.
2749 2245 3097 2318 Dyrrachium
3117 2256 3334 2319 propter
3357 2245 3706 2301 habitantium
3731 2244 4006 2312 malitiam,

2456 2355 2485 2390 a
2512 2334 2640 2403 deo,
2674 2336 2839 2407 magis
2865 2353 2986 2391 vere
3017 2346 3078 2390 ut
3101 2334 3317 2401 dicunt,
3349 2333 3620 2389 descendit
3640 2343 3694 2389 et
3723 2351 3832 2388 non
3854 2351 4016 2407 appa·

2456 2424 2582 2479 ruit.
2613 2422 2820 2477 Deinde
2848 2421 2958 2495 jam
2987 2421 3177 2477 ordine
3211 2423 3498 2495 provincia
3543 2440 3558 2478 ε
3589 2420 3862 2487 Calabria,
3893 2440 4013 2493 quae

2453 2508 2813 2563 frumentil'era
2851 2526 2974 2563 eum
3023 2509 3118 2575 sit,
3163 2506 3398 2563 abundat
3436 2508 3494 2562 iu
3541 2506 3789 2562 omnibus
3825 2506 4008 2575 bonis;

2455 2606 2574 2667 post
2591 2594 2730 2649 hanc
2753 2596 2957 2648 Bruttia
2983 2604 3038 2647 et
3063 2594 3172 2667 ipsa
3196 2595 3394 2666 optima
3418 2611 3585 2665 quum
3617 2595 3712 2657 sit,
3735 2594 4010 2665 negotium

2455 2683 2644 2736 emittit
2669 2694 2861 2737 vestem
2884 2682 3086 2736 bin-nm
3108 2692 3164 2735 et
3183 2682 3364 2736 vinum
3388 2681 3612 2735 multum
3637 2691 3690 2735 et
3707 2682 4006 2753 optimum;

2453 2778 2570 2839 post
2605 2768 2864 2821 Bruttiani
2895 2769 3124 2821 Lucania
3151 2767 3296 2837 regio
3322 2770 3522 2837 optima
3542 2777 3597 2820 et
3618 2768 3730 2839 ipsa
3755 2767 4008 2821 omnibus

2453 2854 2746 2921 abundans,
2778 2853 2869 2925 (et)
2897 2853 3100 2908 lardum
3127 2853 3351 2907 multum
3381 2853 3518 2907 foras
3547 2854 3767 2916 emittit,
3786 2864 4007 2925 propte-

2454 2960 2543 2995 rea
2567 2940 2710 3013 quod
2734 2952 2812 2995 est
2837 2941 2892 2995 in
2931 2941 3196 2995 montibus
3221 2938 3334 3011 ejus
3361 2957 3476 2993 esca
3507 2939 3812 2993 animalium
3834 2940 4003 2994 varia.

2527 3030 2615 3094 54.
2654 3033 2782 3083 Post
2802 3047 2917 3083 eam
2942 3029 3224 3101 Campania
3252 3027 3548 3100 provincia,
3574 3044 3684 3080 non
3713 3026 3862 3081 valde
3890 3028 4005 3097 qui·-

2455 3115 2575 3170 dem
2598 3133 2787 3186 magna
2804 3156 2819 3181 ,
2841 3114 3027 3169 divites
3049 3126 3222 3169 autem
3245 3115 3382 3168 viros
3409 3112 3680 3186 possidens
3699 3115 3883 3186 etipsa
3906 3114 4005 3167 sihi

2453 3201 2716 3256 sufficiens
2738 3212 2793 3256 et
2813 3200 3078 3255 cellarium
3103 3201 3340 3271 regnanti
3363 3203 3567 3257 Roma.

2529 3290 2619 3343 55.
2651 3291 2722 3344 Et
2742 3299 2860 3361 post
2880 3307 2994 3343 eam
3013 3288 3163 3342 Italia
3179 3326 3195 3352 ,
3223 3305 3340 3360 quae
3359 3297 3413 3341 et
3437 3287 3707 3343 nominata
3729 3286 3892 3342 verbo
3918 3306 4004 3342 so·

2456 3371 2566 3427 lum
2592 3384 2684 3428 aut
2711 3374 2765 3428 in
2797 3374 3012 3428 nomine
3035 3372 3250 3444 gloriam
3273 3389 3423 3425 suam
3448 3371 3704 3436 ostendit,
3731 3371 3926 3426 multas
3950 3384 4002 3426 et

2453 3462 2622 3514 varias
2646 3461 2880 3515 civitates
2909 3460 3104 3515 habens
3129 3470 3183 3515 et
3198 3459 3442 3513 omnibus
3457 3458 3610 3513 bonis
3634 3459 3784 3531 plena
3805 3460 4006 3530 tegitur

2451 3623 2583 3678 cebo
2618 3621 2856 3695 pluribus
2893 3621 2960 3678 ad
3001 3622 3163 3694 legem
3189 3625 3222 3676 6
3241 3618 3363 3674 cod.
3383 3618 3591 3674 ΤΙιοοᾶ.
3613 3618 3682 3675 de
3705 3638 3922 3675 annona
3947 3632 4000 3675 et

2451 3704 2578 3759 trib.
2607 3706 2689 3758 Ita
2707 3701 2848 3776 apud
2869 3702 3206 3757 Athanasium
3229 3716 3338 3753 non
3359 3698 3535 3755 semel.
3565 3701 3630 3753 Iu
3663 3698 3851 3771 synodi
3877 3702 3999 3755 Sar-

2453 3780 2679 3835 dicensis
2713 3781 2864 3853 epist.
2887 3778 2954 3833 ad
2985 3776 3364 3833 Alexandrinos
3391 3775 3530 3849 apud
3560 3778 3810 3833 Athanas-
3838 3778 3996 3851 Apol.

2453 3861 2720 4002 aasz?
2733 3856 3671 4009 ssjsszaewmm

2686 3978 2703 4005 9
3025 3976 3042 3999 9
3365 3976 3383 4001 5
3486 3976 3502 3989 ο
3675 3974 3691 3991 ο
3975 3966 4001 3980 ⁴·

2453 4018 2626 4071 nasius
2661 4018 2772 4089 ipse
2797 4015 3088 4088 provincias
3113 4030 3386 4068 recensens
3403 4053 3419 4078 ,
3444 4032 3508 4067 ex
3532 4015 3726 4085 quibus
3752 4013 3819 4068 ad
3843 4032 4001 4086 syno-

2454 4096 2582 4150 dum
2623 4094 2978 4151 Sardicensem
3022 4094 3252 4166 episcopi
3304 4104 3691 4159 convenerunt,
3745 4090 3991 4157 Ἰταλίας,

2453 4175 2669 4244 Πικηνοῦ
2687 4214 2702 4240 ,
2731 4174 2995 4237 Τουσκίας,
3019 4172 3336 4244 Καμπανίας,
3368 4171 3672 4243 Καλαὸρίας,
3711 4169 3996 4237 Ἀπουλίας,

2451 4253 2679 4325 Βρεττίας
2715 4266 2841 4318 etc„
2877 4263 2929 4307 et
2970 4253 3124 4323 epist.
3164 4249 3229 4305 ad
3265 4251 3403 4307 solit.
3429 4252 3523 4305 vit.
3552 4269 3608 4323 p.
3630 4254 3766 4315 640,
3791 4248 3859 4305 de
3884 4252 3998 4323 epi·

2451 4334 2620 4405 scopis
2645 4350 2804 4404 agens
2828 4332 2918 4403 qui
2951 4349 3126 4385 secum
3149 4329 3637 4396 communicabant,
3660 4328 3758 4383 άπό
3796 4348 3880 4393 τε,
3909 4330 3993 4381 in·

2450 4414 2593 4484 quit,
2624 4415 2713 4479 τῆς
2743 4410 2960 4483 μεγάλης
2988 4407 3184 4481 Ῥώμης
3204 4408 3289 4462 καὶ
3311 4411 3400 4474 τῆς
3428 4406 3644 4472 Ἰταλίας
3667 4408 3856 4477 πάσης,
3881 4408 3996 4463 Κα-

2453 4492 2658 4563 >ineptae
2693 4509 2747 4544 τι
2789 4488 2873 4543 καὶ
2913 4488 3167 4551 Ἀπουλίας
3203 4488 3288 4542 καὶ
3327 4487 3644 4559 Καμπανίας,
3676 4486 3908 4558 Βρεττίας
3945 4504 3998 4540 τε

2449 4580 2549 4628 etc.
2575 4597 2598 4619 ι
2628 4572 2910 4626 coenon,
2942 4570 2964 4638 ΙΙ
2990 4598 3064 4610 -
3091 4564 3444 4640 Tiburtinum]
3473 4565 3822 4620 Dabitr-tinum
3847 4566 3988 4627 Par„

2449 4647 2793 4703 Diva-tinum
2822 4646 2878 4702 B.
2909 4646 3027 4717 11-
3041 4644 3217 4699 Verba
3237 4644 3510 4699 civitatem
3534 4642 3993 4697 eminentissimam

2448 4739 2500 4782 et
2538 4726 2758 4797 regalem
2791 4743 2906 4799 quoe
2942 4724 3145 4779 dicitur
3167 4742 3272 4780 om.
3307 4724 3432 4779 Cav.
3487 4723 3509 4793 ΙΙ
3534 4751 3607 4765 -
3646 4722 3996 4795 unusquisque

2451 4806 2658 4860 illorum
2682 4808 2806 4860 Par.
2837 4806 2859 4874 ΙΙ
2885 4834 2955 4845 -
2979 4802 3153 4857 omnia
3195 4800 3534 4870 adscendunt]
3563 4799 3738 4855 omnia
3767 4800 3997 4875 suscipit

2447 4886 2566 4940 Par.
2603 4884 2624 4954 ΙΙ
2651 4912 2726 4925 -
2747 4880 2916 4935 Verba
2939 4880 3104 4935 decem
3127 4892 3178 4934 et
3197 4890 3312 4933 octo
3333 4878 3550 4932 milibus
3656 4876 3806 4931 bonis
3826 4876 3991 4933 abun·

2446 4961 2576 5017 dant
2600 4980 2712 5018 om.
2740 4964 2858 5014 Par.
2889 4961 2912 5029 ΙΙ
2936 4977 3159 5031 —quoa
3184 4957 3238 5012 si
3261 4976 3360 5030 pro
3393 4975 3522 5030 quoe
3547 4956 3602 5011 si
3630 4958 3756 5011 Car⁸
3788 4956 3811 5026 ΙΙ
3837 4958 3989 5011 ——In

2446 5041 2486 5093 B
2503 5057 2517 5094 :
2545 5044 2673 5095 Post
2691 5058 2805 5093 eam
2823 5038 3008 5107 Italia]
3028 5040 3156 5090 Post
3179 5054 3242 5089 ea
3256 5054 3310 5089 m
3330 5035 3552 5090 Italiam
3573 5033 3988 5104 cod.ss—osten·

794 5146 1088 5211 separatur.
1127 5132 1277 5188 Italia
1302 5137 1493 5203 nempe
1519 5128 1725 5201 speciali
1750 5126 2039 5197 significatu
2064 5143 2123 5179 ea
2146 5134 2360 5209 est-qua
2442 5118 2529 5174 die
2547 5119 2623 5173 vel
2650 5118 2895 5189 ostentae]
2923 5114 3159 5169 ostendat
3186 5114 3306 5205 cod.
3332 5116 3468 5168 Dein
3493 5132 3594 5168 non
3613 5125 3742 5203 post
3763 5113 3988 5167 multum

793 5220 963 5272 Roma
994 5214 1160 5269 ferme
1178 5211 1249 5267 ad
1276 5212 1434 5285 Alpes
1455 5209 1715 5272 decurrit;
1737 5223 1845 5277 quo
1866 5222 1989 5259 sane
2012 5204 2088 5257 vel
2110 5202 2353 5275 proximo
2442 5214 2706 5253 narremus
2733 5196 2977 5250 Romulus
2997 5212 3198 5267 puer...
3230 5205 3662 5265 imperatorum...
3696 5210 3750 5245 tn
3784 5210 3898 5245 eam

794 5294 1089 5369 significatu
1132 5292 1337 5347 Italiam
1364 5290 1528 5362 accipi
1558 5289 1767 5343 solitum
1797 5286 1894 5340 bac
1918 5292 2219 5357 tempestate
2257 5280 2352 5335 do-
2390 5313 2398 5331 .
2425 5278 2574 5348 facit
2586 5276 2706 5331 cod.
2735 5277 2758 5345 ΙΙ
2785 5304 2852 5316 -
2871 5274 3235 5347 qualecunque]
3256 5273 3552 5344 qualemque
3569 5270 3688 5325 cod.
3702 5273 3726 5342 {l
3747 5300 3817 5312 —
3835 5270 3987 5325 iama-
