4584 6284
1931 556 2156 619 ossssls
2199 556 2679 619 DESCRIPTIO.

868 686 936 769 ἧς
962 690 1156 773 ἀλόχου
1187 693 1405 771 βουλῇσι
1429 687 1740 771 κακόφρονος
1767 686 2085 766 Αἰγιαλείης.

872 778 1080 851 Ἑξείης
1103 778 1158 840 δὲ
1187 776 1369 858 πόροιο
1393 775 1520 857 πρὸς
1547 774 1708 855 αὐγὰς
1733 774 1926 847 ἠελίοιο

872 867 1128 949 Ἀψύρτου
1149 865 1325 937 νήσων
1347 866 1678 947 ἀναφαίνεται
1699 864 1916 927 ἄσπετος
1939 860 2088 928 ὁλκός
2102 906 2121 937 ,

3787 569 3899 623 188

2352 692 2589 767 conjugis
2610 704 2823 768 propter
2844 694 3057 751 insidias
3072 734 3089 763 ,
3109 694 3347 767 AEgialeoe
3367 696 3579 753 infeste.

2352 780 2558 838 Deinde
2581 781 2637 835 in
2662 781 2765 835 boc
2790 782 2923 835 mari
2946 798 3123 837 versus
3146 791 3325 837 ortum
3342 783 3467 840 solis

2352 866 2693 939 Apsyrtidum
2718 866 3003 922 insularum
3027 876 3240 942 apparet
3263 877 3457 924 tractus
3478 869 3688 940 ingens,

870 955 964 1023 τάς
986 978 1115 1015 ποτε
1142 954 1366 1033 Κόλχων
1389 943 1493 1019 υἷες
1517 952 1822 1031 ἒπίδραμον,
1846 940 1950 1009 εὖτ’
1971 948 2231 1028 ἐμόγησαν
2349 970 2477 1025 quas
2503 953 2631 1008 oiim
2654 952 2969 1009 Colchorum
2988 971 3173 1009 manus
3188 955 3395 1023 invasit,
3411 972 3576 1027 quum
3594 955 3902 1014 defecissent

761 1064 845 1106 tao
866 1044 1016 1124 ίχνια
1045 1040 1388 1119 μαστεύοντες
1413 1041 1668 1114 ἀλήμονος
1690 1036 1956 1109 Αῖητίνης.

870 1130 1075 1204 Ἑξείης
1102 1130 1148 1191 δ’
1170 1129 1257 1190 ἐπὶ
1281 1134 1403 1210 τῇσι
1425 1126 1723 1208 Διὸυρνίδες
1750 1124 2068 1207 ἐρρίζωνται.

875 1220 1018 1299 Πρὸς
1045 1218 1100 1279 δὲ
1127 1218 1272 1279 νότον
1296 1215 1430 1295 μετὰ
1451 1213 1622 1295 δρυμὰ
1643 1212 1903 1295 Κεραύνια
1925 1212 2012 1285 νηὶ
2029 1210 2216 1292 θεούσῃ

869 1306 1017 1378 νῆσοί
1043 1329 1132 1366 κεν
1157 1305 1418 1385 φαίνοιντο
1435 1300 1700 1387 περαιόθεν
1725 1302 1776 1361 Ἀ
1785 1300 2096 1381 μπρακιήων

868 1394 958 1455 καὶ
985 1392 1182 1475 λιπαρὴ
1213 1392 1486 1475 Κόρκυρα,
1515 1390 1656 1471 φίλον
1683 1390 1839 1449 πέδον
1868 1386 2168 1449 Ἀλκινόοιο.

762 1502 841 1543 ⁴0⁵
870 1486 954 1555 Τῇ
980 1483 1027 1542 δ’
1051 1481 1136 1541 ἔπι
1159 1480 1412 1561 Νηρικίης
1438 1480 1638 1550 Ἰθάκης
1662 1476 1774 1545 ἕδος
1799 1475 2102 1555 ἕστήρικται
2121 1516 2140 1547 ,

869 1572 1039 1642 νήσων
1055 1570 1103 1625 τ’
1121 1568 1346 1641 ἀλλάων,
1367 1566 1524 1635 ὅσσας
1543 1569 1592 1625 τ’
1611 1566 1714 1625 ἀπὸ
1741 1564 1999 1631 Χαλκίδος
2024 1562 2198 1643 {pum

713 1763 920 1833 Ἰὅηρίας
946 1761 1236 1831 ίστορηκὼς,
1265 1759 1622 1829 πυνθανόμενος
1647 1755 1698 1810 Bi
1721 1757 1803 1810 καὶ
1823 1755 2038 1811 πλοῦτον
2061 1756 2145 1809 καὶ
2169 1754 2253 1816 τὰς

705 1840 860 1903 ἄλλας
879 1838 1044 1910 ἀρετάς
1074 1837 1145 1907 (oi
1177 1836 1274 1909 γὰρ
1300 1838 1524 1900 Φοινίκες
1563 1834 1765 1903 ἐδήλουν
1818 1836 2008 1904 τοῦτο),
2045 1832 2252 1887 ἐνταῦθα

703 1918 788 1973 τὸν
815 1924 910 1972 τῶν
938 1916 1144 1971 εὗσεὸῶν
1188 1914 1368 1971 ἔπλασε
1393 1921 1558 1987 χῶρον
1581 1913 1664 1967 καὶ
1687 1913 1746 1967 τὸ
1794 1912 2034 1967 Ἠλύσιον
2060 1912 2248 1967 πεδίον.

701 1994 1008 2051 Diomedem
1031 1995 1086 2049 in
1113 1996 1416 2068 Hispaniam
1444 1994 1732 2067 profectum
1759 2010 1870 2047 esse
1907 1990 2066 2046 tradit
2097 1990 2252 2046 Silius

699 2076 904 2131 Italicus
930 2076 980 2140 3,
1013 2076 1134 2145 367;
1167 2080 1250 2139 16,
1277 2076 1402 2145 369.
1426 2076 1660 2128 Fortasse
1694 2071 1889 2144 helen,
1921 2070 2156 2126 Callaieoe
2193 2070 2250 2124 in

699 2156 948 2228 Hispania
973 2154 1236 2208 castellum
1254 2193 1269 2218 ,
1291 2151 1437 2225 quod
1458 2150 1736 2224 Grajorum
1763 2168 1872 2204 esse
1893 2167 2029 2221 opus
2051 2149 2251 2205 Plinius

701 2242 754 2300 4,
787 2235 874 2299 34,
909 2251 929 2288 1
943 2250 1006 2288 12
1027 2232 1186 2287 refert
1204 2233 1362 2302 (sicut
1380 2249 1436 2286 m
1453 2230 1631 2285 eadem
1650 2230 1860 2301 regione
1877 2228 2254 2301 Amphilochos

697 2313 884 2367 urbem
910 2312 978 2367 ab
1003 2312 1310 2386 Amphiarai
1331 2311 1442 2365 filio
1466 2310 1728 2365 conditam
1756 2307 1942 2363 Strabo
1967 2309 2248 2379 memorat)

700 2389 766 2445 ad
803 2390 1114 2445 Diomedem
1157 2389 1418 2462 Tydidem
1458 2388 1652 2443 fabulas
1689 2387 1924 2443 retulisse
1963 2386 2254 2459 suspicatur

705 2470 1090 2543 Bernhardyus.
1119 2470 1201 2527 Cf.
1243 2469 1408 2525 schol.
1434 2469 1570 2525 Ven.
1611 2469 1770 2523 Hom.
1801 2468 1862 2521 Il.
1892 2472 1947 2532 5,
1967 2471 2073 2532 4η
2101 2484 2114 2519 z
2141 2468 2252 2521 ὅθεν

703 2549 850 2605 αὒτδν
879 2549 1234 2621 (Diomedem)
1259 2551 1478 2621 φυγόντα
1497 2547 1638 2621 φασὶν
1660 2546 1794 2614 ἥκειν
1834 2544 1900 2609 εἰς
1938 2543 2070 2613 ’16η
2087 2564 2114 2616 ρ
2131 2546 2252 2613 ίαν,

701 2626 879 2696 κάκεῖ,
907 2630 974 2691 ὡς
1000 2630 1088 2701 μέν
1116 2648 1241 2692 τινες
1257 2668 1273 2693 ,
1303 2628 1692 2701 δολοφονηθῆναι
1718 2626 1813 2681 (mh
1838 2625 2026 2681 Δαῦνου
2053 2630 2140 2680 τοῦ
2167 2629 2256 2698 βα-

703 2707 876 2770 σιλέως
888 2748 903 2773 ,
923 2709 978 2761 in
997 2708 1190 2778 quibus
1209 2705 1423 2779 Ἰὃηρίαν
1441 2716 1619 2760 natum
1639 2715 1717 2759 est
1737 2723 1800 2759 ex
1831 2702 2088 2778 Ἑσπερίαν
2111 2705 2254 2776 quod

701 2789 758 2843 in
784 2788 994 2844 scholiis
1018 2788 1232 2861 Didymi
1259 2786 1468 2858 legitur.
1509 2784 1710 2841 Scholia
1745 2784 1940 2839 codicis
1977 2785 2258 2857 Lipsiensis

698 2884 800 2939 pro
831 2864 1044 2937 Ἰὅηρίαν
1082 2865 1331 2920 exhibent
1366 2864 1664 2935 Καλαὸρίαν.
1711 2866 1956 2921 ceterum
1986 2880 2018 2918 e
2051 2862 2256 2917 Νόστων

695 2944 1041 3017 scriptoribus
1063 2945 1164 2998 iter
1180 2942 1320 2997 istud
1350 2942 1620 2998 Diomedis
1638 2940 1900 2995 Ibericum
1921 2943 2006 2995 vix
2025 2941 2253 3007 fluxerit3

697 3021 791 3077 sed
839 3024 1058 3077 seriores
1101 3021 1318 3093 quidam
1366 3019 1670 3075 Diomedem
1719 3037 1784 3073 ex
1834 3018 2065 3093 Ἑσπερία
2109 3022 2256 3077 Italia

697 3102 1052 3156 transduxisse
1099 3100 1344 3155 videntur
1381 3102 1436 3154 in
1488 3098 1740 3170 Ἑσπερίαν
1787 3098 2047 3176 Iberiam3
2095 3101 2256 3173 idque

697 3192 844 3236 tanto
873 3180 1068 3234 facilius
1090 3179 1202 3233 fieri
1224 3180 1422 3251 potuit,
1448 3195 1610 3250 quum
1637 3179 1692 3231 in
1713 3178 1838 3249 ipsis
1859 3177 1960 3232 illis
1981 3179 2139 3233 lutiae
2173 3183 2254 3234 iu-

699 3258 901 3313 ferioris
919 3257 1235 3329 regionibus,
1251 3274 1380 3327 quas
1399 3254 1676 3310 Diomedes
1691 3254 1878 3309 adiisse
1895 3254 2082 3322 fertur,
2097 3259 2254 3313 etiam

701 3336 858 3391 Siculi
893 3339 1001 3391 sive
1021 3337 1190 3390 Sicani
1231 3335 1551 3399 habitarent,
1579 3348 1712 3405 quos
1737 3334 1914 3387 Iberes
1935 3352 2124 3405 genere
2143 3354 2255 3391 esse

697 3414 1061 3487 Thucydides,
1111 3413 1386 3479 Philistus,
1431 3412 1674 3484 Ephorus
1690 3450 1705 3477 ,
1753 3413 1839 3467 alii
1895 3412 2247 3469 tradiderunt.

704 3496 872 3547 Porro
896 3510 1058 3564 quum
1086 3493 1258 3546 Iberia
1281 3490 1418 3563 apud
1449 3493 1643 3562 priscos
1669 3489 1944 3544 historicos
1983 3510 2150 3563 usque
2183 3493 2248 3547 ad

707 3570 1020 3626 Rhodanum
1059 3573 1360 3644 pertineret,
1407 3581 1564 3642 atque
1589 3568 1768 3624 Celtici
1810 3569 1990 3642 populi
2037 3570 2248 3626 Iberum

703 3653 922 3705 nomine
956 3650 1520 3723 comprehenderentur
1554 3647 1718 3722 (quod
1743 3650 1913 3721 ipsum
1942 3650 1998 3704 in
2042 3650 2256 3705 Sicanos

705 3729 888 3784 Iberos
901 3727 1086 3783 cadere
1107 3728 1329 3795 videtur,
1353 3745 1486 3799 quos
1509 3744 1684 3799 reapse
1703 3726 1872 3781 Celtas
1893 3725 2053 3781 fuisse
2070 3729 2259 3800 proba-

707 3807 882 3862 biliter
919 3807 1290 3863 Grotesendius
1349 3806 1551 3877 statuit)
1567 3845 1583 3869 .
1629 3805 1710 3859 vel
1749 3807 2102 3861 Veneti-Galli
2121 3846 2136 3873 ,
2188 3807 2257 3862 ad

707 3902 844 3958 quos
869 3886 1148 3941 Diomedes
1168 3886 1366 3939 venisse
1391 3885 1574 3951 fertur,
1599 3884 1775 3939 Iberes
1801 3886 1973 3939 vocari
1994 3896 2254 3958 poterant.

718 3966 742 4035 ΙΙ
773 3994 848 4007 -
868 3969 991 4031 486.
1025 3964 1251 4036 βουλαῖσι
1275 3982 1368 4038 eq,·
1393 3962 1596 4035 ἠελίοιο]
1635 3961 1804 4017 ἰονίοιο
1829 3964 2050 4030 Essx,
2077 3961 2260 4017 ἶωνίοιο

711 4048 818 4109 Ηζ.
847 4044 1080 4100 Eandem
1107 4044 1380 4099 lectionem
1408 4044 1562 4098 etiam
1586 4044 1876 4097 Priscianus
1903 4040 2003 4095 515
2031 4052 2082 4095 et
2105 4044 2259 4096 Avie-

713 4142 814 4179 nus
841 4124 945 4180 653
972 4124 1292 4194 exprimunt.
1316 4124 1566 4177 Fortassis
1589 4131 1756 4188 recte3
1783 4130 1926 4174 certe
1945 4138 2062 4191 quae
2079 4132 2262 4176 contra

711 4214 893 4258 monet
921 4200 1315 4274 Bernhardyus,
1341 4200 1548 4255 levioris
1569 4211 1692 4254 sunt
1721 4200 1992 4257 momenti.
2020 4200 2262 4253 Ceterum

707 4298 873 4353 quum
908 4298 958 4334 v.
1009 4284 1108 4344 48ι
1157 4280 1432 4351 legerimus
1479 4278 1716 4351 Ἀδριάδος
1753 4277 1922 4333 σκαιὸν
1960 4278 2134 4351 πόρον,
2165 4278 2266 4333 hoc

705 4360 824 4417 loco
857 4360 1034 4415 nescio
1071 4377 1139 4413 an
1182 4358 1338 4414 fuerit
1378 4358 1615 4431 ὃεξιτεροῦ
1638 4356 1693 4412 Bi
1725 4358 1929 4431 πόροιο;
1958 4368 2100 4412 ωηο
2139 4357 2264 4412 illud

709 4440 858 4508 ἑξείης
879 4440 932 4494 δὲ
948 4439 1118 4510 πόροιο
1142 4439 1276 4493 male
1301 4439 1478 4495 habet.
1513 4440 1536 4509 ΙΙ
1558 4469 1631 4480 —-
1651 4442 1774 4504 488.
1809 4436 2067 4510 Ἆψόρτων,
2089 4454 2268 4509 supra·

711 4520 948 4593 scripto..
974 4538 1061 4585 ου,
1085 4524 1158 4576 Ε.
1195 4520 1217 4590 ΙΙ
1246 4550 1319 4562 -
1343 4521 1470 4589 489.
1499 4522 1554 4581 ἃς
1579 4518 1694 4573 ποτὶ
1735 4523 1809 4575 A.
1839 4520 1862 4587 ΙΙ
1887 4547 1962 4560 -
1981 4521 2105 4589 490.
2137 4518 2263 4587 ἀλή-

714 4619 864 4674 μονος
893 4600 1008 4667 Δίῃ.
1035 4598 1172 4671 ἴχνια
1197 4620 1343 4673 μαστ.
1376 4607 1428 4658 C.
1463 4598 1730 4671 ἀλήμονος]
1775 4598 2012 4671 αἶήμονος
2032 4616 2101 4661 o,-
2126 4596 2268 4667 Ἀλή-

717 4680 847 4742 τιδος
869 4684 911 4735 L
928 4690 980 4733 et
998 4698 1106 4735 var.
1129 4679 1246 4733 lect.
1270 4698 1356 4753 ap.
1388 4678 1522 4734 Rob.
1557 4672 1758 4750 steph„
1790 4695 1952 4750 quam
1977 4679 2174 4749 recepit
2194 4680 2264 4735 Η.

718 4759 1029 4829 Stephanus.
1047 4758 1128 4812 Cf.
1151 4758 1320 4830 Etym.
1339 4760 1414 4813 M.
1435 4776 1490 4830 p.
1519 4762 1604 4823 δα,
1626 4761 1656 4822 4
1679 4774 1692 4810 t
1724 4755 1773 4811 ’A
1789 4757 1868 4823 λῆ
1883 4775 1941 4810 τι
1955 4776 1978 4819 ς
1995 4776 2008 4789 ·
2033 4756 2157 4819 τινὶς
2177 4756 2267 4825 τὴν

719 4830 1009 4909 Ἓριγόνην,
1034 4834 1122 4901 τὴν
1150 4831 1357 4907 Ἰκαρίου
1383 4837 1646 4907 θυγατέρα,
1677 4835 1753 4888 ὅτι
1781 4837 2036 4905 πανταχοῦ
2053 4836 2267 4902 ζητοῦσα

723 4914 806 4970 τδν
845 4918 1025 4985 πατέρα
1060 4914 1216 4983 ἠλᾶτο
1233 4934 1246 4947 ·
1273 4916 1322 4969 οἳ
1359 4916 1413 4971 at
1437 4913 1662 4987 Αἰγίσθου
1703 4916 1786 4967 καὶ
1823 4913 2268 4987 Κλυταιμνήστρας

715 4994 897 5139 3:²3,
910 4992 1175 5139 “iim
1195 4994 1464 5143 '3323’
1485 4993 1890 5141 23⁹3&ss
1918 4993 2268 5143 2352‘52432

719 5149 872 5216 Αἶγία
920 5152 1183 5221 κατέφυγεν
1227 5148 1549 5218 ἅλητεῦσασα.
1598 5151 1622 5219 ss
1659 5179 1732 5191 —
1777 5153 1901 5219 491.
1949 5150 2082 5221 τῇσι]
2133 5154 2266 5203 τοῖσι

721 5229 1023 5302 CNbedeoqt
1040 5229 1184 5295 Ald.;
1205 5230 1384 5301 Λεὸυρν
1393 5228 1561 5297 ίδεςῙῖ,
1581 5228 1826 5299 ἓρίζωνται
1847 5233 1918 5291 ΙΙ,
1945 5228 2186 5299 ἔρίζονται
2206 5250 2233 5282 e
2246 5269 2260 5293 ,

717 5308 960 5379 ὁρίζονται
986 5328 1038 5381 q.
1077 5311 1098 5377 ss
1127 5338 1200 5350 —
1219 5309 1342 5378 493.
1375 5307 1462 5381 μὲν
1483 5309 1728 5378 φαίνονται
1751 5328 1811 5371 o,-
1837 5308 2089 5378 φαίνονται
2108 5310 2262 5362 ctiam

717 5385 1018 5452 Λῦὂοηιτες
1045 5405 1128 5441 κεν
1167 5388 1318 5441 omis.
1351 5405 1412 5451 s,·
1439 5384 1661 5459 'Ap-6222.
1713 5391 2107 5450 ΕΜΝΟΥΧΟ,
2146 5385 2256 5457 'Agi-

2347 1041 2405 1094 in
2430 1042 2655 1113 vestigiis
2675 1040 2907 1114 profuge
2928 1042 3144 1097 AEetinn
3164 1040 3492 1115 indagandis.

2346 1128 2473 1183 Post
2496 1128 2589 1183 has
2609 1127 2853 1201 deinceps
2872 1128 3167 1184 Liburnica
3182 1139 3406 1187 exstant.

2346 1216 2411 1269 In
2436 1226 2673 1269 austrum
2692 1233 2817 1270 vero
2832 1226 2951 1288 post
2968 1216 3251 1271 Ceraunios
3268 1214 3425 1271 saltus
3441 1218 3561 1271 nari
3578 1222 3811 1275 currenti

2348 1301 2529 1355 insule
2550 1319 2614 1355 ex
2638 1301 2883 1357 ulteriore
2903 1300 3281 1375 comparebunt
3300 1300 3753 1357 Ambraciensium
3770 1342 3787 1372 ,

2346 1387 2616 1461 nitidaque
2636 1391 2861 1461 Corcyra
2874 1428 2889 1455 ,
2913 1388 3165 1445 dilectum
3188 1387 3393 1443 Alcinoi
3414 1388 3603 1447 solum.

2345 1475 2470 1528 Post
2494 1471 2630 1527 hanc
2648 1474 2835 1527 Ithacae
2856 1475 3073 1529 Nericiae
3090 1472 3237 1529 sedes
3254 1485 3333 1529 est
3348 1473 3451 1529 fixa
3467 1514 3481 1535 ,

2344 1558 2665 1632 aliarumque
2691 1560 2974 1617 insularum
2992 1600 3009 1627 ,
3035 1572 3299 1634 quotquot
3319 1561 3565 1616 Chalcide
3584 1560 3827 1635 delapsus

2340 1752 2613 1823 Θρακιήνων
2642 1772 2762 1825 mgo
2799 1755 2851 1809 b.
2885 1756 2907 1825 ΙΙ
2938 1784 3009 1796 -
3035 1756 3161 1825 494.
3192 1754 3423 1826 Κέρκυρα]
3445 1756 3570 1809 Haec
3604 1773 3671 1808 ex
3709 1755 3897 1811 ordine

2336 1841 2459 1884 ante
2479 1830 2671 1885 insulas
2695 1831 3043 1887 Ambraciotis
3076 1830 3303 1903 objectas
3342 1831 3658 1886 recensenda
3691 1844 3821 1887 erat.
3863 1834 3885 1904 ΙΙ

2337 1938 2410 1950 -
2442 1909 2567 1979 495-
2616 1910 2697 1982 τῇ]
2746 1905 2777 1983 ᾗ
2824 1914 2887 1974 Β.
2935 1912 3021 1977 τῆς
3066 1929 3129 1976 s,-
3162 1910 3429 1981 Νηρηικίης
3460 1928 3517 1975 e.
3566 1910 3782 1984 Νηρικῆς
3826 1921 3888 1979 F.

2338 1987 2437 2059 legi
2479 1989 2755 2045 voluerunt
2798 1990 3075 2045 Salmasius
3110 1988 3179 2045 ad
3228 1990 3391 2045 Solin.
3421 2008 3476 2063 p.
3524 1989 3647 2056 504,
3682 1992 3891 2061 Hillius,

2338 2070 2585 2123 Wassius
2610 2070 2677 2125 ad
2700 2070 2875 2127 Thuc.
2901 2070 2953 2135 3,
2985 2075 3075 2142 96,
3110 2070 3390 2126 Oberlinus
3420 2067 3485 2124 ad
3513 2071 3641 2125 Vib.
3682 2072 3803 2145 Seq.
3834 2092 3891 2147 p.

2340 2147 2461 2211 341.
2478 2148 2681 2204 Scilicet
2700 2148 2913 2220 Νήρικον
2932 2166 3043 2204 esse
3060 2147 3335 2204 Iaeucaden
3366 2148 3657 2204 Ambraciae
3682 2150 3891 2219 urbem,

2338 2224 2550 2299 Νήριτον
2580 2245 2703 2282 vero
2728 2228 2919 2283 Ithaca
2939 2239 3199 2291 montem,
3222 2245 3395 2299 neque
3416 2226 3524 2282 haec
3543 2230 3759 2285 nomina
3782 2250 3894 2289 esse

2338 2305 2707 2362 confundenda
2726 2306 2882 2361 docet
2914 2306 3121 2363 Strabo.
3154 2305 3409 2362 Confudit
3450 2324 3574 2362 vero
3598 2307 3800 2366 Plinius
3836 2316 3891 2379 4,

2341 2403 2395 2452 2,
2427 2387 2479 2451 5,
2508 2387 2600 2459 qui
2630 2408 2651 2437 ι
2688 2385 2953 2461 Oppidum
2978 2390 3202 2449 Leucas,
3246 2386 3421 2458 inquit
3436 2426 3451 2453 ,
3484 2387 3613 2441 olim
3648 2390 3894 2448 Nee-itum

2338 2464 2540 2520 dietum
2554 2488 2577 2529 ,·
2602 2467 2885 2538 Dionysius
2928 2476 3019 2521 aut
3054 2468 3181 2521 item
3220 2464 3483 2532 confudit,
3523 2478 3615 2521 aut
3660 2470 3895 2527 Ithacam

2342 2542 2579 2616 Νηρικίην
2602 2545 2757 2599 simili
2786 2543 2945 2599 modo
2965 2543 3093 2599 dicit
3105 2584 3121 2611 ,
3142 2562 3250 2618 quo
3268 2543 3651 2617 Cephalleniam
3668 2546 3895 2623 aliasque

2342 2622 2534 2677 insulas
2568 2621 2703 2678 dixit
2739 2624 2913 2691 νήσους
2942 2621 3293 2697 Ἆμπρακιήων.
3329 2626 3399 2679 V.
3444 2625 3769 2682 Eustathius.
3807 2630 3891 2687 Cf.

2342 2700 2634 2773 Stephanus
2660 2721 2714 2757 v.
2738 2700 2967 2774 Νήρικος.
3008 2700 3261 2757 subtilius
3286 2700 3539 2774 quiddam
3584 2707 3897 2777 excogitavit

2342 2785 2707 2860 Bernhardyus
2733 2804 2749 2841 :
2785 2812 2807 2835 e
2834 2788 2969 2843 Cum
2993 2789 3201 2841 Laertes
3222 2792 3326 2860 (ap.
3354 2788 3515 2843 Hom.
3545 2788 3651 2843 Od.
3673 2812 3744 2857 ω,
3769 2792 3895 2865 377)

2343 2864 2397 2917 in
2426 2882 2491 2919 eo
2514 2864 2659 2936 quod
2681 2866 2930 2919 Nericum
2955 2865 3269 2937 oppresserit
3294 2882 3416 2918 cum
3442 2881 3603 2919 manu
3631 2867 3895 2939 Cephalle-

2342 2961 2473 2997 num
2495 2943 2761 3015 glorietur,
2788 2944 3041 3016 Dionysio
3068 2960 3179 2997 non
3215 2942 3511 3015 indignam,
3548 2942 3697 3014 cujus
3739 2948 3897 3004 verba

2342 3038 2450 3075 non
2480 3020 2761 3077 debeamus
2786 3022 2856 3077 ad
2882 3022 3135 3077 trutinam
3168 3020 3485 3094 ponderare,
3516 3021 3743 3080 feremus
3780 3044 3897 3083 eam

2341 3102 2650 3155 sententiam
2666 3140 2683 3168 ,
2727 3111 2788 3156 ut
2830 3102 3109 3175 imperium
3144 3100 3494 3156 Ithacensium
3523 3101 3627 3157 leni
3666 3105 3897 3175 quadam

2339 3195 2401 3232 ac
2425 3177 2675 3235 dilutiore
2706 3180 3081 3251 significatione
3114 3180 3471 3235 existimemus
3512 3181 3759 3239 describi.
3795 3207 3818 3236 ι
3868 3186 3891 3256 ΙΙ

2338 3288 2411 3300 -
2438 3260 2567 3332 ἕδος]
2606 3262 2760 3314 omis.
2785 3262 2872 3323 D,·
2898 3258 3043 3314 πίθον
3074 3264 3134 3323 C,-
3166 3257 3275 3321 ἔθος
3300 3262 3367 3315 F.
3402 3259 3427 3329 11
3461 3290 3533 3301 -
3555 3264 3681 3330 496.
3724 3263 3897 3317 ἄλλων

2340 3342 2461 3394 DF.
2490 3338 2694 3393 Laudat
2726 3338 2869 3391 bunc
2892 3354 3103 3391 versum
3142 3336 3435 3408 Stephanus
3460 3339 3581 3409 Byr.
3614 3356 3665 3392 v,
3694 3340 3893 3405 Χαλκίς.

2336 3417 2531 3487 Tetigit
2552 3417 2854 3470 Eustathius
2878 3415 2946 3470 ad
2975 3414 3037 3469 11.
3068 3416 3117 3487 β,
3144 3433 3199 3487 p.
3227 3430 3349 3487 ²79»
3390 3431 3475 3470 ια.
3506 3418 3697 3469 Fontes
3724 3418 3897 3474 Ache·

2339 3495 2411 3548 loi
2436 3511 2602 3567 prope
2626 3495 2799 3548 vicum
2842 3511 2953 3549 esse
2987 3494 3079 3565 qui
3123 3510 3269 3547 nunc
3312 3493 3530 3548 thalui
3570 3505 3810 3561 vocatur,
3840 3497 3898 3552 id

2340 3585 2513 3627 autem
2544 3590 2737 3628 nomen
2762 3590 2829 3626 ex
2856 3570 3035 3635 Χαλκίς
3060 3581 3371 3643 corruptum
3394 3570 3592 3638 videri,
3632 3586 3899 3645 preeunte

2343 3652 2558 3716 Ieakio,
2580 3661 2760 3707 monet
2778 3652 2861 3705 vir
2880 3650 3067 3705 doctus
3088 3652 3175 3721 (E.
3202 3649 3272 3704 Η.
3292 3650 3357 3723 Β)
3396 3650 3451 3703 in
3488 3651 3683 3705 Lexico
3700 3652 3895 3725 Geogr.

2340 3732 2428 3786 ed.
2449 3730 2637 3786 Smith.
2667 3749 2713 3787 s.
2736 3748 2789 3785 ν.
2813 3728 3091 3784 Achelous.
3116 3730 3249 3797 Quae
3268 3726 3485 3799 quidem
3508 3730 3617 3783 veri
3638 3730 3901 3787 simillima

2340 3820 2420 3864 est
2440 3811 2691 3865 sententia
2706 3849 2724 3877 ‚
2750 3825 3067 3881 quamquam
3084 3806 3153 3861 de
3168 3808 3267 3861 ista
3283 3807 3531 3863 Chalcide
3553 3808 3766 3865 aliunde
3790 3830 3899 3866 non

2344 3899 2563 3945 constat.
2590 3891 2807 3943 Veteres
2834 3889 3140 3959 interpretas
3166 3883 3465 3941 Chalcidem
3498 3889 3737 3961 Dionysii
3774 3908 3898 3945 cen-

2345 3980 2461 4024 sent
2504 3980 2735 4024 montem
2776 3967 2858 4022 vel
2888 3966 3073 4021 urbem
3104 3984 3216 4021 esse
3259 3984 3376 4039 quae
3418 3966 3486 4021 ad
3521 3968 3719 4024 AEtoliae
3752 3989 3901 4026 oram

2346 4050 2659 4105 maritimam
2686 4050 2783 4103 sita
2812 4059 2981 4103 eraut.
3017 4050 3081 4102 In
3113 4064 3219 4119 qua
3255 4047 3511 4101 sententia
3536 4048 3769 4119 primum
3798 4049 3903 4104 hoc

2346 4127 2569 4182 offendit
2605 4127 2751 4201 quod
2786 4128 2978 4182 fluvius
3020 4125 3280 4181 maximus
3303 4142 3336 4179 a
3356 4135 3537 4180 monte
3580 4124 3660 4180 vel
3704 4127 3902 4200 oppido

2348 4210 2613 4263 maritimo
2660 4224 2867 4279 serpere
2903 4206 3097 4259 dicitur
3138 4206 3339 4275 inepte,
3369 4202 3561 4258 deinde
3603 4222 3727 4259 vero
3756 4206 3901 4278 quod

2349 4286 2551 4341 Chalcis
2584 4304 2735 4342 mons
2765 4284 2945 4357 (hodie
2987 4284 3319 4353 Vama-sowa)
3344 4280 3411 4337 ad
3444 4283 3729 4338 Acheloum
3770 4286 3903 4341 nihil

2349 4364 2607 4435 pertinet3
2646 4366 2775 4419 situs
2803 4364 2943 4417 enim
2970 4372 3049 4417 est
3086 4361 3154 4416 ad
3189 4362 3357 4433 ripam
3394 4362 3697 4416 orientalem
3732 4365 3903 4419 Eueni

2352 4443 2518 4498 fluvii.
2546 4446 2721 4497 Restat
2747 4452 2809 4497 ut
2830 4442 2972 4497 dieas
2998 4441 3308 4514 Dionysium
3332 4440 3746 4514 geographorum
3768 4462 3903 4517 quo·

2352 4522 2575 4577 tundam
2594 4522 2897 4577 auctoritate
2910 4561 2926 4587 ,
2950 4522 3041 4594 qui
3059 4518 3359 4576 Chalcidem
3376 4518 3443 4573 ad
3470 4520 3761 4577 Acheloum
3782 4522 3905 4578 salse

2353 4601 2714 4665 collocassent,
2744 4600 2899 4655 fuisse
2924 4598 3198 4671 deceptum
3216 4637 3233 4665 ,
3261 4596 3423 4671 idque
3450 4598 3669 4653 suadere
3692 4600 3903 4656 Strabo·

2355 4698 2475 4733 nem
2502 4698 2557 4751 p.
2587 4680 2710 4751 3⁵9,
2734 4680 2824 4752 qui
2850 4677 3243 4734 Artemidorum
3266 4675 3455 4749 pmdat
3471 4677 3773 4734 Chalcidem
3793 4681 3905 4733 sive

2354 4756 2615 4811 Chalciam
2650 4756 2879 4829 posuisse
2920 4754 3095 4827 μεταξὺ
3121 4758 3209 4810 τοῦ
3248 4753 3490 4829 Ἀχελῴου
3524 4755 3608 4809 καὶ
3632 4759 3719 4824 τῆς
3746 4756 3904 4812 meu·

2356 4841 2527 4907 ρῶνος.
2571 4839 2641 4890 At
2679 4854 2746 4889 ne
2786 4834 2909 4888 hinc
2944 4834 3157 4907 quidem
3184 4833 3411 4889 multum
3441 4833 3743 4906 profeceris.
3769 4837 3903 4891 Nam

2354 4915 2445 4984 qui
2472 4912 2613 4987 apud
2639 4913 2945 4968 Strabonem
2974 4912 3009 4969 l.
3038 4911 3075 4967 l.
3100 4912 3377 4967 exhibetur
3402 4911 3603 4967 AEtoliae
3632 4914 3901 4987 paraplus,

2352 4993 2577 5047 dubium
2602 5012 2711 5049 non
2735 5003 2813 5047 est
2831 4993 2958 5064 quin
2984 5009 3048 5046 ex
3072 4990 3407 5047 Artemidoro
3436 4992 3628 5064 petitus
3654 4992 3741 5047 sit.
3784 4996 3903 5048 Jam

2354 5086 2479 5123 vero
2512 5070 2568 5122 in
2604 5068 2707 5123 hoc
2730 5068 2940 5140 paraplo
2964 5078 3085 5139 post
3125 5068 3413 5123 Acheloum
3431 5085 3612 5122 versus
3650 5069 3905 5123 orientem

2352 5148 2527 5218 primo
2552 5156 2870 5201 memoratur
2893 5148 3105 5200 Euenus
3121 5185 3137 5212 ,
3166 5157 3279 5199 tum
3310 5146 3515 5201 Chalcis
3530 5148 3639 5199 sive
3671 5146 3904 5201 Chalcias

2350 5242 2534 5289 mons,
2566 5235 2679 5279 tum
2704 5222 2926 5278 Pleuron
2961 5233 3013 5277 et
3058 5224 3335 5295 Halicyrna
3355 5233 3409 5278 et
3430 5222 3663 5295 Calydon
3686 5224 3899 5297 oppida,

2351 5315 2466 5360 tum
2491 5306 2801 5377 Taphiassus
2844 5322 3013 5361 mons.
3063 5307 3221 5357 Recte
3256 5304 3417 5374 igitur
3454 5304 3509 5355 in
3563 5301 3646 5356 his
3692 5318 3903 5373 quoque

2351 5386 2553 5439 Chalcis
2572 5385 2637 5441 ab
2662 5388 2859 5440 oriente
2884 5384 3051 5439 Eueni
3067 5386 3302 5458 ponitur,
3320 5382 3447 5435 salso
3462 5393 3635 5436 autem
3653 5380 3903 5454 deinceps
