4584 6284
2004 502 2265 563 Dssscm
2276 504 2470 563 ΡΤΙΟ.

586 650 633 709 A
659 639 837 713 populi
881 638 1015 693 iacta
1033 678 1047 699 .
1095 648 1187 691 aut
1214 636 1319 707 igni
1358 646 1449 691 aut
1488 634 1747 707 lapidibus
1793 632 2068 690 occiditur.
2108 636 2199 687 Est

3709 512 3817 565 521

2355 638 2444 699 4⁰·
2473 636 2598 689 Post
2623 632 2760 687 banc
2787 634 3026 705 superius
3069 632 3226 689 habes
3253 631 3636 705 Cappadociam
3653 674 3670 699 ,
3713 652 3830 707 qun

656 744 781 797 ergo
806 728 865 781 in
890 724 1140 781 omnibus
1162 736 1215 779 et
1240 726 1419 779 civitas
1440 734 1491 779 ct
1516 724 1663 795 regio
1695 720 2195 795 inreprehensibilis,
2287 720 2425 775 viros
2457 718 2613 775 habet
2635 718 2837 775 nobiles
2853 758 2870 785 ,
2908 720 2964 773 in
2983 737 3088 791 qua
3106 730 3184 775 est
3215 722 3396 775 civitas
3431 722 3656 776 maxima
3671 760 3688 787 ,
3713 741 3830 795 que

656 813 978 887 philosophis
999 822 1053 867 et
1080 812 1293 867 medicis
1326 810 1615 865 abundans.
1682 816 1843 866 Aeres
1884 828 2010 863 vero
2055 806 2201 861 valde

660 908 980 971 temperatos
1000 897 1180 951 babet.
1226 897 1353 951 Haec
1394 895 1461 949 de
1482 894 1729 968 predicta
1762 895 1973 967 regione
2010 892 2199 947 dixisse

654 983 903 1039 sufficiat.

728 1072 821 1127 38.
850 1072 1051 1123 Iterum
1070 1087 1099 1124 a
1113 1068 1309 1123 dextris
1332 1070 1489 1141 Syria
1506 1086 1663 1142 supra
1686 1070 1915 1123 invenies
1934 1066 2195 1131 Arabiam,

656 1154 811 1229 eujus
850 1166 929 1209 est
956 1156 1182 1210 maxima
1207 1156 1386 1209 civitas
1411 1157 1620 1220 Bostra,
1644 1172 1761 1226 qum
1790 1154 2010 1208 maxima
2040 1170 2197 1222 nego-

660 1244 739 1297 tia
758 1242 953 1297 habere
978 1241 1189 1307 dicitur,
1224 1241 1517 1314 propinqua
1539 1242 1707 1295 Persis
1732 1250 1785 1293 et
1809 1238 2074 1293 Saracenis
2092 1276 2109 1301 ,
2142 1238 2197 1290 in

658 1348 771 1403 qua
802 1330 1073 1403 publicum
1094 1346 1225 1403 opus
1248 1328 1483 1401 tetrapyli
1508 1326 1843 1383 memorabile
1880 1326 2197 1381 nominatur.

736 1418 827 1489 39.
864 1416 1071 1472 Deinde
1102 1418 1246 1488 regio
1268 1416 1457 1471 Ciliciae
1474 1455 1490 1480 ,
1514 1432 1633 1486 quae
1664 1414 1857 1469 faciens
1878 1411 2100 1467 multum
2124 1412 2201 1465 vi·

662 1523 795 1559 num
820 1504 1043 1560 letificat
1063 1504 1355 1578 provincias
1387 1504 1653 1577 plurimas.
1684 1501 1855 1556 Habet
1879 1511 2053 1555 autem
2073 1500 2201 1553 civi-

660 1603 819 1647 tatem
837 1591 1027 1647 bonam
1044 1602 1097 1647 et
1114 1609 1347 1662 magnam
1368 1608 1483 1663 quie
1506 1590 1699 1643 Tarsos
1721 1599 1955 1643 vocatur.

585 1755 632 1815 B
662 1754 821 1808 totim
845 1752 988 1807 orbis
1016 1764 1167 1807 terrae
1206 1769 1352 1825 paene
1377 1750 1445 1805 de
1473 1751 1686 1804 veritate
1720 1747 2063 1822 philosophie
2092 1748 2201 1818 ipsa

656 1836 767 1894 soh
788 1836 1053 1903 abundat,
1078 1838 1133 1891 in
1155 1854 1261 1908 qua
1280 1837 1621 1891 inveniuntur
1635 1834 1863 1907 plurima
1882 1850 2069 1905 genera
2090 1832 2203 1904 phi·

654 1924 1019 1999 losephorum.
1046 1926 1231 1997 ltaque
1252 1935 1305 1978 et
1328 1923 1661 2007 AEsculapius·
1675 1920 1803 1975 dare
1828 1922 1877 1975 ei
1904 1919 2065 1973 voluit
2088 1936 2199 1973 me·

650 2009 840 2065 dicinae
863 2012 1139 2084 peritiam,
1173 2010 1287 2082 [ee]
1314 2018 1375 2063 ut
1410 2008 1599 2062 habeat
1624 2008 1677 2061 in
1711 2016 1823 2062 toto
1860 2003 2060 2060 mundo
2087 2021 2197 2059 me-

652 2096 803 2152 dieo·
836 2098 1068 2169 optimos
1092 2106 1340 2169 prazstare
1366 2092 1612 2163 dignatus
1652 2104 1762 2157 est;
1806 2102 1861 2146 et
1884 2108 2043 2163 quam
2082 2090 2201 2163 plu-

652 2181 793 2235 rima
830 2180 1043 2235 initium
1079 2180 1257 2233 salutis
1292 2177 1537 2233 omnibus
1576 2176 1885 2231 hominibus
1920 2176 2005 2230 illa
2029 2176 2207 2231 civitas

651 2277 885 2323 constat.
908 2269 983 2321 Et
1007 2266 1123 2321 haec
1158 2265 1371 2338 quidem
1400 2263 1467 2319 de
1492 2262 1739 2337 praediet-
1766 2264 1977 2333 regione
2000 2280 2209 2334 quoque

654 2364 717 2408 et
740 2355 955 2409 civitate
974 2372 1037 2408 ex
1064 2363 1247 2427 parte3
1280 2370 1389 2407 non
1422 2352 1565 2405 euim
1596 2351 1777 2406 omnia
1801 2348 2024 2404 scribere
2044 2350 2207 2421 possi·

661 2438 769 2494 bile
794 2451 889 2503 est.
919 2441 991 2493 Et
1019 2456 1162 2493 aeres
1190 2456 1317 2493 vero
1340 2436 1495 2492 babet
1518 2436 1669 2491 valde
1684 2446 1995 2508 temperatos
2008 2476 2022 2491 .

736 2526 827 2581 38.
869 2523 1075 2579 Deinde
1094 2524 1205 2595 jam
1229 2523 1297 2577 de
1318 2522 1515 2577 dextris
1538 2524 1734 2575 iterum
1758 2520 1919 2593 Syrie
1938 2536 2095 2592 supra
2132 2520 2210 2573 in·

662 2612 840 2664 venies
880 2610 1157 2676 Arabiam,
1186 2608 1337 2681 cujus
1383 2609 1567 2663 civitas
1612 2607 1842 2661 maxima
1880 2616 1959 2659 est
1994 2606 2206 2671 Bostra,

662 2713 783 2768 quoe
808 2697 1016 2767 negotia
1052 2696 1278 2749 maxima
1300 2693 1491 2748 babere
1524 2692 1739 2757 dicitur,
1769 2692 2065 2765 propinqua
2088 2693 2210 2745 Per-

659 2782 733 2834 sis
762 2792 817 2835 et
850 2781 1145 2847 Saracenis,
1171 2782 1225 2833 in
1252 2796 1356 2852 qua
1383 2778 1652 2852 publicum
1681 2795 1816 2851 opus
1842 2776 2079 2849 tetrapyli
2114 2794 2213 2831 mi·

658 2876 864 2920 rantur.

732 2951 819 3025 39.
858 2950 1065 3005 Deinde
1088 2952 1279 3005 iterum
1308 2950 1453 3021 regio
1470 2950 1664 3005 Ciliciae
1680 2988 1697 3015 ,
1722 2966 1843 3023 qua
1866 2949 2057 3005 faciens
2076 2948 2211 3005 mul-

654 3048 773 3091 tum
820 3036 1005 3091 vinum
1048 3035 1275 3090 latificat
1322 3045 1375 3089 et
1420 3035 1547 3090 alias
1587 3036 1911 3108 provincias,
1962 3046 2015 3089 et
2056 3035 2214 3090 habet

650 3124 704 3176 οἱ
714 3124 915 3175 vitatem
947 3139 1187 3191 magnam
1210 3131 1265 3174 et
1298 3121 1490 3175 bonam
1513 3139 1632 3193 qua
1655 3123 1732 3175 sic
1753 3131 1973 3175 vocatur
1994 3122 2206 3177 Tarsm.

642 3292 777 3332 runt
822 3279 1062 3352 eulpam,
1110 3298 1213 3332 non
1265 3277 1561 3347 effugerunt
1608 3277 1905 3347 infamiam.
1962 3278 2209 3333 Libnnius

655 3368 787 3412 orat.
822 3374 886 3412 12
912 3355 979 3411 ad
1004 3356 1361 3411 Theodosium
1390 3373 1489 3428 pro
1521 3356 1865 3411 Antiochenis
1894 3356 1961 3410 'de
1984 3356 2207 3412 Alexan·

654 3432 822 3487 drinis
848 3436 921 3488 ait
940 3432 1131 3487 diserte
1158 3451 1172 3487 z
1198 3428 1273 3497 οἷς
1298 3432 1359 3487 τὸ
1389 3435 1593 3505 θέατρον
1630 3436 1719 3487 τοῦ
1746 3432 1865 3505 πρὸς
1889 3434 1999 3495 τοὺς
2024 3432 2207 3503 ἄρχον-

660 3530 747 3575 τας
768 3513 984 3584 πολέμου
1006 3512 1211 3584 χωρίον.
1244 3511 1408 3565 Pollio
1422 3512 1477 3565 in
1494 3512 1595 3566 vita
1614 3510 1907 3567 AEmiliani:
1930 3508 2209 3565 Familiae-i

656 3590 971 3663 sihisurooe,
984 3608 1101 3647 cum
1114 3589 1337 3663 quodam
1353 3588 1437 3645 die
1452 3587 1725 3662 cujusdam
1738 3606 1919 3644 servus
1927 3588 2203 3654 curatoris,

662 3669 760 3743 qui
780 3669 1159 3727 Alexandriam
1186 3682 1308 3725 tunc
1332 3670 1533 3740 regebat
1549 3709 1565 3735 ‚
1586 3668 1839 3724 militarie
1855 3669 1920 3723 ob
1936 3668 2029 3723 hoc
2044 3686 2207 3723 coesus

662 3762 820 3812 esset.
840 3748 981 3823 quod
1010 3748 1247 3823 crepidas
1273 3768 1399 3805 suas
1430 3749 1657 3804 meliores
1686 3767 1794 3805 esse
1826 3767 1981 3823 quam
2016 3748 2207 3803 militis

665 3826 857 3882 diceret
873 3869 889 3893 ,
912 3828 1125 3882 collecta
1142 3827 1421 3883 multitudo
1442 3826 1517 3881 ad
1530 3826 1737 3881 domum
1760 3825 2039 3881 AE'miliam‘
2056 3825 2207 3879 ducis

658 3924 853 3981 anceps
868 3906 1013 3962 uait
1026 3947 1047 3977 ‚
1068 3918 1223 3980 atque
1246 3926 1359 3961 eum
1385 3906 1523 3961 omni
1538 3905 1851 3961 seditionum
1877 3904 2210 3959 instrumento

658 3985 914 4057 cesus-ore
932 3997 1205 4060 persecuta
1242 3999 1354 4051 ese,-
1394 3985 1529 4041 ictus
1568 3997 1647 4039 est
1682 3983 1988 4059 lapidibus,
2007 3984 2211 4057 petitus

659 4074 743 4118 est
760 4063 913 4133 firm
927 4104 943 4128 ,
978 4081 1069 4117 nee
1106 4062 1265 4118 desiit
1310 4063 1473 4118 ullum
1514 4062 1789 4117 seditionis
1834 4061 2007 4117 telum.
2040 4086 2065 4109 ι
2100 4062 2213 4117 Go-

661 4160 857 4197 mon.
891 4144 915 4212 ΙΙ
946 4172 1018 4183 -
1046 4142 1523 4217 irreprehensibilis]
1548 4139 2013 4216 incompreensibilis
2028 4142 2089 4195 B.
2114 4142 2212 4211 ΙΙ-

659 4220 887 4275 medieos
902 4220 1151 4295 optimos]
1175 4223 1475 4275 Ammianus
1500 4237 1585 4286 12,
1616 4225 1700 4287 16,
1731 4224 1795 4276 18
1822 4236 1837 4273 ε
1864 4218 2099 4291 sufficiae
2114 4238 2213 4273 me·

656 4298 779 4354 dieo
798 4298 877 4354 ad
890 4300 1345 4355 commendandum
1361 4298 1497 4355 artis
1513 4299 1897 4363 auctoritatem,
1912 4298 1965 4353 si
1980 4298 2211 4353 Alexan·

650 4376 790 4433 drioe
815 4397 873 4433 se
898 4378 1101 4433 diret-it
1130 4380 1411 4438 eruditum.
1436 4380 1549 4451 ΙΙ-
1578 4397 1721 4434 aeres
1770 4382 2093 4453 tempu-atos]
2128 4379 2207 4438 Cl'.

660 4457 847 4513 Strabo
868 4475 926 4529 p.
957 4474 1080 4529 7923
1112 4460 1419 4513 Ammianus
1441 4475 1533 4528 22,
1565 4462 1649 4523 16,
1678 4460 1709 4513 8
1737 4468 1792 4513 οι
1818 4464 1900 4523 il..
1932 4459 1953 4529 ΙΙ
1976 4488 2047 4501 -
2068 4462 2098 4528 S
2122 4459 2205 4515 38.

664 4536 877 4608 Bostra]
902 4540 1138 4591 Nonstra
1158 4538 1221 4593 B.
1240 4540 1387 4608 {1—§
1407 4540 1495 4602 4ο.
1512 4536 1891 4591 Babillonieum
1902 4536 2121 4609 pellium
2147 4540 2208 4593 Β.

664 4612 823 4667 Pelles
838 4614 1165 4685 Babylonica
1191 4626 1552 4669 memorantur
1576 4616 1732 4669 ctiam
1758 4616 1815 4669 iu
1848 4614 1980 4669 eod.
2004 4615 2208 4671 Theod.

664 4690 705 4745 l.
739 4694 822 4756 ιδ,
847 4693 951 4761 57,
973 4703 1217 4747 monente
1237 4692 1585 4749 Gothosredo.
1618 4694 1641 4763 ΙΙ
1670 4722 1745 4735 —-
1765 4692 2057 4747 divinorum
2088 4694 2205 4747 ani·

670 4767 908 4841 nulium]
935 4791 957 4819 ι
977 4772 1155 4841 Equos
1170 4770 1535 4845 Cappadocum
1553 4782 1615 4825 ut
1638 4772 1693 4824 in
1720 4788 2019 4839 commune,
2036 4772 2105 4825 ita
2123 4790 2213 4826 no-

667 4850 905 4903 minatim
948 4868 1201 4921 equorum
1250 4869 1423 4922 greges
1450 4850 1741 4905 dominicos
1758 4892 1773 4915 ,
1810 4850 2064 4924 palmatos
2106 4861 2208 4907 etc.

664 4926 723 4981 h.
753 4926 790 4983 l.
822 4927 1077 4999 intelligit.
1118 4932 1199 4983 De
1236 4931 1383 5002 equis
1426 4930 1791 5003 Cappadocum
1833 4943 1891 4985 ut
1934 4932 1988 4985 in
2025 4950 2211 5003 genere

664 5005 842 5077 plures
866 5017 1055 5077 agunt,
1080 5008 1285 5062 Solinus
1304 5027 1351 5063 c.
1375 5014 1462 5077 47,
1484 5010 1754 5081 Oppianus
1768 5010 1961 5083 Cyneg.
1992 5027 2040 5076 1,
2064 5014 2211 5083 Apu·

661 5080 793 5155 lejus
826 5083 922 5140 lib.
969 5088 1021 5149 8.
1057 5086 1337 5158 Dionysius
1382 5088 1691 5158 Periegetes‚
1736 5090 1806 5144 ita
1850 5088 1919 5143 de
1954 5108 2209 5162 equorum

660 5178 819 5233 grege
845 5161 1117 5219 dominico
1140 5175 1193 5219 et
1213 5165 1447 5237 palmatis
1474 5177 1633 5237 agunt
1662 5168 1997 5222 Nemesianus
2026 5169 2079 5222 in
2108 5168 2209 5240 (35-

661 5242 933 5313 negetico,
960 5242 1217 5298 Illustrius
1244 5244 1529 5316 Hesychius
1553 5245 1648 5302 lib.
1684 5263 1707 5300 ι
1732 5248 1930 5301 Chi-on.
1956 5250 2009 5301 in
2032 5247 2210 5319 glossis

647 5321 885 5393 'numicis
922 5322 989 5376 cl.
1036 5323 1244 5377 Labbaei
1284 5326 1478 5391 nostri,
1519 5324 1653 5381 eod.
1692 5325 1898 5381 Ther-d.
1942 5327 2031 5381 lib.
2076 5346 2107 5398 7
2147 5328 2211 5383 de

2284 816 2500 861 vocatur
2525 806 2756 860 Cesarea
2769 844 2786 871 ,
2817 822 2934 877 qun
2971 805 3166 876 frigora
3183 824 3370 876 magna
3391 806 3586 861 habere
3607 807 3825 865 dicitur.

2284 894 2410 947 Haec
2428 891 2622 963 ubique
2637 890 2924 963 leporinam
2937 900 3128 945 vestem
3137 892 3388 945 emittitet
3405 891 3830 965 babylonicarum

2284 978 2497 1050 pellium
2524 987 2578 1031 et
2595 976 2895 1031 divinorum
2925 977 3226 1031 animalium
3255 976 3723 1049 pulchritudinem.

2355 1068 2444 1129 [μ.
2475 1061 2606 1117 Inde
2623 1062 2802 1117 obviat
2821 1061 3022 1117 Galatia
3051 1063 3321 1135 provincia
3341 1064 3568 1135 optima,
3593 1064 3696 1119 sibi
3719 1064 3832 1120 suf-

2286 1150 2468 1204 ficiens
2481 1189 2496 1213 .
2537 1166 2655 1219 quae
2695 1146 2977 1219 plurimam
3015 1158 3208 1202 vestem
3254 1166 3434 1203 emens
3476 1168 3541 1203 ae
3579 1149 3831 1218 vendens,

2284 1238 2412 1291 fisco
2433 1236 2600 1291 bonos
2621 1235 2807 1289 milites
2823 1244 3050 1307 poestat.
3069 1234 3300 1291 Habetet
3314 1236 3576 1291 civitatem
3591 1255 3833 1310 magnam

2286 1327 2550 1396 Ancyram
2569 1362 2586 1387 .
2615 1341 2733 1395 quie
2771 1321 3012 1377 divinum
3053 1340 3242 1395 panem
3283 1334 3336 1377 οι
3363 1324 3834 1381 eminentissimum

2286 1410 2486 1465 dicitur
2511 1410 2844 1466 manducare.

2359 1501 2450 1563 1⁸²·
2479 1500 2676 1551 Iterum
2703 1496 2929 1569 Phrygis
2961 1506 3016 1550 et
3037 1497 3146 1567 ipsa
3171 1498 3316 1567 regio
3338 1496 3501 1564 bona,
3533 1516 3652 1571 qun
3673 1499 3835 1555 fortes

2287 1582 2560 1657 possidens
2586 1584 2724 1637 viros
2761 1582 2918 1637 habet
2952 1582 3230 1637 maximam
3257 1584 3522 1637 civitatem
3561 1602 3680 1657 quas
3705 1588 3838 1641 Lao·

2363 1748 2450 1809 40.
2489 1729 2614 1799 Post
2647 1742 2760 1796 lucc
2799 1744 2854 1795 in
2887 1743 3140 1815 superiori
3183 1754 3330 1817 parte
3363 1742 3694 1817 Cappadoeia
3725 1754 3832 1812 est,

2288 1847 2406 1901 qum
2433 1829 2588 1883 habet
2613 1829 2754 1883 viros
2778 1826 2976 1881 nobiles
3000 1837 3054 1881 et
3073 1828 3334 1882 civitatem
3362 1830 3644 1884 maximam
3667 1831 3836 1885 Casa-

2290 1915 2444 1971 riam.
2476 1914 2692 1985 Frigora
2725 1924 2898 1967 autem
2925 1915 3150 1969 maxima
3173 1914 3368 1969 habere
3393 1914 3607 1982 dicitur,
3635 1925 3697 1971 ιιι
3722 1934 3834 1971 nou

2289 2018 2442 2073 posse
2463 1998 2732 2054 hominem
2771 1999 3070 2071 imperitum
3096 1998 3334 2055 locorum
3361 2001 3476 2054 sine
3513 2000 3690 2073 aliquo
3715 2002 3838 2055 arti·

2290 2086 2412 2141 ficio
2436 2084 2688 2141 habitare.
2711 2084 2928 2156 Negotia
2949 2094 3120 2141 autem
3139 2085 3251 2140 haec
3271 2087 3473 2159 opfima
3493 2086 3693 2159 ubique
3713 2088 3838 2141 mit-

2292 2182 2404 2227 tere
2427 2190 2544 2227 eam
2565 2168 2714 2241 aiunt
2737 2192 2752 2229 z
2778 2168 3062 2243 leporinam
3093 2181 3289 2225 vestem
3313 2181 3366 2225 et
3399 2171 3837 2245 Babyloniorum

2294 2258 2504 2331 pellium
2535 2269 2588 2311 et
2618 2256 2824 2311 illorum
2855 2255 3152 2311 divinorum
3181 2256 3482 2313 animalium
3514 2256 3838 2315 formonsita-

2295 2356 2420 2401 lem.

2367 2436 2457 2497 41.
2479 2430 2608 2486 Inde
2633 2430 2812 2495 obviat
2844 2431 3044 2487 Galatia
3065 2431 3330 2504 provincia
3357 2432 3579 2503 optima,
3601 2431 3702 2487 sibi
3727 2430 3837 2487 suf·

2297 2516 2494 2572 ficiens.
2509 2518 2818 2588 Negotiatur
2834 2528 3026 2571 vestem
3044 2516 3341 2589 plurimam.
3363 2516 3690 2588 Aliquotiens
3713 2535 3838 2572 vero

2297 2614 2350 2658 et
2377 2603 2566 2657 milites
2591 2603 2758 2658 bonos
2783 2602 3010 2658 dominis
3041 2613 3264 2675 piaestat.
3293 2604 3363 2656 Et
3387 2600 3545 2657 babet
3576 2604 3839 2659 civitatem

2301 2690 2578 2743 maximam
2625 2706 2743 2759 qun
2780 2687 2974 2743 dicitur
3013 2691 3236 2759 Ancyra.
3281 2688 3534 2742 Divinum
3565 2705 3754 2761 panem
3785 2698 3840 2744 et

2299 2773 2765 2829 eminentissimum
2791 2772 3104 2827 manducare
3121 2770 3335 2827 dicitur.

2371 2865 2462 2927 1⁸²·
2496 2863 2694 2915 Iterum
2738 2860 2989 2932 Phrygia,
3035 2860 3229 2931 etipsa
3268 2860 3414 2929 regio
3439 2858 3607 2925 bona,
3650 2869 3704 2913 et
3730 2862 3840 2931 ipsa

2301 2948 2462 3003 sortes
2485 2948 2628 3002 viros
2647 2944 2947 3020 possidens,
2975 2943 3262 3000 secundum
3287 2946 3571 3019 scripturas
3594 2948 3839 3019 antiquo·

2300 3053 2451 3101 rum,
2481 3035 2701 3089 Homeri
2740 3050 2952 3106 quoque
2983 3044 3038 3087 et
3059 3032 3276 3105 Vergilii
3314 3043 3368 3087 et
3399 3033 3625 3088 aliorum
3645 3033 3839 3091 bellum

2303 3120 2642 3193 ipsorumque
2665 3118 2930 3191 Phrygum
2957 3130 3012 3173 et
3040 3120 3344 3175 Grecorum
3377 3120 3838 3179 conscribentium.

2290 3296 2442 3347 grege
2461 3275 2744 3341 dominico,
2771 3286 2824 3331 et
2853 3276 2944 3331 lib.
2975 3294 3001 3331 1
3033 3276 3098 3331 de
3133 3276 3280 3351 equis
3303 3276 3603 3342 curulibus,
3632 3288 3686 3333 et
3711 3280 3836 3334 ltin.

2295 3357 2502 3411 Hieros.
2527 3354 2644 3425 (ubi
2662 3372 2932 3427 perperam
2955 3354 3202 3410 hactenus
3219 3354 3422 3409 editum
3446 3355 3582 3409 villa
3594 3356 3844 3431 Pampali

2291 3452 2394 3507 pro
2412 3432 2550 3488 villa
2585 3432 2825 3487 Palmati
2851 3432 2928 3506 [p.
2951 3433 3052 3505 577
3075 3436 3324 3503 Wcss.]),
3348 3433 3664 3489 Claudianus
3688 3434 3782 3494 lib.
3806 3452 3841 3491 2

2292 3514 2350 3566 in
2372 3511 2622 3567 Rufinum
2639 3522 2694 3566 et
2715 3512 2772 3567 in
2789 3510 2994 3566 laudem
3018 3514 3239 3569 Serena.
3261 3510 3466 3567 Divina
3479 3530 3643 3585 porro
3668 3523 3838 3582 vocat,

2291 3590 2452 3664 hujus
2473 3590 2632 3646 seculi
2675 3591 2809 3664 stylo
2824 3633 2839 3658 ,
2865 3594 3196 3666 imperatoria
3221 3611 3315 3647 seu
3356 3590 3425 3646 ad
3465 3592 3842 3666 imperatorum

2295 3689 2436 3727 usus.
2459 3674 2524 3727 In
2548 3672 2650 3727 boc
2673 3671 2858 3726 eodem
2885 3683 3193 3743 argumento
3209 3672 3527 3728 Claudianus
3552 3672 3610 3727 iu
3635 3672 3845 3730 laudem

2297 3753 2503 3805 Seoenae
2531 3766 2546 3804 ε
2579 3754 2722 3817 Quos
2761 3748 2996 3819 Phrygiae
3020 3762 3208 3805 inatres
3227 3790 3241 3815 ,
3278 3756 3569 3824 Argeaque
3601 3752 3845 3821 gramina

2288 3842 2488 3902 pasta,
2509 3848 2612 3883 sem
2619 3829 2700 3883 ine
2729 3826 3090 3902 Cappadocum
3105 3868 3121 3892 ,
3141 3827 3311 3882 sacris
3321 3816 3646 3903 pta-sepibus
3662 3829 3840 3887 edunt.

2294 3909 2634 3963 Nemesianus
2663 3924 2678 3961 ε
2707 3906 3005 3981 Coe-nipedes
3035 3906 3200 3976 igitur
3229 3906 3384 3962 lectos
3401 3907 3491 3961 det
3517 3908 3724 3962 Groeeia
3751 3928 3842 3963 no·

2296 3987 2408 4051 bis,
2453 3985 2908 4061 Cappadocumque
2945 3998 3097 4040 notas
3122 3986 3312 4055 rrseem
3331 4004 3574 4055 generosa
3607 4005 3846 4061 propago

2297 4070 2491 4136 ΛΡΜ
2528 4078 2580 4121 ee
2595 4066 2794 4141 palmoe
2821 4083 2986 4139 nuper
3003 4083 3132 4134 grex
3169 4065 3370 4119 nomine
3413 4084 3644 4121 saonam,
3671 4090 3696 4113 ι
3728 4068 3842 4122 Go-

2295 4164 2630 4200 rueramus.
2640 4147 2662 4214 ΙΙ
2675 4148 2779 4215 -S
2799 4150 2860 4210 41
2880 4149 2942 4200 A.
2963 4144 3440 4217 eminentissimum]
3459 4145 3845 4201 whementissi·

2297 4242 2438 4277 mum
2465 4224 2592 4278 Car.
2617 4233 2670 4278 et
2695 4224 2815 4279 Par.
2847 4247 2870 4269 ι
2899 4220 3265 4294 Cappadocum
3286 4222 3518 4294 alioquin
3549 4224 3664 4294 (qui
3686 4223 3840 4279 Gala-

2299 4303 2364 4357 tis
2391 4302 2642 4375 proximi)
2664 4303 2812 4374 panis
2840 4300 2964 4355 olim
2997 4302 3050 4355 iu
3073 4304 3263 4374 pretio.
3292 4303 3364 4359 V.
3400 4301 3678 4355 Atheniens
3713 4302 3766 4369 3,
3791 4322 3842 4360 c.

2298 4383 2365 4436 28
2394 4399 2448 4454 p.
2479 4381 2578 4435 113
2600 4392 2654 4435 et
2679 4384 2733 4446 4,
2755 4398 2804 4435 c.
2830 4396 2883 4436 2.
2909 4406 2932 4428 ι
2963 4382 3243 4438 Gomon.

2367 4464 2398 4529 s
2417 4464 2485 4524 [02
2517 4463 2585 4515 A.
2603 4458 2891 4530 nominata]
2911 4460 2946 4515 i.
2971 4478 3020 4513 e.
3038 4458 3310 4531 ὀνομαστή.
3326 4464 3390 4515 In
3415 4462 3456 4515 B
3473 4479 3654 4515 vocem
3680 4461 3848 4516 solam

2296 4539 2613 4611 interpretor
2636 4540 2842 4593 unicam
2857 4579 2872 4603 ‚
2895 4538 3202 4609 singularem
3217 4579 3232 4603 .
3261 4541 3546 4611 egregiam.
3567 4558 3676 4613 quo
3693 4558 3850 4595 seusu

2297 4618 2456 4673 habes
2482 4621 2512 4687 S
2534 4618 2600 4672 35
2634 4636 2794 4671 unum
2814 4629 2866 4671 et
2888 4616 3055 4672 solum
3087 4619 3474 4693 spectaculum5
3501 4638 3668 4691 groece
3691 4618 3850 4675 suerit

2295 4694 2547 4769 μοναχὴν,
2572 4695 2718 4767 quod
2751 4714 2811 4751 ea
2835 4696 3207 4767 significatione
3231 4696 3337 4751 dici
3361 4716 3547 4753 censeo
3565 4700 3619 4751 in
3639 4698 3846 4771 Periplo

2299 4794 2433 4833 mar.
2478 4776 2692 4848 Erythr.
2723 4778 2756 4847 s
2803 4780 2836 4831 6
2873 4786 2928 4830 οι
2969 4779 3030 4841 ¹4
3061 4778 3216 4845 (tom.
3250 4794 3301 4841 ι,
3343 4795 3399 4849 p.
3425 4777 3530 4831 263
3575 4788 3630 4831 οι
3665 4780 3794 4848 267)
3825 4793 3841 4831 z

2297 4852 2494 4908 ὀθόνιον
2526 4851 2737 4907 Ἰνδικὸν
2768 4853 2828 4907 tl>
2855 4854 3174 4926 πλατῦτερον,
3199 4855 3233 4923 ἦ
3258 4874 3314 4909 τι
3355 4854 3604 4929 λεγομένη
3647 4854 3844 4928 μονα-χὴ

2297 4932 2382 4988 καὶ
2406 4932 2440 5001 ἡ
2466 4932 2848 5005 σαγματογήνη.
2871 4932 3176 4988 Laodicena
3196 4944 3362 4988 vestes
3389 4936 3446 4989 iu
3470 4934 3680 5008 Periplo
3710 4951 3841 4989 mar.

2297 5015 2391 5069 Er.
2421 5016 2452 5082 S
2476 5016 2544 5077 24
2565 5012 2770 5075 λώδιιιες
2794 5012 2898 5066 dici
2923 5011 3180 5067 videntur.
3203 5015 3446 5067 Ceterum
3470 5012 3538 5067 de
3564 5011 3682 5067 lana
3709 5014 3843 5066 Lao-

2298 5091 2459 5146 diceae
2479 5109 2532 5145 ν.
2559 5089 2747 5145 Strabo
2767 5109 2821 5164 p.
2849 5090 2950 5162 578
2978 5108 2992 5145 :
3021 5092 3168 5163 Φέρει
3187 5092 3234 5144 δ’
3253 5092 3283 5145 ὃ
3308 5092 3420 5163 περὶ
3442 5090 3533 5159 τὴν
3555 5090 3843 5146 Λαοδίκειαν

2299 5171 2447 5233 τόπος
2484 5188 2550 5241 πρ
2559 5170 2752 5224 οὸάτων
2793 5168 2963 5241 ἀρετὰς
2988 5169 3076 5224 οὖν.
3099 5169 3166 5234 εἰς
3195 5171 3518 5242 μαλακότητα
3546 5172 3698 5243 μόνον
3741 5175 3842 5225 τῶν

2299 5244 2519 5323 ἔρίων,ᾖ
2547 5250 2632 5304 καὶ
2656 5249 2719 5303 τὰ
2741 5254 2836 5304 τῶν
2852 5250 3118 5318 Μιλησίων
3136 5250 3377 5322 διαφέρει,
3399 5249 3532 5303 ἀλλὰ
3554 5250 3638 5305 καὶ
3661 5248 3726 5313 εἰς
3749 5246 3842 5317 τὴν

2298 5327 2504 5401 κοραξῆν
2527 5330 2707 5401 χρόαν,
2739 5331 2867 5384 ὥστε
2888 5330 2974 5384 καὶ
2995 5330 3374 5403 προσοδιῦονται
3396 5328 3633 5403 λαμπρῶς
3659 5328 3743 5385 ἀπ’
3757 5328 3844 5384 αδ-
