4584 6284
1937 532 2162 595 ottms
2203 532 2684 596 nEscmP‘no.

841 672 1046 751 Ἴστρος
1061 716 1076 744 ,
1093 672 1142 736 ἰς
1161 667 1407 742 ἀντολίην
1425 668 1782 747 τετραμμένος
1807 666 1930 745 ἄχρι
1947 663 2213 737 θαλάσσης

724 780 806 823 ³⁰⁰
839 758 1107 829 Εὐξείνου,
1139 756 1250 819 τόθι
1281 765 1459 817 πᾶσαν
1487 753 1756 837 ἕρεύγιται
1785 752 1966 821 ὕδατος
1989 754 2175 833 ἄχνην,

843 847 1186 926 πενταπόροις
1206 848 1498 925 προχοῇσιν
1521 841 1852 922 ἑλισσόμενος
1869 841 1990 922 περὶ
2015 840 2250 915 ΙΙιῦιιην.

841 939 954 998 Τοῦ
979 933 1075 1013 μὲν
1100 935 1228 1015 πρὸς
1258 932 1444 1015 βορέην
1472 930 1827 1009 τιτανυσμίνα
1851 933 1986 1011 φῦλα
2005 928 2252 1011 κέχυνται

847 1024 1019 1083 πολλὰ
1061 1022 1188 1100 μάλ’
1219 1022 1388 1094 ίξιίης
1431 1019 1730 1086 Μαιώτιδος
1758 1022 1808 1085 ἐς
1848 1019 2018 1097 στόμα
2043 1018 2253 1098 λίμνης,

844 1108 1104 1192 Γερμανοὶ
1133 1108 1386 1189 Σαμάται
1404 1132 1462 1169 τι
1485 1105 1646 1169 Γίται
1672 1107 1716 1167 θ’
1735 1106 1844 1185 ἅμα
1863 1106 2162 1189 Βαστάρναι
2177 1129 2253 1181 τι,

729 1216 809 1261 3⁰⁶
832 1201 1020 1259 Δακῶν
1047 1198 1092 1256 τ’
1123 1194 1349 1265 ἄσπετος
1377 1186 1466 1255 αἶα
1486 1196 1576 1255 καὶ
1599 1192 1882 1266 ἀλκήεντες
1908 1194 2130 1269 Ἀλανοί,

839 1288 890 1347 Τ
894 1284 1042 1366 αῦροί
1067 1282 1132 1357 θ’,
1158 1283 1207 1345 οἳ
1249 1284 1480 1345 ναίουσιν
1520 1282 1794 1363 Ἀχιλλῆος
1828 1282 2018 1363 δρόμον
2065 1282 2254 1356 αἰπύν,

845 1371 1040 1433 στεινὸν
1056 1376 1186 1449 ὁμοῦ
1215 1369 1422 1453 δολιχόν
1439 1396 1514 1443 τε,
1527 1372 1617 1431 καὶ
1629 1374 1788 1442 αὐτῆς
1798 1372 1848 1439 ἐς
1863 1370 2032 1450 στόμα
2047 1371 2252 1450 λίμνης.

809 1471 822 1484 ’
848 1466 900 1525 Τ
902 1465 974 1520 ῶν
997 1462 1042 1520 δ’
1063 1460 1193 1541 ὅπερ
1217 1461 1490 1521 ἐκτέταται
1503 1453 1813 1520 πολυίππων
1833 1461 1992 1541 φῦλον
2003 1458 2252 1539 Ἀγαυῶν·

851 1549 968 1607 ἔνθα
1011 1546 1416 1629 Μιλάγχλαινοί
1453 1570 1510 1607 τε
1552 1546 1644 1605 καὶ
1672 1545 1848 1624 άνίρις
1871 1544 2252 1625 Ἱππημολγοί,

701 1758 822 1812 300.
861 1758 1016 1811 πᾶσαν
1033 1756 1052 1827 ]
1072 1755 1168 1827 γὰρ
1204 1761 1322 1821 BB;
1349 1758 1672 1828 πενταπόροιο
1703 1757 1878 1818 BHM
1916 1757 2156 1826 προχοαῖς
2185 1758 2254 1818 D,

698 1839 961 1907 προχοῦσιν
991 1834 1044 1897 b,·
1066 1835 1218 1907 περὶ]
1249 1834 1378 1907 παρα
1408 1839 1591 1906 Oqu,
1616 1832 1741 1888 κατὰ
1760 1837 1834 1887 D.
1865 1835 1888 1905 ΙΙ
1918 1862 1991 1875 -
2015 1834 2136 1887 302.
2171 1836 2258 1887 τοῦ

699 1915 750 1969 δὲ
771 1932 818 1970 c.
846 1912 1108 1969 Brunkius
1146 1914 1311 1968 voluit
1340 1918 1428 1967 τοῦ
1452 1912 1570 1985 πρὸς
1595 1911 1680 1985 μὶν
1707 1911 1878 1983 βορέην
1896 1951 1912 1974 ,
1933 1909 2018 1963 cui
2043 1926 2259 1981 respon·

698 1991 844 2047 deret
861 2011 938 2047 vs.
963 1994 1061 2047 321
1085 1992 1204 2065 πρὸς
1229 1991 1284 2047 Bi
1305 1993 1472 2047 νότον.
1501 1990 1764 2063 κέχυνται]
1787 1991 2264 2045 BEFGHKLMN

698 2070 1260 2144 OYXbcgleklmnoprt'
1279 2082 1333 2126 et
1349 2090 1474 2143 mgo
1497 2074 1572 2134 C;
1597 2071 1826 2142 νέμονται
1851 2078 1974 2124 cett.
2004 2078 2058 2121 et
2083 2085 2204 2138 mgo
2231 2086 2262 2121 c

695 2162 750 2206 οι
773 2150 921 2206 editt.
954 2152 978 2223 ss
1003 2180 1078 2192 -
1105 2151 1231 2207 303.
1259 2152 1462 2205 Versus
1486 2149 1591 2206 303
1617 2159 1673 2202 ει
1697 2148 1800 2213 304
1823 2148 1948 2202 citat
1969 2145 2258 2219 stephanus

695 2232 818 2303 Byz.
851 2230 1144 2301 Βαστάρναι.
1191 2255 1215 2278 ι
1245 2229 1410 2285 πολλὰ
1439 2228 1526 2302 μὶν
1548 2226 1604 2293 d,
1643 2226 1736 2283 scd
1783 2226 2057 2281 Koehlerus
2081 2224 2256 2297 μεγάλ’

699 2310 942 2367 enotavit.
976 2332 998 2359 ι
1021 2311 1232 2364 Banna.
1252 2340 1327 2352 —
1343 2308 1402 2362 άν
1422 2310 1582 2381 στόμα
1597 2325 1691 2382 eq:
1708 2306 1773 2371 εἰς
1793 2324 1872 2363 στ.
1896 2309 1968 2363 Ν.
1993 2306 2014 2376 ΙΙ
2038 2334 2110 2347 -
2131 2305 2251 2369 304.

699 2388 952 2461 Σαρμάται
990 2386 1789 2459 ABCDFGHKMNObcefhn,
1822 2384 2065 2459 Stephani
2107 2382 2254 2439 codi-

703 2484 815 2532 ces,
861 2468 918 2521 in
939 2466 1132 2539 quibus
1167 2469 1450 2523 Perusinus
1486 2486 1540 2522 τι
1585 2478 1704 2521 ante
1738 2466 1874 2521 Γέται
1915 2465 2118 2531 omisit,
2155 2482 2254 2537 pro

703 2546 843 2601 Γέται
872 2544 1039 2601 codex
1067 2564 1097 2599 c
1121 2546 1280 2602 habet
1313 2548 1480 2602 Γαίται
1506 2566 1520 2603 :
1550 2547 1682 2601 adeo
1711 2556 1770 2601 ut
1806 2544 2018 2617 quidam
2047 2562 2252 2599 versum

703 2624 971 2680 excudisse
1015 2624 1290 2680 videantur
1326 2626 1602 2681 scribendo
1641 2625 1887 2697 Σαρμᾶται
1907 2664 1924 2691 ,
1971 2624 2130 2679 Γέται.
2165 2624 2248 2680 Cf.

703 2702 938 2757 Eustath.
969 2701 1036 2756 ad
1069 2721 1116 2759 v.
1150 2706 1272 2769 284.
1311 2706 1334 2777 ss
1357 2736 1428 2748 —
1455 2705 1574 2761 305.
1609 2704 1778 2758 Δακῶν
1802 2704 1846 2758 δ’
1874 2703 1937 2759 de
1979 2702 2128 2769 Ald.;
2157 2704 2251 2757 Δα·

703 2790 802 2837 κῶν
841 2782 884 2837 θ’
927 2800 980 2845 c,-
1021 2780 1308 2855 ἇλιιήεντες]
1337 2782 1576 2838 ardentes
1601 2782 1731 2837 dicit
1763 2782 2003 2838 Valerius
2039 2783 2252 2839 Flaccus

701 2866 827 2933 Arg.
864 2866 916 2927 6,
940 2866 1028 2925 42.
1056 2860 1139 2917 Cf.
1167 2860 1326 2916 duros
1361 2862 1540 2916 αισι-πὶ
1562 2862 1764 2917 Martis
1800 2862 2002 2917 Alanos
2027 2880 2114 2935 ap.
2147 2865 2255 2918 Lu-

699 2960 814 2996 can.
853 2943 905 3005 8,
939 2940 1025 2996 30.
1067 2940 1220 2996 Alani
1249 2943 1384 2995 inter
1417 2944 1588 2996 Dacos
1622 2951 1676 2995 et
1713 2942 1918 2996 Tauros
1957 2959 2253 2996 memoran-

701 3030 805 3075 tur.
832 3018 990 3088 Quod
1007 3020 1052 3074 si
1079 3038 1316 3092 premere
1339 3021 1485 3088 licet,
1514 3022 1796 3094 Dionysius
1823 3022 1958 3077 inter
1983 3023 2178 3076 Istrum
2199 3034 2253 3076 et

701 3098 1072 3171 Borysthenem
1101 3097 1290 3153 alicubi
1319 3117 1407 3153 eos
1439 3101 1642 3171 posuit,
1675 3117 1798 3153 cum
1825 3102 2018 3155 rectius
2053 3100 2252 3156 Plinius

696 3177 848 3249 juxta
883 3177 1212 3232 Rhoxalanos
1252 3176 1320 3232 ad
1369 3179 1686 3232 maritimam
1713 3196 1862 3232 oram
1884 3219 1900 3243 ,
1945 3178 2252 3233 Ptolemaeus

702 3274 856 3329 supra
881 3256 1206 3311 Rhoxalanos
1249 3259 1306 3311 in
1339 3256 1732 3311 mediterraneis
1760 3268 1942 3330 ponat.
1985 3260 2055 3313 At
2085 3276 2250 3330 quum

705 3336 854 3389 Alani
874 3336 1114 3405 Europaei
1137 3337 1364 3389 maxime
1381 3335 1769 3389 incursionibus
1783 3338 1890 3389 suis
1914 3336 1968 3389 in
1983 3336 2249 3390 Danubiu-

706 3430 797 3465 nas
827 3413 1058 3482 regiones
1101 3413 1334 3485 Dionysii
1371 3424 1607 3487 tempore
1635 3415 1996 3479 innotuerint,
2033 3431 2148 3467 eam
2181 3414 2252 3468 ob

709 3508 912 3545 causam
937 3490 1018 3544 his
1039 3492 1338 3560 regionibus
1365 3492 1556 3547 vicinas
1583 3491 1734 3546 sedes
1753 3503 1906 3565 poeta
1933 3494 1996 3546 iis
2023 3493 2248 3563 assigna·

707 3570 798 3623 vit.
820 3568 900 3624 Ad
923 3570 1094 3642 ipsum
1117 3572 1312 3624 Istrum
1335 3570 1530 3626 Alanos
1553 3582 1760 3644 penum
1787 3571 1980 3625 Senem
2009 3571 2246 3645 (Thyest.

709 3650 842 3721 629)
886 3658 938 3702 et
969 3646 1208 3704 Valerius
1249 3648 1460 3703 Flaccus
1485 3653 1540 3715 8,
1568 3666 1692 3719 217.
1741 3650 1822 3703 De
1860 3648 2037 3705 Alanis
2085 3660 2251 3703 terras

710 3728 954 3783 Danubio
991 3730 1258 3801 proximas
1294 3728 1656 3784 infestantibus
1704 3729 1822 3783 vide
1855 3730 2043 3785 AElian.
2076 3730 2248 3801 Spart.

709 3808 960 3863 Hadrian.
1005 3826 1053 3862 c.
1093 3812 1148 3874 4,
1188 3814 1242 3873 6,
1279 3810 1385 3865 Jul.
1413 3810 1634 3883 Capitol.
1665 3814 1863 3864 Anton.
1900 3811 1978 3864 Pii
2007 3828 2055 3864 c.
2100 3814 2153 3873 6,
2186 3813 2248 3877 8,

707 3890 871 3943 Marc.
893 3906 940 3943 c.
963 3903 1051 3952 22,
1075 3887 1164 3941 ubi
1181 3890 1442 3943 Bastar-nze
1464 3899 1516 3942 et
1536 3888 1748 3943 Peucini
1765 3898 1818 3941 et
1829 3888 2114 3943 Rhoxalani
2132 3906 2252 3941 eum

709 3966 887 4023 Alanis
925 3976 1337 4039 componuntur.
1369 3968 1612 4021 Ceterum
1655 3967 1722 4021 de
1762 3966 1940 4023 Alanis
1981 3966 2101 4021 vide
2137 3986 2253 4039 qun

708 4048 964 4118 congessit
990 4044 1218 4101 Ukertus
1247 4049 1428 4116 Geogr.
1463 4047 1516 4113 3,
1545 4063 1599 4114 2,
1629 4064 1684 4119 p.
1709 4047 1809 4099 552
1831 4064 1946 4119 sqq.
1968 4057 2020 4100 et
2041 4048 2251 4118 passim.

714 4128 738 4198 ΙΙ
766 4156 838 4169 --
868 4127 988 4182 306.
1018 4122 1200 4197 αἰπύν]
1224 4124 1334 4188 ὀξὺν
1361 4126 1526 4181 Kkm.
1561 4126 1844 4200 Epitheton
1869 4125 2006 4189 αἰπὺς
2040 4126 2272 4181 minime..

709 4204 930 4277 quadrat
949 4205 1004 4259 in
1035 4204 1286 4258 humilem
1315 4206 1468 4259 istam
1496 4206 1702 4259 taeniam
1733 4222 1849 4276 quae
1865 4208 2058 4259 Cursus
2083 4205 2256 4259 Aelnil-

707 4282 817 4338 leus
853 4282 1154 4339 vocabatur.
1188 4283 1378 4338 Hillius
1414 4283 1629 4356 quidem
1653 4302 1684 4338 a
1719 4284 1974 4339 Strabone
1997 4283 2252 4337 excelsum

707 4364 1126 4437 promontorium
1157 4364 1214 4418 in
1250 4375 1488 4421 extremo
1513 4382 1673 4419 cursu
1701 4365 1977 4419 memorari
2015 4362 2174 4429 dicit,
2203 4374 2256 4417 at

707 4444 835 4499 nihil
860 4442 959 4498 tale
980 4442 1118 4515 apud
1137 4443 1450 4500 Strabonem
1472 4448 1556 4517 (p.
1587 4444 1713 4517 307)
1739 4444 1946 4515 legitur.
1969 4444 2190 4515 ΙΙ-307.
2207 4442 2253 4505 i<

711 4522 886 4595 στόμα]
903 4521 1090 4595 ἔσχατα
1113 4528 1166 4580 E
1168 4528 1212 4578 G
1223 4528 1276 4581 K
1281 4524 1642 4597 LNXbilmpr.
1657 4523 1908 4578 Nonnulli
1935 4541 2068 4595 aegre
2082 4522 2254 4577 tulisse

713 4603 950 4657 ridentur
972 4604 1334 4676 repetitionem
1370 4603 1652 4657 verborum
1692 4601 1739 4666 ἐς
1775 4604 1932 4675 στόμα
1962 4601 2138 4675 λίμνης
2178 4620 2250 4656 vs.

718 4684 818 4741 303
837 4693 889 4737 et
913 4684 1033 4752 307.
1063 4684 1308 4739 Ceterum
1325 4684 1504 4758 λίμνην
1533 4686 1686 4739 istam
1709 4702 1820 4739 esse
1845 4684 2168 4749 Maeetidem,
2196 4694 2255 4737 ut

717 4771 854 4815 recte
875 4760 1162 4830 intelligunt
1197 4764 1486 4817 Priscianus
1509 4774 1562 4817 et
1581 4762 1666 4816 alii
1695 4773 1891 4816 veteres
1917 4764 2223 4835 interpretas
2234 4801 2249 4828 ,

719 4838 800 4893 vel
821 4858 886 4894 ex
909 4856 1034 4893 voce
1054 4839 1198 4909 αὖτῆς
1213 4842 1436 4913 colligas.
1461 4841 1620 4913 Quod
1641 4860 1832 4897 moneo
1857 4854 2070 4916 propter
2093 4844 2256 4897 Bern-

715 4916 974 4992 hardyum
989 4919 1160 4973 sinum
1176 4922 1468 4977 Carciniten
1483 4922 1702 4976 indicari
1718 4924 2038 4995 opinantem.
2058 4924 2256 4978 Tauro-

712 4999 920 5071 scythas
941 5000 996 5052 iu
1025 5000 1196 5054 Cursu
1220 5000 1449 5056 Achilleo
1469 5002 1621 5057 etiam
1646 5001 1948 5057 Ptolemaeus
1972 5014 2026 5057 et
2057 5003 2255 5057 Plinius

713 5083 771 5144 6,
798 5084 868 5133 26
887 5082 916 5149 S
937 5079 1002 5134 83
1029 5078 1303 5133 collocant.
1334 5080 1554 5135 Eosdem
1594 5092 1779 5153 sponte
1801 5082 2104 5153 intelligitur
2129 5100 2254 5135 con·

715 5157 904 5211 sedisse
927 5159 982 5211 in
1000 5156 1324 5213 Chersoneso
1340 5159 1551 5213 Taurica
1568 5198 1583 5225 ,
1599 5158 1745 5231 cujus
1777 5164 1998 5215 Taurum
2023 5172 2253 5215 montem

717 5236 952 5307 Bosporo
973 5235 1262 5289 Cimmerio
1287 5237 1647 5289 imminentem
1683 5248 1936 5291 memorat
1974 5238 2256 5309 Dionysius

725 5320 842 5371 168.
877 5316 902 5387 ss
928 5343 1001 5356 -
1023 5314 1141 5372 308.
1168 5317 1262 5388 Τῷ
1283 5316 1326 5368 δ’
1344 5335 1379 5390 q
1394 5336 1414 5379 ,·
1439 5314 1688 5388 Ἀγαυῶν]
1715 5315 1922 5389 ’Δγαρῶν
1951 5321 2014 5386 F,
2043 5316 2255 5389 Ἀγανῶν

718 5394 818 5464 git,
851 5392 1060 5449 Ἀλανῶν
1085 5396 1244 5449 ceteri
1260 5434 1277 5461 ,
1303 5406 1559 5467 quantum
1594 5398 1772 5450 sciam.
1802 5396 2064 5451 Berkelius
2085 5408 2254 5451 tamen

2340 676 2477 728 Ister
2498 678 2553 728 in
2576 685 2755 730 ortum
2780 692 3063 729 conversus
3088 692 3251 749 usque
3272 676 3339 731 ad
3364 679 3631 731 Euxinum

2344 778 2520 827 mare,
2547 761 2605 817 in
2630 760 2777 834 quod
2799 779 3011 817 omnem
3034 780 3289 835 aquarum
3313 782 3553 837 spumam
3578 778 3859 836 exonera,

2342 847 2480 902 ostio
2504 846 2819 921 quintuplici
2842 850 3043 903 circum
3069 850 3273 904 Peucen
3306 850 3599 923 prolabens.

2344 934 2409 987 Ei
2432 933 2498 987 ad
2526 935 2908 1007 septentriones
2943 932 3151 989 diffuse
3173 934 3419 1009 deinceps
3456 936 3695 993 habitant
3720 950 3899 1011 gentes

2341 1022 2633 1077 admodum
2656 1021 2833 1076 multxe
2854 1021 3117 1077 Meotidis
3143 1022 3347 1095 paludis
3377 1026 3513 1079 ostio
3538 1036 3690 1080 tenus
3705 1066 3724 1093 ,

2342 1111 2625 1177 Germani,
2645 1111 2923 1177 Sarmatae,
2950 1108 3210 1183 simulque
3230 1113 3377 1167 Getoe
3410 1122 3463 1166 et
3480 1114 3741 1169 Bastarna!
3752 1154 3769 1181 ,

2343 1202 2715 1272 Dacorumque
2740 1201 2993 1253 immensa
3020 1209 3161 1253 terra
3180 1210 3231 1254 et
3256 1198 3483 1255 bellicosi
3505 1200 3690 1266 Alani,

2342 1299 2501 1361 atque
2520 1290 2684 1343 Tauri
2702 1328 2719 1355 ,
2750 1288 2843 1360 qui
2865 1286 3095 1342 arduum
3118 1287 3333 1342 Achillis
3354 1305 3565 1342 cursum
3588 1287 3897 1355 inhabitant,

2342 1388 2623 1449 angustum
2648 1377 2997 1449 longumque,
3016 1386 3071 1431 et
3094 1393 3259 1449 usque
3280 1376 3346 1431 ad
3366 1376 3529 1450 ipsius
3551 1394 3609 1430 os
3626 1376 3832 1451 paludis

2342 1467 2511 1539 Super
2532 1467 2629 1521 bos
2660 1482 2785 1537 gens
2819 1466 3141 1537 equestrium
3173 1470 3476 1537 Agauen-um
3500 1463 3833 1537 expanditur,

2344 1552 2523 1625 ibique
2544 1552 2901 1607 Melanchlaeni
2930 1561 3055 1605 sunt
3076 1551 3481 1625 et'Hippemolgi
3498 1592 3516 1618 ,

2347 1752 2415 1808 ad
2440 1754 2621 1827 Stepb.
2642 1756 2767 1826 Byr..
2799 1771 2848 1806 v.
2878 1752 3033 1807 Ἀὅιοι
3056 1752 3361 1807 salmasium
3388 1754 3441 1807 in
3468 1752 3685 1824 optimis
3712 1753 3909 1825 Diony·

2348 1833 2411 1887 sii
2432 1831 2577 1888 libris
2600 1832 2815 1905 Ἇγαυῶν
2842 1832 3098 1904 reperisse
3120 1831 3297 1885 refert.
3326 1829 3463 1885 nob.
3502 1840 3555 1883 et
3592 1831 3757 1884 Henr.
3793 1832 3907 1886 Ste-

2348 1911 2551 1983 phanus
2584 1912 2709 1965 item
2756 1912 2951 1964 variam
2984 1909 3259 1963 lectionem
3306 1919 3562 1964 annotant
3598 1907 3811 1980 Ἀγαυῶν
3852 1921 3906 1965 et

2354 1989 2588 2063 Ἆγανῶν.
2614 1991 2915 2047 Eustathius
2943 1989 3068 2061 legit
3100 1987 3311 2044 Ἀλανῶν
3326 2032 3343 2057 ,
3368 1988 3629 2063 siquidem
3656 1988 3856 2044 Alanos
3877 2010 3905 2045 a

2346 2081 2501 2145 poeta
2524 2081 2579 2126 et
2599 2069 2870 2138 άλκήεντας
2896 2080 2951 2125 et
2976 2069 3275 2133 πολυίππους
3311 2070 3485 2123 vocari
3508 2068 3658 2125 dicit.
3692 2066 3905 2141 ’Δγανῶν

2346 2149 2621 2205 lectionem
2652 2150 2889 2221 agnoscis
2918 2150 2973 2204 in
3004 2148 3222 2221 Ἀγανῶν
3260 2148 3505 2204 codicum
3522 2148 3609 2219 gie
3632 2149 3912 2219 (similiter

2344 2232 2563 2382 ἙΣΞ
2582 2231 2642 2381 3³3
2675 2229 3101 2382 &03:⁰33
3120 2228 3912 2381 {3250-‚3‘35-3‘310213‘3303‘2

2344 2392 2367 2460 (
2387 2392 2625 2463 quamvis
2672 2398 3034 2444 memorentur
3071 2389 3229 2459 Agari
3286 2386 3490 2459 Scythae
3526 2405 3557 2441 a
3600 2388 3911 2443 Dioscoride

2344 2471 2397 2537 3,
2430 2488 2453 2525 1
2480 2482 2533 2525 ct
2560 2472 2803 2544 Appiano
2832 2468 3019 2523 Mithr.
3043 2469 3110 2523 88
3143 2478 3300 2541 atque
3327 2467 3531 2539 Ἀγαρος
3555 2466 3612 2520 ss.
3638 2484 3725 2538 ap.
3769 2468 3906 2525 Ptol.

2343 2551 2396 2614 3,
2415 2549 2443 2603 5
2458 2566 2617 2623 supra
2633 2548 2912 2602 Tauricam
2934 2544 3263 2620 peninsulam
3282 2548 3336 2600 in
3356 2543 3657 2601 maeotidem
3680 2546 3903 2620 exiens);

2342 2631 2573 2702 denique
2601 2627 2812 2701 Ἀγαυῶν
2840 2627 3119 2681 lectionem
3144 2626 3451 2699 exprimunt
3472 2636 3527 2679 et
3563 2626 3907 2698 Paraphrasta

2340 2716 2395 2760 et
2415 2707 2745 2781 Nicephorus
2774 2706 3090 2762 Blemmides
3116 2716 3169 2761 et
3190 2708 3483 2762 Priscianus
3500 2721 3605 2776 299
3634 2706 3907 2772 (Avienus

2343 2785 2491 2841 hunc
2537 2788 2777 2860 Dionysii
2831 2804 3042 2841 versum
3088 2804 3195 2841 non
3236 2783 3538 2855 reddidit),
3594 2801 3909 2857 assensuque

2343 2884 2445 2920 suo
2468 2868 2767 2939 probarunt
2802 2865 3072 2920 Berkelius
3088 2905 3105 2932 ,
3150 2864 3451 2919 Holstenius
3478 2874 3529 2917 et
3572 2864 3808 2935 Heynius
3840 2864 3907 2918 ad

2343 2946 2506 2999 Hom.
2534 2946 2597 3000 ll.
2636 2946 2719 3009 13,
2746 2948 2796 3010 5,
2818 2962 3048 3017 quorum
3070 2946 3125 2999 in
3148 2956 3321 3016 partes
3338 2962 3437 3014 ego
3458 2960 3671 3015 quoque
3696 2942 3903 2999 secedo.

2343 3026 2476 3079 Nam
2503 3044 2601 3081 cur
2629 3025 2781 3080 Alani
2810 3042 2859 3079 v.
2904 3024 3003 3078 305
3034 3024 3307 3077 memorati
3343 3021 3453 3096 jam
3478 3024 3673 3076 iterum
3704 3039 3905 3079 memo-

2342 3114 2549 3168 rentur,
2584 3104 2841 3157 rationem
2882 3100 3209 3176 probabilem
3246 3100 3529 3155 desideras.
3556 3100 3755 3155 Contra
3784 3119 3909 3157 vero

2341 3192 2545 3237 constat
2570 3185 2625 3236 in
2656 3182 2952 3237 Homericis
2982 3182 3093 3235 istis
3116 3181 3209 3249 (Il.
3235 3181 3317 3245 13,
3352 3182 3423 3251 5)
3451 3196 3464 3232 z
3495 3179 3579 3233 καὶ
3606 3178 3801 3249 ἀγαυῶν
3830 3178 3907 3235 tu-

2341 3259 2615 3331 πημολγῶν
2633 3299 2650 3324 ,
2687 3258 3051 3332 γλακτοφάγων
3092 3256 3241 3311 άὸίων
3275 3276 3347 3323 τι,
3372 3258 3693 3309 δικαιοτάτων
3722 3255 3908 3328 ἀνθρώ-

2340 3358 2468 3404 πων,
2502 3337 2695 3391 multos
2732 3336 2927 3408 ἀγαυῶν
2968 3336 3275 3391 vooebulum
3306 3336 3549 3391 habuisse
3588 3352 3688 3407 pro
3736 3337 3906 3404 gentis

2342 3417 2559 3470 nomine
2575 3417 2818 3489 proprio.
2840 3418 2911 3468 V.
2944 3414 3119 3469 Schol.
3153 3416 3291 3470 Ven.
3316 3413 3380 3467 ad
3410 3413 3473 3467 Il.
3513 3415 3595 3479 13,
3631 3415 3682 3477 5,
3715 3414 3902 3468 Eusta-

2341 3494 2483 3547 thius
2518 3492 2587 3546 ad
2614 3494 2775 3548 Hom.
2814 3492 2851 3545 l.
2888 3492 2946 3556 l.,
2976 3492 3265 3562 Hesychius
3302 3510 3351 3546 v.
3387 3488 3613 3561 Ἀγαυοί,
3642 3487 3905 3561 Apollonii

2340 3574 2469 3627 Lex.
2500 3574 2660 3626 Hom.
2686 3590 2743 3644 p.
2766 3570 2834 3625 25
2865 3590 2878 3626 :
2902 3570 3131 3641 σημαίνει
3158 3570 3241 3623 καὶ
3271 3569 3409 3633 ἔθνος
3434 3568 3741 3641 ὀνοματικῶς
3770 3566 3900 3621 οὕτω

2338 3649 2646 3724 λιγόμινονς
2667 3648 2963 3721 Stephanus
2986 3650 3111 3721 Byz.
3137 3665 3187 3703 v.
3214 3648 3370 3702 Ἀὅιοι
3392 3667 3405 3704 :
3438 3646 3489 3701 οἱ
3510 3646 3705 3711 πλείους
3727 3644 3781 3700 δὲ
3806 3652 3905 3699 τῶν

2339 3731 2788 3804 ὑπομνηματιστῶν
2816 3727 3010 3783 ἔπίθετά
3042 3746 3159 3801 φασι
3182 3734 3278 3783 τῶν
3304 3728 3515 3801 ’Δγαυῶν
3547 3727 3606 3782 rb
3632 3726 3909 3799 γλακτοφά·

2340 3830 2445 3882 γων
2466 3810 2549 3863 καὶ
2582 3810 2640 3864 τὶ)
2674 3809 2849 3863 άὸίων.
2889 3806 3091 3862 Eodem
3116 3807 3277 3878 igitur
3297 3806 3461 3862 modo
3481 3807 3639 3860 etiam
3668 3806 3905 3877 Dionysii

2340 3898 2543 3953 auctor,
2566 3886 2905 3961 quantumvis
2930 3902 3227 3958 perperam,
3244 3884 3499 3939 statuerit.
3528 3886 3738 3955 Agaues
3756 3882 3902 3948 istos,

2342 3968 2435 4039 qui
2463 3966 2929 4037 grammaticorum
2970 3962 3450 4027 Alexandrinorum
3476 3963 3789 4017 commentis
3809 3960 3905 4017 de·-

2342 4046 2554 4111 bentur,
2591 4055 2761 4118 poetae
2795 4042 3063 4098 eruditulo
3082 4044 3105 4112 (
3124 4044 3214 4115 qui
3236 4043 3407 4097 simile
3440 4042 3903 4114 grammaticorum

2346 4127 2741 4182 homericorum
2774 4114 3133 4177 commentum
3170 4140 3242 4177 vs.
3271 4122 3373 4187 465
3398 4123 3599 4195 reecpit
3618 4123 3643 4191 )
3660 4120 3907 4195 probatos

2344 4224 2457 4261 esse
2484 4203 2631 4261 facile
2658 4203 2976 4258 concesseris
2992 4240 3009 4267 ,
3043 4212 3099 4255 at
3122 4202 3206 4254 vix
3238 4200 3524 4255 credideris
3559 4201 3773 4254 serioris
3808 4202 3904 4254 aevi

2342 4287 2707 4360 paraphrastes
2735 4300 2929 4338 nomen
2973 4280 3115 4335 istud
3139 4280 3423 4336 obscurum
3458 4280 3809 4334 introduxisse
3848 4282 3903 4335 in

2343 4366 2521 4421 locum
2548 4364 2843 4422 Alanorum
2862 4402 2877 4429 ,
2904 4362 2998 4434 qui
3026 4371 3144 4414 tum
3178 4362 3417 4415 omnium
3439 4370 3587 4414 erant
3620 4358 3901 4414 notissimi.

2342 4442 2715 4519 Bernhardyus
2733 4442 2993 4513 vulgatam
3023 4438 3229 4494 Ἀλανῶν
3258 4441 3328 4495 ita
3352 4450 3547 4505 tuetur,
3564 4449 3622 4493 ut
3639 4436 3901 4510 duplicem

2344 4525 2639 4581 Alanorum
2668 4524 2886 4596 stirpem
2928 4530 3105 4575 sumat
3132 4538 3163 4574 a
3183 4530 3338 4593 poeta
3362 4519 3644 4590 distingui,
3674 4534 3903 4590 quorum

2343 4623 2467 4680 pars
2496 4605 2737 4659 locorum
2756 4601 2985 4675 quadam
3014 4602 3259 4656 societate
3284 4619 3407 4656 cum
3438 4602 3594 4655 Dacis
3626 4610 3758 4655 esset
3778 4617 3905 4655 con-

2337 4684 2527 4758 juncta
2549 4726 2564 4752 ,
2608 4702 2731 4758 pars
2757 4682 2911 4754 longe
2952 4680 3309 4755 copiosissima
3345 4681 3597 4755 plurimas
3636 4682 3906 4752 Europa-az

2344 4767 2615 4821 Sarmatia!
2636 4764 2878 4818 nationes
2894 4780 2927 4817 a
2946 4762 3136 4817 Tauris
3160 4761 3229 4815 ad
3248 4759 3547 4817 Mmtidem
3572 4776 3739 4831 usque
3756 4776 3903 4813 com·

2344 4844 2679 4917 plecteretur.
2707 4847 2787 4897 Ac
2801 4858 2924 4896 sane
2938 4840 3051 4895 haec
3066 4839 3175 4893 sola
3194 4840 3327 4894 ratio
3347 4838 3686 4911 relinquitur,
3704 4838 3747 4890 si
3770 4854 3902 4909 quo·

2347 4924 2424 4976 vis
2446 4923 2669 4995 pignore
2704 4920 2963 4991 vulgatam
3008 4917 3289 4974 defendere
3314 4917 3456 4972 velis.
3492 4920 3827 4988 Quamquam
3858 4918 3899 4969 si

2344 5000 2449 5055 hoe
2462 5000 2638 5055 dicere
2651 4998 2896 5054 voluisset
2906 4996 3327 5072 poeta,disertius
3338 4995 3393 5051 id
3403 4994 3756 5069 eloquendum
3768 5006 3897 5049 erat.

2347 5083 2472 5150 Quo
2491 5078 2695 5134 aceedit
2716 5077 2861 5152 quod
2886 5077 3186 5133 subtiliores
3211 5075 3467 5148 ejusmodi
3486 5074 3847 5129 distinctiones
3872 5094 3903 5128 a

2346 5170 2514 5231 poctoe
2538 5159 2704 5212 nostri
2732 5157 3061 5230 simplicitate
3082 5156 3261 5211 alienae
3284 5173 3397 5210 esse
3437 5153 3701 5208 videntur.
3722 5144 3900 5205 Minus

2344 5241 2501 5292 etiam
2531 5238 2833 5311 probaveris
2860 5236 3070 5290 llillium
3087 5275 3104 5302 ,
3124 5238 3217 5308 qui
3234 5254 3287 5289 v.
3316 5234 3437 5300 305,
3466 5234 3558 5287 ubi
3587 5230 3737 5287 Alani
3762 5230 3900 5283 inter

2347 5321 2517 5372 Dacos
2553 5329 2605 5372 et
2637 5318 2842 5371 Tauros
2869 5325 3246 5379 memorantur,
3268 5316 3475 5370 nonnisi
3498 5313 3669 5368 obiter
3694 5320 3899 5380 gentem

2350 5398 2661 5463 memorari,
2690 5414 2843 5450 versu
2860 5406 3033 5450 autem
3056 5396 3176 5461 308,
3192 5395 3285 5449 ubi
3312 5412 3470 5467 supra
3489 5394 3692 5446 Tauros
3708 5388 3793 5442 siti
3818 5383 3901 5441 di·
