4584 6284
1806 401 1910 464 DE
1953 401 2324 465 DIONYslo
2366 405 2816 468 PERIEGETE.

733 541 793 596 et
819 532 1096 596 Valentis
1123 548 1198 596 ac
1231 531 1510 597 fortassis
1539 533 1672 613 iam
1708 533 2046 598 Constantii
2089 543 2154 600 et
2177 537 2295 600 Ju-

732 620 880 682 liani
953 620 1342 702 temporibus
1407 620 1652 701 floruit,
1701 621 1792 686 uti
1848 622 2295 688 demonstravit

3784 421 3933 484 xxix

2386 535 2543 619 nysii
2569 554 2820 601 versum
2840 541 2959 602 269
2977 546 3119 620 post
3135 559 3384 606 versum
3407 548 3527 608 264
3539 547 3937 618 exhibebant.

2380 628 2485 690 Vs.
2534 629 2653 690 405
2698 625 2887 708 verba
2922 644 3055 688 nux
3096 634 3275 706 pinea
3318 630 3599 698 indicant
3636 636 3939 704 Avienum

732 708 1194 772 Wernsdorflus
1222 707 1414 792 (Poet.
1450 708 1559 773 lat.
1599 709 1748 772 min.
1780 716 1935 775 tom.
1963 715 2024 787 5,
2070 732 2133 795 p.
2171 715 2284 776 621
2380 732 2495 796 pro
2522 713 2693 774 κώνου
2721 715 2951 793 πλευρῇς
2974 714 3085 774 ἴσον
3111 716 3273 798 (277)
3302 719 3526 802 legisse
3550 722 3703 806 κώνῳ
3741 725 3938 800 πεύκης

735 796 936 880 sqq.)‚
975 796 1085 880 qui
1124 796 1204 860 de
1253 815 1328 860 eo
1373 807 1580 880 poetae
1621 817 1808 880 opere
1844 799 2014 884 quod
2055 799 2134 862 ad
2173 819 2289 864 nos

731 884 1028 968 pertinet,
1061 885 1142 950 ita
1167 885 1359 950 habet
1385 905 1447 970 p.
1481 891 1602 952 656
1635 907 1651 950 :
2190 893 2200 904 '

816 995 848 1034 α
877 973 1278 1056 Metaphrasis
1305 976 1684 1054 Perceqeseos
1717 977 2017 1056 Dionysii,
2046 995 2188 1060 quoe
2221 975 2284 1039 in

731 1060 1186 1143 antiquioribus
1217 1061 1598 1145 quibusdam
1627 1062 1801 1129 libris
1826 1064 1988 1128 Situs
2014 1065 2175 1128 orbis
2189 1064 2287 1128 vel

729 1149 1008 1212 Ambitus
1057 1150 1244 1230 orbis,
1296 1150 1362 1214 in
1409 1149 1864 1214 recentioribus
1916 1149 2288 1235 plerumque

731 1237 1091 1304 inscribitur
1116 1243 1460 1322 Descriptio
1506 1241 1666 1304 orbis
1703 1245 1894 1305 imae.
1926 1241 2286 1306 Dodwellus

732 1331 938 1410 putat,
974 1346 1166 1412 quum
1211 1329 1488 1394 Avienus
1533 1347 1798 1411 graecarn
1833 1347 2053 1395 vocem
2083 1329 2289 1410 Περιή-

729 1441 882 1496 γησις
903 1436 1028 1482 non
1064 1425 1348 1501 repetere
1375 1417 1444 1482 in
1472 1418 1674 1482 fronte
1691 1465 1708 1496 ,
1741 1418 1851 1482 sed
1894 1417 2288 1501 interpretari

729 1507 981 1588 propria
1029 1507 1435 1592 inscriptione
1453 1553 1472 1588 ,
1499 1513 1560 1572 et
1605 1527 1784 1572 suum
1839 1527 2069 1573 nomen
2087 1555 2105 1586 ‚
2159 1526 2287 1573 non

727 1593 1038 1675 Dionysii,
1065 1614 1387 1678 apponere
1415 1595 1704 1672 voluerit,
1741 1596 1865 1662 hoc
1901 1616 1978 1662 eo
2022 1599 2146 1660 fine
2195 1595 2288 1660 fe-

729 1681 888 1746 cisse
909 1730 927 1763 ,
957 1691 1031 1748 ut
1057 1703 1124 1750 se
1158 1691 1483 1750 auctorem
1515 1684 1714 1765 magis
1739 1686 2079 1768 poematis,
2099 1703 2286 1768 quam

725 1769 1136 1855 interpretem
1159 1775 1504 1840 exhiberet.
1537 1777 1614 1838 Et
1634 1776 1764 1840 fere
1791 1774 2188 1840 consentiunt
2221 1773 2288 1837 in

725 1877 799 1924 eo
831 1861 1064 1928 eruditi
1086 1864 1226 1944 alii,
1250 1872 1322 1929 ut
1340 1865 1634 1928 Barthius
1651 1911 1668 1941 ,
1693 1866 1951 1929 Vossius
1968 1912 1985 1944 ,
2011 1865 2290 1928 Ramire-

725 1949 887 2027 sius,
921 1969 1050 2015 non
1073 1971 1211 2016 esso
1234 1971 1493 2017 carmen
1519 1951 1675 2016 illud
1715 1970 1953 2018 meram
1982 1953 2290 2035 interpre-

722 2039 1024 2103 tationem
1043 2039 1350 2124 Dionysii,
1382 2040 1492 2104 sed
1518 2039 1839 2124 proprium
1869 2040 2078 2104 Avieni
2102 2059 2281 2123 opus,

726 2127 894 2207 quod
937 2128 1078 2206 ille,
1113 2128 1376 2194 materia
1413 2128 1748 2193 maximam
1789 2137 2032 2212 partem
2067 2147 2106 2193 a
2139 2128 2289 2193 Dio-

681 2289 686 2294 *
725 2215 900 2296 nysio
921 2226 1148 2296 sumta,
1171 2235 1286 2282 suo
1314 2215 1637 2300 impendio
1657 2221 1842 2302 atque
1867 2217 2284 2283 instrumento

729 2305 1122 2384 exstruxerit,
1159 2305 1442 2389 quamvis
1482 2323 1611 2370 non
1655 2304 1970 2370 defuerint
2006 2306 2147 2385 alii,
2173 2307 2280 2390 qui

725 2393 1074 2457 versionem
1128 2393 1408 2476 Dionysii
1475 2394 1908 2477 imprudenter
1975 2394 2278 2460 dicerent.

727 2481 972 2545 Etenim
1001 2501 1125 2548 non
1150 2501 1350 2565 pauca
1374 2481 1652 2565 Dionysii
1678 2501 1794 2547 suo
1831 2482 2030 2548 lubitu
2067 2484 2285 2566 abjicit

725 2575 910 2654 atque
938 2569 1200 2648 omittit,
1224 2571 1348 2636 alia
1367 2571 1568 2636 multa
1590 2572 1806 2653 adjicit
1843 2591 1920 2636 ex
1945 2572 2082 2636 aliis
2120 2572 2280 2638 forte

724 2657 1133 2742 scriptoribus
1147 2658 1391 2741 hausta,
1407 2660 1620 2724 omnia
1630 2679 1776 2725 vero
1791 2661 1949 2742 stylo
1959 2659 2280 2726 liberrimo

723 2752 795 2809 et
821 2745 1096 2812 eratione
1119 2754 1247 2811 tam
1275 2747 1593 2812 luculenta
1617 2755 1958 2831 ornataque
1986 2749 2240 2829 exponit
2257 2795 2274 2826 ,

721 2839 802 2897 ut.
833 2839 1109 2915 legentes
1135 2844 1386 2919 poetam
1405 2883 1424 2918 ,
1453 2855 1568 2902 suo
1612 2837 1865 2918 ingenio
1905 2837 2236 2901 excitatum
2255 2885 2272 2915 ‚

723 2921 1019 2986 eminenti
1064 2923 1342 3008 quodam
1393 2925 1614 3008 spititu
1656 2925 1806 2989 ferri
1834 2924 2177 2988 videamus.
2209 2925 2277 2986 ln

722 3027 848 3093 quo
889 3029 1036 3075 sane
1075 3011 1422 3094 plurimum
1465 3013 1675 3077 differt
1713 3033 1750 3077 a
1786 3013 2136 3087 Prisciano,
2170 3013 2274 3095 qui

724 3097 956 3180 ubique
979 3099 1248 3164 strictior
1262 3107 1324 3164 et
1349 3100 1700 3182 religiosior
1721 3101 1787 3165 in
1811 3101 2276 3186 interpretando

724 3191 848 3262 est,
903 3204 1030 3249 non
1083 3194 1370 3270 poetam,
1429 3188 1543 3252 sed
1598 3190 2076 3271 grammaticum
2132 3207 2278 3272 pro-

724 3275 944 3338 fessus.
968 3297 999 3334 ι)

805 3361 1088 3426 Ceterum
1132 3361 1412 3446 Dionysii
1435 3401 1459 3426 ·
1469 3383 1723 3446 poema,
1778 3365 1962 3449 quale
2007 3366 2276 3432 Avienus

727 3447 911 3531 legit,
935 3447 1102 3513 haud
1119 3449 1334 3532 paucis
1353 3451 1488 3532 jam
1519 3452 1674 3516 loeis
1705 3452 1832 3516 sive
1876 3453 2275 3519 librariorum

728 3536 1102 3619 negligentia
1135 3538 1264 3604 sive
1293 3556 1470 3604 mero
1501 3539 2074 3622 ludimagistrorum
2115 3543 2278 3608 arbi-

731 3625 845 3689 trio
871 3625 1268 3707 depravatum
1294 3637 1446 3693 erat.
1469 3629 1572 3694 Sic
1599 3627 1664 3692 in
1689 3629 1966 3713 Dionysii
1987 3650 2173 3696 versu
2199 3636 2278 3697 16

738 3715 973 3796 ὦρυτίρη
1029 3713 1233 3798 (latior
1275 3716 1490 3780 Ανίευ.
1535 3717 1634 3795 16)
1667 3717 1820 3798 legit
1865 3737 1978 3800 pro
2025 3717 2272 3801 ὀξυτέρῃ

743 3819 816 3868 τε.
850 3809 968 3871 102
993 3824 1112 3870 vox
1131 3811 1272 3868 axis
1295 3805 1574 3870 indicare
1592 3805 1836 3870 videtur
1863 3807 2137 3871 eundem
2161 3826 2275 3890 pro

735 3892 854 3952 tim
883 3890 1110 3971 legisse
1129 3889 1298 3968 ἄξων;
1317 3891 1422 3954 νε.
1441 3893 1557 3955 146
1579 3894 1959 3966 Emathiam,
1988 3893 2276 3972 Ἠμαθίαν,

741 3980 944 4055 nabet,
979 3977 1089 4041 ubi
1157 3979 1354 4042 nostri
1411 3978 1660 4044 codices
1724 3980 1912 4061 graeci
1968 3981 2277 4060 Δαλματίαν

725 4067 1032 4150 praebent.
1061 4067 1169 4130 Vs.
1208 4071 1326 4132 119
1354 4068 1542 4131 verba
1584 4071 1886 4133 montibus
1937 4071 2012 4132 ab
2057 4071 2278 4134 Siculis

725 4154 1002 4235 produnt
1043 4153 1350 4217 Avienum
1382 4173 1634 4237 quoque
1673 4155 1742 4220 in
1783 4155 2078 4238 Dionysio
2117 4155 2277 4240 (109)

723 4240 1029 4323 reperisse
1067 4242 1132 4302 lx
1159 4243 1207 4302 δ’
1236 4243 1398 4324 ὀρέων
1426 4244 1664 4306 Σικελῶν
1691 4261 1806 4326 pro
1833 4247 1893 4306 ἐκ
1925 4245 1980 4304 δὲ
2020 4246 2154 4327 ῥόων
2183 4247 2277 4308 Σι-

721 4328 1192 4412 affluo-Dionysii
1212 4348 1464 4395 versum
1477 4335 1591 4396 201
1623 4351 1640 4396 z
1666 4330 1952 4394 Ἀσὸύσται
1970 4333 2018 4392 δ’
2030 4335 2119 4394 ἐπὶ
2141 4338 2280 4396 τοῖσι

723 4420 1030 4502 μισ-ἤπειροι
1071 4421 1338 4481 τελέθουσι
1393 4419 1480 4484 ita
1534 4421 1710 4484 vertit
1725 4467 1744 4502 ,
1793 4428 1864 4484 ut
1913 4421 2141 4504 legisse
2185 4421 2276 4486 vi·

722 4507 944 4572 deatur
973 4527 990 4572 ε
1017 4508 1234 4570 ἄσπετοι
1274 4499 1374 4570 εἶτ’
1401 4509 1490 4570 ἐπὶ
1527 4513 1662 4572 τοῖσι
1678 4557 1696 4586 ,
1723 4515 2052 4573 innumera
2075 4519 2280 4590 qentes

724 4597 908 4678 (315).
934 4595 1106 4660 Idem
1145 4615 1342 4680 quum
1369 4617 1458 4662 vs.
1483 4600 1604 4662 380
1636 4596 1865 4661 dixerit
1897 4617 1976 4662 ex
2012 4598 2281 4662 Alexan-

727 4683 881 4748 driae
909 4685 1162 4768 specula
1186 4683 1482 4749 Pallenen
1526 4685 1808 4750 Thracias
1849 4692 2082 4750 terram
2123 4705 2281 4751 con-

727 4773 924 4856 spici,
959 4772 1187 4838 mirum
1209 4772 1277 4837 in
1305 4773 1568 4839 modum
1589 4774 1899 4838 aberravit
1925 4774 2004 4838 ab
2033 4773 2110 4838 iis
2137 4794 2278 4858 quae

724 4861 1053 4944 Dionysius
1069 4863 1233 4946 (258)
1248 4863 1582 4944 expressit:
1599 4854 1698 4944 ᾗχί
1708 4885 1766 4924 τι
1785 4863 1986 4944 μακραὶ
2006 4865 2276 4944 φαίνονται

721 4949 946 5013 σκοπιαὶ
993 4950 1321 5024 Παλληνίδος
1359 4951 1684 5025 Euocat-qe,
1728 4949 1888 5015 adeo
1937 4957 2008 5014 ut
2052 4951 2276 5032 legisse

721 5038 1004 5101 videatur
1030 5058 1047 5101 z
1074 5038 1400 5114 Παλληνίδος
1419 5035 1587 5100 ἔνδοθι
1610 5037 1744 5112 αἴης.
1767 5039 1819 5102 Ε
1838 5057 1926 5102 vs.
1950 5043 2068 5105 386
2088 5039 2278 5119 (Talis

709 5126 920 5205 forma
945 5129 1090 5208 etc.)
1121 5133 1290 5210 patet
1311 5127 1593 5192 codicem
1627 5145 1904 5209 gracum
1933 5128 2012 5192 ab
2041 5128 2274 5192 Avieno

717 5222 1086 5299 usurpatum
1109 5235 1186 5280 ex
1215 5236 1432 5281 eorum
1461 5235 1719 5280 numero
1749 5217 1938 5281 fuisse
1974 5216 2083 5301 qui
2127 5216 2274 5282 Dio-
2306 5241 2311 5246 ·

2380 800 2509 864 ἴσον.
2539 803 2643 864 Vs.
2676 803 2796 865 653
2840 800 3036 864 habes
3065 803 3271 882 Ionia·
3296 805 3488 886 igitur
3519 807 3821 890 Avienus,
3850 812 3938 876 si-

2379 889 2505 952 cuti
2542 887 2925 964 Priscianus,
2948 889 3155 950 Ἰονίοιο
3188 891 3343 974 legit
3369 912 3486 976 pro
3512 895 3710 969 ῆιλίοιο
3752 898 3934 985 (487).

2375 980 2483 1042 Vs.
2514 981 2633 1044 827
2659 979 3029 1041 Platamona
3058 996 3292 1044 nomen
3318 985 3645 1065 proprium
3684 987 3832 1050 fecit
3864 1008 3941 1053 ex

2375 1085 2527 1131 voce
2554 1065 2923 1151 appellativa
2946 1068 3284 1146 πλαταμῶνα
3302 1069 3507 1154 ,(626);
3540 1072 3827 1141 similiter
3846 1099 3935 1142 vs.

2375 1159 2493 1219 937
2522 1157 2965 1236 Εροενίηιοηιηι
2988 1162 3053 1220 et
3076 1174 3167 1218 vs.
3199 1159 3319 1222 946
3361 1160 3694 1225 Durateam
3729 1173 3941 1244 gentes

2377 1243 2594 1308 elicuit
2630 1261 2667 1306 e
2713 1241 2989 1325 Dionysii
3041 1243 3301 1309 vocibus
3350 1246 3631 1328 ἒκήτριμοι
3670 1249 3831 1336 (758)
3880 1260 3942 1318 et

2377 1332 2679 1413 δουρατέους
2734 1330 2920 1414 (766),
2980 1340 3169 1415 atque
3220 1352 3311 1398 vs.
3370 1339 3530 1400 1206
3572 1338 3939 1418 Optimam

2377 1438 2577 1482 arcem
2606 1419 2846 1483 effinxit
2871 1436 2908 1483 e
2944 1420 3152 1484 verbis
3190 1423 3457 1504 ὀφιήτιδος
3486 1421 3685 1507 πέτρης
3712 1427 3935 1508 (1013).

2378 1507 2503 1572 Sed
2563 1507 2705 1572 haec
2766 1507 2887 1590 ipsi
2952 1508 3190 1574 Avieno
3251 1510 3617 1593 imputanda
3672 1513 3936 1595 fuerint,

2380 1602 2597 1660 contra
2616 1614 2765 1660 vero
2788 1615 2825 1660 e
2850 1595 3180 1660 codicibus
3200 1598 3441 1662 vitiosis
3460 1602 3661 1682 Apyri
3684 1603 3755 1682 (τ’
3776 1601 3944 1666 Ἄπο-

2380 1708 2459 1766 ροι
2492 1683 2679 1749 codd.
2707 1683 2887 1748 Dion.
2916 1686 3035 1750 733
3068 1704 3184 1767 pro
3229 1685 3497 1770 Τάπυροι)
3542 1707 3659 1771 pro
3685 1691 3941 1773 Tapyris

2377 1773 2543 1854 apud
2595 1773 2898 1836 Avienum
2966 1782 3030 1837 et
3092 1773 3486 1839 Priscianum
3552 1793 3941 1842 commemo-

2378 1867 2611 1924 rantur.
2646 1863 2753 1924 Vs.
2783 1865 2937 1926 1133
2969 1861 3125 1925 dicit
3136 1871 3390 1946 propter
3410 1864 3745 1944 Libanum,
3772 1865 3941 1930 ideo-

2378 1948 3944 2107 2150.232020.s03:ffi3.022

2374 2125 2675 2191 Prisciani
2712 2145 2895 2192 versu
2934 2130 3055 2194 885
3084 2135 3347 2210 apparet
3392 2134 3733 2210 utrumque
3760 2149 3942 2212 para-

2374 2212 2695 2294 phrastam
2738 2213 2903 2298 apud
2949 2213 3319 2296 Dionysium
3360 2234 3449 2277 vs.
3491 2220 3611 2281 857
3654 2215 3881 2298 legisse
3918 2237 3934 2282 z

2371 2300 2652 2383 Χατραμὶς
2681 2303 2787 2376 ἠδὲ
2833 2302 3023 2364 Μάκαι
3068 2303 3382 2364 scauvam«
3426 2304 3683 2385 Περσίδος
3726 2305 3901 2385 ἅλμης
3916 2353 3936 2386 ,

2371 2406 2639 2470 quorum
2661 2391 2803 2454 loco
2822 2390 3016 2456 nostri
3034 2391 3289 2456 codices
3308 2391 3640 2456 exhibent:
3658 2396 3939 2474 Χατραμὶς

2371 2478 2561 2538 ἐνναίει
2600 2479 2917 2540 nataris-tta
2959 2479 3219 2561 Περσίδος
3265 2479 3406 2554 αἴης.
3448 2481 3622 2544 Idem
3672 2482 3938 2548 Avienus

2367 2583 2455 2628 νε.
2488 2569 2644 2630 1137
2672 2565 2737 2629 in
2759 2566 2981 2647 graeeis
3006 2567 3167 2651 (959)
3188 2567 3501 2650 reperisse
3526 2568 3775 2634 videtur
3800 2574 3938 2634 Μιν·

2369 2653 2505 2713 ναῖοι
2549 2654 2798 2716 Σαὸαθαί
2820 2677 2881 2716 τι
2906 2672 3024 2738 pro
3063 2655 3310 2718 Μινναῖοί
3337 2678 3394 2717 τε
3421 2657 3602 2718 Σίδας
3632 2681 3689 2720 τι
3706 2701 3726 2737 ,
3757 2664 3821 2722 et
3842 2679 3931 2724 vs-

2371 2743 2527 2806 1225
2548 2742 2855 2825 expressit
2876 2746 2959 2804 ἐπ’
2980 2744 3141 2824 αὗγέις
3161 2743 3251 2827 (in
3269 2745 3455 2825 ortus)
3468 2791 3485 2817 ‚
3506 2765 3774 2826 quorum
3795 2748 3935 2812 loco

2370 2831 2563 2894 nostri
2593 2831 2843 2895 codices
2868 2831 3151 2912 praebent
3178 2835 3261 2892 ἐπ’
3286 2832 3484 2908 αὖτὰςς
3520 2833 3791 2917 denique
3818 2855 3934 2918 pro

2369 2919 2658 3003 Μάγαρσος
2682 2921 2886 3003 (Dion.
2935 2923 3112 3001 1145)
3156 2919 3430 2985 Avienus
3479 2921 3671 2987 habet
3718 2923 3939 3003 Κύμαν-

2368 3009 2513 3087 δρος,
2552 3009 2911 3087 Cymander.

2446 3095 2673 3160 Omisit
2687 3094 2957 3159 Avienus
2978 3099 3085 3159 aut
3102 3095 3408 3158 contraxit
3423 3096 3703 3179 Dionysii
3716 3117 3934 3166 versus

2366 3187 2633 3249 292-294
2666 3185 2955 3269 (quorum
2984 3189 3341 3266 postremus
3386 3202 3535 3248 sane
3577 3194 3683 3249 aut
3716 3205 3935 3252 corru-

2367 3277 2509 3353 ptus
2534 3277 2631 3336 est
2654 3278 2763 3336 aut
2788 3269 3020 3334 mirum
3046 3269 3323 3351 Dionysii
3352 3288 3635 3335 errorem
3670 3275 3921 3356 prodit),

2366 3364 2504 3439 308,
2548 3365 2688 3438 310,
2734 3363 2876 3438 313,
2906 3363 3047 3436 416,
3081 3361 3225 3439 480,
3268 3361 3407 3424 530.
3441 3362 3581 3436 553,
3614 3365 3755 3438 571,
3786 3367 3935 3430 670-

2364 3453 2502 3525 679,
2556 3453 2699 3531 705,
2746 3452 3029 3521 722·727,
3078 3451 3220 3528 730,
3269 3452 3563 3526 755-759,
3636 3453 3925 3530 780-782,

2365 3542 2669 3620 791-792,
2711 3540 3005 3614 815-818,
3037 3541 3180 3619 829,
3229 3541 3371 3618 865,
3415 3540 3723 3620 882-886,
3768 3544 3929 3607 950-

2365 3631 2506 3707 953,
2532 3631 2710 3705 1052,
2745 3630 2923 3704 1069,
2949 3630 3127 3690 1151.
3158 3628 3245 3689 De
3274 3644 3389 3689 suo
3430 3625 3674 3690 addidit
3700 3647 3790 3691 vs.
3824 3632 3924 3694 30.

2366 3719 2623 3781 108-111
2636 3764 2651 3792 ,
2678 3719 2965 3792 252-253,
2986 3717 3275 3792 309-312,
3295 3717 3409 3779 331
3420 3717 3604 3790 ·333;
3628 3715 3708 3779 de
3726 3716 3928 3780 Rheni

2365 3811 2431 3868 et
2448 3803 2714 3868 Danubii
2736 3803 3015 3867 sontibus
3035 3803 3289 3866 uberius
3311 3801 3597 3884 exposuit
3614 3806 3731 3868 431
3756 3823 3923 3888 sqq.;

2366 3909 2405 3953 a
2436 3889 2728 3972 Dionysio
2752 3889 2993 3955 recedit
3018 3893 3138 3954 453
3169 3895 3233 3953 et
3261 3890 3416 3963 478;
3448 3888 3825 3972 Dionysiana
3856 3891 3930 3955 li-

2368 3977 2639 4042 berrime
2665 3977 3105 4060 interpretatur
3124 3981 3245 4042 498
3272 3995 3438 4060 sqq.;
3474 3976 3556 4040 de
3598 3977 3787 4042 Gadir
3814 3997 3931 4043 no-

2369 4066 2556 4129 minis
2582 4065 3033 4148 signiflcatione
3065 4063 3356 4148 quiedam
3388 4062 3566 4129 addit
3607 4068 3727 4130 738
3756 4085 3924 4149 sqq.;

2371 4154 2451 4218 de
2490 4152 2937 4236 Hesperidibus
2965 4160 3031 4216 et
3070 4150 3272 4216 stanni
3319 4149 3539 4214 insulis
3577 4150 3697 4215 alia
3736 4171 3926 4234 quam

2369 4240 2695 4324 Dionysius
2721 4239 2926 4305 tradit.
2955 4239 3195 4304 Deinde
3239 4237 3485 4303 addidit
3514 4258 3604 4302 νε.
3632 4242 3921 4316 813·816,

2370 4330 2449 4394 de
2510 4329 2801 4411 Daphnes
2866 4327 3155 4392 laudibus
3205 4345 3294 4391 vs.
3341 4330 3688 4394 1079-1082
3733 4335 3797 4393 et
3847 4329 3927 4393 de

2368 4421 2591 4482 Emesa
2649 4415 2806 4482 urbe
2868 4435 2957 4480 vs.
3006 4417 3369 4496 1084-1091,
3434 4416 3613 4496 cujus
3668 4416 3926 4498 quidem

2370 4506 2543 4570 urbis
2576 4523 2781 4590 neque
2804 4504 2873 4568 in
2899 4504 3126 4568 nostris
3154 4503 3432 4586 Dionysii
3459 4503 3784 4568 codicibus
3822 4524 3931 4570 ne·

2370 4614 2493 4680 que
2515 4593 2679 4678 apud
2699 4593 3082 4658 Priscianum
3108 4585 3341 4656 mentio
3358 4597 3588 4668 exstat;
3616 4593 3926 4659 exstitisse

2367 4687 2577 4747 tamen
2616 4682 2683 4754 in
2709 4680 2846 4746 aliis
2886 4679 3261 4765 quibusdam
3308 4680 3487 4744 libris
3533 4679 3750 4755 debet,
3792 4688 3863 4745 ut
3889 4700 3926 4745 e

2370 4769 2682 4852 Stephano
2712 4767 2999 4851 Byzantio
3022 4766 3371 4848 colligitur3
3398 4785 3543 4830 nam
3571 4767 3747 4852 quod
3772 4787 3927 4833 non-

2368 4858 2522 4922 nulli
2552 4863 2842 4941 putarunt
2868 4859 2945 4938 (1)
2970 4855 3159 4920 verba
3182 4874 3215 4919 e
3237 4855 3530 4938 Dionysio
3555 4875 3589 4920 a
3613 4857 3925 4939 Stephano

2431 5021 2500 5087 (1)
2530 5024 2598 5074 ut
2622 5021 2989 5074 Wernsdorssus
3013 5019 3067 5074 in
3097 5023 3232 5074 Poet.
3260 5019 3349 5073 lat.
3384 5020 3501 5071 min.
3534 5023 3573 5071 t.
3608 5028 3656 5083 5,
3684 5034 3735 5085 p.
3766 5023 3926 5072 228et

2368 5092 2631 5146 ramnus
2651 5092 2702 5143 in
2720 5091 2836 5144 edit.
2856 5091 3061 5160 Dionys.
3080 5107 3129 5162 p.
3146 5095 3251 5154 XV,
3281 5089 3468 5142 addens
3500 5091 3581 5142 ille
3608 5089 3744 5142 haud
3772 5091 3927 5156 magis

2368 5163 2471 5216 hue
2496 5165 2654 5216 faeere
2684 5166 2843 5228 Etym.
2878 5166 2950 5217 M.
2980 5179 3025 5221 s.
3070 5181 3121 5219 ν.
3142 5165 3319 5228 'Ennea
3350 5174 3401 5227 p.
3436 5164 3545 5225 334,
3572 5165 3632 5212 53
3656 5184 3671 5212 ·.
3694 5162 3782 5212 Καὶ
3801 5161 3932 5212 ἔοικε.

2366 5235 2535 5287 ’κλίνειν
2568 5237 2625 5286 τὰ
2650 5235 2827 5298 'saxea
2850 5239 3111 5308 Διονύσιος
3136 5238 3203 5294 ὣς
3232 5233 3293 5284 τὰ
3313 5233 3511 5296 Μέγαρα
3526 5249 3543 5293 3
3561 5230 3674 5282 hoee
3704 5229 3833 5281 enim
3862 5229 3933 5280 ad
