4584 6284
1747 557 2093 621 ANAPLUS
2134 556 2465 619 Bospom
2506 558 2852 620 'rHRAmL

688 700 897 759 Colchis
939 699 1087 773 prius
1118 696 1519 751 sacrificaverat.
1590 692 1725 747 Mihi
1764 688 1977 763 quidem
2006 688 2253 743 verisimi-

688 790 791 844 lius
814 786 1023 842 videtur
1046 804 1077 840 a
1098 784 1313 857 Phryxo
1340 783 1491 857 prius
1520 796 1663 836 aram
1688 778 1967 834 duodecim
1988 776 2089 831 diis
2114 776 2251 830 exci-

690 888 855 933 tatam
883 873 1043 929 fuisse
1065 890 1225 945 quam
1251 890 1282 926 a
1305 874 1519 927 Jasone.
1590 868 1725 923 Nam
1751 884 1875 923 cum
1900 884 1965 919 ex
1991 864 2105 919 aula
2130 862 2252 919 Phi·

690 965 777 1018 nei
819 964 981 1017 Jason
1016 958 1279 1025 solvisset,
1307 958 1407 1013 sita
1440 957 1497 1011 in
1524 956 1765 1027 Europa,
1796 950 2101 1025 Apollonius
2127 948 2252 1005 dicit

688 1068 813 1106 eum
840 1048 1103 1103 transiisse
1132 1043 1200 1100 ad
1233 1044 1561 1101 contrarium
1586 1040 1758 1107 littus,
1790 1050 1851 1094 ut
1874 1038 1949 1093 ibi
1973 1032 2251 1092 duodecim

689 1136 795 1193 diis
820 1153 965 1191 aram
1002 1134 1271 1189 excitaret.
1348 1132 1459 1187 Gur
1504 1130 1563 1184 in
1598 1127 1775 1184 littore
1814 1126 2041 1184 Asiatico
2078 1125 2252 1199 potius

687 1242 851 1298 quam
886 1221 1187 1295 Europaeo?
1228 1221 1350 1274 Non
1399 1218 1541 1273 enim
1572 1232 1777 1271 necesse
1800 1223 1909 1269 erat
1935 1232 1999 1267 ex
2038 1214 2251 1285 Europa

690 1310 913 1366 transire
938 1311 995 1363 in
1023 1308 1204 1364 Asiam
1221 1346 1237 1373 ,
1263 1304 1355 1359 sed
1378 1304 1553 1378 potius
1577 1304 1631 1357 in
1672 1300 1845 1357 littore
1868 1301 2154 1373 Europae,
2190 1300 2243 1353 in

693 1416 803 1471 quo
829 1406 969 1461 erat,
1000 1411 1147 1449 aram
1173 1392 1515 1448 constitueret
1547 1399 1601 1445 et
1636 1386 1947 1443 sacrificaret
1970 1382 2248 1441 duodecim

694 1486 823 1547 diis,
888 1482 987 1536 nisi
1038 1478 1338 1535 admonitus
1400 1476 1579 1533 suisset
1642 1476 1698 1529 in
1758 1474 2022 1529 contrario
2082 1472 2253 1527 littore

697 1573 965 1645 Phryxum
994 1570 1306 1642 priusaram
1338 1566 1617 1633 excitasse,
1646 1564 1703 1619 in
1728 1581 1862 1637 qua,
1892 1572 1953 1617 ut
1978 1562 2077 1635 ipsi
2113 1578 2249 1634 quo·

695 1676 800 1731 que
814 1658 1181 1721 sacrificarent,
1204 1660 1515 1728 Argonautoe
1536 1652 1613 1709 sas
1634 1670 1745 1711 esse
1764 1662 2113 1727 putaverunt,
2128 1668 2251 1705 cum

694 1748 749 1799 in
778 1742 1001 1799 Colchos
1038 1742 1495 1817 proficiscerentur
1532 1738 1601 1795 ad
1630 1734 2039 1812 recuperandam
2067 1736 2249 1811 pellem

694 1850 909 1887 auream
935 1831 1139 1897 arietis,
1181 1848 1337 1903 quem
1367 1847 1475 1883 una
1514 1845 1634 1882 cum
1659 1826 1792 1899 pelle
1829 1842 1987 1881 aurea
2014 1825 2253 1897 Phryxus

692 1916 837 1993 apud
886 1915 1107 1972 Colchos
1146 1914 1475 1971 dedicaverat
1515 1914 1635 1969 Jovi
1674 1912 1899 1987 Phyxio.
1970 1912 2083 1967 Nec
2125 1910 2252 1965 mibi

691 2002 937 2058 satisfacit
960 2002 1323 2057 Timosthenes
1336 2042 1351 2068 ,
1381 1998 1513 2054 dum
1538 2000 1613 2054 ait
1628 1998 1905 2073 Phryxum
1926 1994 2140 2071 quidem
2162 2014 2253 2052 ex·

690 2092 873 2146 citasse
896 2108 1011 2145 aras
1034 2088 1315 2147 duodecim
1338 2088 1461 2155 diis,
1488 2090 1817 2159 Argonautas
1836 2104 1963 2141 vero
1986 2086 2251 2160 Neptuno,

691 2195 815 2232 cum
858 2175 1143 2249 Dionysius
1176 2176 1457 2248 Byzantius
1490 2173 1633 2229 dicat
1662 2174 1907 2228 Iasona-
1944 2172 2075 2228 vatis
2104 2170 2256 2244 jussu

691 2264 1007 2321 sacrificasse
1038 2263 1321 2319 duodecim
1362 2261 1485 2317 diis.
1558 2262 1710 2317 Vatis
1738 2280 1847 2317 non
1874 2278 2067 2316 nomen
2092 2261 2253 2333 expli·

693 2362 780 2408 cat
820 2370 837 2407 t
868 2361 924 2406 at
960 2350 1225 2425 explicant
1264 2350 1353 2404 alii
1380 2348 1565 2404 Glauci
1593 2346 1679 2403 dei
1728 2348 1917 2403 marini
1956 2347 2257 2421 Orpheique

693 2438 1010 2506 admonitis,
1050 2437 1137 2492 alii
1178 2434 1331 2509 jussu
1372 2435 1591 2503 Phinei,
1644 2437 1737 2507 qui
1793 2434 1883 2490 ubi
1924 2434 2256 2491 sacrificasset

693 2537 747 2582 et
771 2535 1015 2601 precatus
1058 2536 1193 2579 esset
1242 2524 1563 2595 Argonautis
1608 2523 1804 2579 bonam
1842 2523 2219 2595 navigationem
2237 2565 2252 2592 ,

694 2630 805 2668 non
822 2630 913 2668 eos
932 2610 1182 2667 admonet
1200 2609 1269 2665 ad
1290 2608 1573 2665 colendum
1591 2610 1917 2683 Neptunum,
1940 2608 2033 2665 sed
2051 2612 2253 2678 Jovem,

694 2718 855 2775 quern
884 2698 1203 2773 Argonautis
1227 2707 1407 2753 narrat
1438 2715 1563 2753 cum
1590 2697 1829 2752 omnium
1868 2707 2141 2751 ventorum
2164 2716 2259 2751 au-

693 2800 895 2846 ctorem
911 2828 929 2857 ,
960 2800 1072 2844 tum
1100 2788 1377 2843 etesiarum
1398 2825 1414 2852 ,
1442 2784 1637 2859 quibus
1662 2784 1911 2840 flantibus
1946 2791 2259 2857 Argonautae

694 2876 1059 2934 retinebantur
1086 2875 1227 2950 apud
1260 2875 1547 2931 Phineum.
1619 2872 1999 2945 Navigantibus
2032 2873 2171 2928 enim
2202 2876 2255 2927 in

690 2967 919 3021 Pontum
946 2966 1116 3019 etoeize
1154 2963 1291 3018 venti
1319 2960 1570 3017 contrarii
1597 2960 1855 3025 existunt,
1891 2960 1983 3031 qui
2010 2960 2064 3015 in
2086 2962 2257 3016 Ponto

690 3065 815 3108 sunt
836 3056 1047 3120 Boreo,
1071 3053 1127 3107 in
1152 3052 1355 3108 Graecia
1380 3050 1631 3123 Zephyri.
1664 3050 1959 3103 Etesiarum
2000 3046 2111 3103 dies
2132 3059 2256 3104 sunt

695 3140 1071 3215 quadraginta,
1115 3152 1179 3195 ut
1203 3139 1513 3214 Apollonius
1540 3141 1628 3207 (a,
1678 3140 1823 3207 526)
1858 3136 1933 3191 ait
1942 3156 1959 3205 ς
1994 3146 2054 3191 ut
2076 3136 2256 3191 'I'imo-

694 3230 902 3285 sthenes
919 3232 1041 3303 (ap.
1064 3228 1175 3283 sch.
1204 3232 1306 3301 Ap.
1328 3230 1371 3297 ),
1390 3226 1771 3298 quinquaginta
1788 3244 1803 3289 3
1828 3224 2087 3298 incipiunt
2106 3224 2250 3291 flare,

696 3333 817 3371 cum
842 3315 921 3369 sol
944 3326 1025 3370 est
1063 3316 1119 3368 in
1160 3312 1267 3367 fine
1298 3314 1521 3378 Cancri3
1572 3310 1705 3365 flant
1742 3320 1914 3365 autem
1948 3328 2046 3383 per
2084 3320 2253 3366 totum

700 3404 930 3456 Leonem
946 3441 962 3468 ,
990 3410 1043 3455 et
1068 3399 1315 3454 desinunt
1337 3400 1393 3452 in
1418 3397 1589 3453 media
1616 3398 1831 3469 Virgine
1851 3396 1871 3469 (
1890 3414 1943 3451 r.
1962 3396 2123 3453 schol.
2147 3403 2249 3471 Ap.

698 3486 803 3542 nh.
816 3492 857 3555 ).
930 3486 1117 3541 Etesiis
1142 3486 1299 3556 igitur
1325 3486 1527 3539 interea
1552 3482 1683 3537 dum
1724 3488 2039 3555 Argonautae
2061 3484 2253 3539 retine-

700 3582 904 3640 rentur,
970 3571 1197 3627 Phineus
1246 3570 1328 3624 bis
1377 3570 1632 3643 explicat,
1688 3580 1749 3625 ut
1821 3570 2071 3625 Aristaeus
2133 3571 2251 3625 Jovi

702 3652 929 3733 Ἰκμαίῳ
975 3678 1097 3715 cum
1159 3670 1449 3715 ceterorum
1500 3671 1778 3715 ventorum
1824 3670 1937 3715 tum
1980 3660 2252 3715 etesiarum

701 3768 847 3806 aram
882 3750 1047 3804 erexit
1082 3748 1137 3803 in
1168 3748 1279 3803 Coo
1306 3748 1473 3803 insula
1490 3789 1506 3816 ,
1546 3758 1821 3821 propterea
1842 3746 1989 3821 quod
2018 3748 2187 3804 etesia
2224 3768 2255 3804 a

701 3840 836 3893 Jove
878 3834 1071 3890 dantur
1106 3832 1175 3889 ad
1206 3832 1591 3906 refrigerandos
1616 3833 1811 3889 calores
1842 3850 1858 3889 ε
1902 3834 2045 3890 unde
2078 3844 2255 3909 postea

702 3922 829 3977 Cois
854 3920 967 3991 lege
1006 3918 1263 3973 sancitum
1292 3917 1389 3973 tuit
1418 3918 1696 3991 quotannis
1726 3936 1849 3973 cum
1884 3919 2045 3974 armis
2085 3918 2259 3975 obser-

704 4028 827 4064 vare
862 4018 1105 4063 exortum
1145 4006 1391 4062 caniculae
1410 4045 1427 4073 ,
1466 4006 1671 4080 ipsique
1704 4006 1993 4061 sacrificare
2009 4046 2025 4073 ,
2067 4024 2100 4062 a
2150 4025 2257 4079 quo

702 4098 847 4153 venti
886 4097 1059 4153 etesia
1096 4096 1223 4154 flare
1262 4096 1523 4168 incipiunt
1562 4094 1631 4149 ad
1668 4092 2075 4166 refrigerandam
2110 4105 2259 4151 terrae

702 4185 1008 4240 siccitatem.
1083 4184 1211 4237 Hac
1231 4191 1533 4237 narrantem
1553 4180 1812 4237 Phineum
1838 4198 1959 4236 cum
1980 4180 2261 4237 audiissent

698 4274 1047 4342 Argonautae.
1076 4284 1167 4323 cos
1194 4268 1357 4325 u-adit
1387 4266 1699 4340 Apollonius
1722 4267 1983 4322 transiisse
2016 4266 2083 4322 ad
2118 4267 2261 4323 littus

698 4355 1026 4414 contrarium
1040 4396 1059 4424 ,
1084 4353 1179 4410 ubi
1218 4372 1365 4411 aram
1398 4352 1682 4410 duodecim
1720 4353 1823 4409 diis
1860 4356 2257 4421 constituerent,

698 4446 879 4520 eisque
918 4442 1269 4500 sanificat-ent
1298 4459 1315 4498 ε
1363 4460 1425 4497 ex
1476 4442 1671 4517 quibus
1709 4445 1871 4498 Iason
1899 4441 2107 4498 videtur
2140 4460 2261 4498 cum

698 4534 949 4606 Neptuno
975 4542 1089 4587 tum
1116 4532 1346 4585 maxime
1382 4530 1503 4584 Jovi
1526 4528 1663 4585 Urio
1696 4528 2035 4596 sacrificasse,
2064 4541 2125 4585 ut
2148 4529 2256 4601 pla·

702 4632 843 4677 caret
864 4620 1044 4676 etesias
1060 4658 1077 4686 ,
1102 4628 1389 4691 ventosque
1411 4616 1671 4673 secundos
1696 4615 1846 4673 daret
1860 4658 1877 4683 ,
1898 4617 2045 4673 unde
2069 4620 2261 4691 posteri

704 4710 909 4765 Fanum
924 4708 1069 4765 Jovis
1086 4708 1203 4763 Urii
1229 4706 1577 4781 appellarunt,
1598 4716 1657 4761 ut
1674 4706 1938 4769 Arrianus,
1956 4705 2257 4778 Menippus,

708 4796 1026 4869 (Dionysius
1067 4792 1433 4867 Byzantium.
1507 4790 1608 4847 Sed
1648 4810 1715 4846 an
1755 4790 1895 4847 idem
1956 4794 2156 4846 Fanum
2194 4794 2261 4847 sit

770 5042 827 5095 3.
878 5040 1161 5111 Dionysius
1202 5040 1477 5112 Byzantius
1512 5040 1567 5091 in
1606 5038 1669 5092 iis
1697 5055 1813 5110 quae
1838 5036 2039 5109 Gyllius
2076 5036 2253 5107 dedit,

3820 570 3892 624 ‘17

2341 688 2488 742 Jovis
2513 697 2567 743 et
2601 688 2835 761 Neptuni
2861 696 2917 741 et
2955 688 3138 742 Dianoe
3163 686 3324 761 (nam
3345 688 3541 745 borum
3567 691 3725 746 trium
3749 692 3904 765 poni·

2343 784 2431 829 tur
2459 774 2514 827 in
2553 774 2712 829 Ponti
2751 773 3035 847 introitu),
3063 790 3153 839 ac,
3197 776 3242 828 si
3267 772 3498 843 diversa,
3527 794 3596 831 an
3631 778 3688 831 in
3713 776 3902 835 eodem

2341 862 2714 935 promontorio
2751 863 3037 917 constituta
3057 859 3252 915 fuerint
3269 901 3285 928 ,
3313 864 3516 936 assequi
3539 882 3815 937 possumus
3837 884 3904 921 ex

2341 950 2454 1017 his,
2485 950 2578 1023 qui
2599 950 2842 1005 scribunt
2880 950 2934 1003 in
2967 947 3211 1005 hocloco
3241 952 3569 1021 Argonautas
3593 968 3738 1007 aram
3766 953 3906 1007 exci-

2343 1048 2502 1105 tasse,
2535 1048 2590 1094 et
2613 1036 2788 1093 litasse
2809 1035 3093 1091 duodecim
3113 1034 3217 1091 diis
3234 1078 3250 1101 ,
3279 1038 3418 1091 inter
3451 1055 3588 1111 quos
3619 1041 3826 1115 Jupiter
3851 1052 3906 1096 et

2342 1129 2618 1201 Neptunus
2649 1138 2702 1183 et
2731 1130 2900 1183 Diana
2931 1145 2944 1183 :
2977 1138 3090 1182 tum
3134 1144 3200 1182 ex
3225 1125 3505 1182 Ptolemae
3525 1126 3750 1201 conjicio
3765 1169 3782 1197 ,
3810 1132 3904 1203 qui

2340 1217 2486 1272 Jovis
2513 1215 2632 1271 Urii
2659 1233 2782 1271 cum
2815 1233 2923 1269 non
2961 1214 3287 1280 meminerit,
3321 1230 3493 1286 neque
3516 1215 3780 1288 Neptuni,
3811 1216 3903 1272 sed

2341 1300 2602 1357 duntaxat
2648 1302 3074 1374 promontorium
3121 1299 3380 1373 Bithyniae
3421 1317 3534 1355 esse
3573 1300 3715 1355 dicat
3753 1301 3906 1375 juxta

2339 1393 2658 1464 Bosporum,
2685 1390 2740 1445 in
2764 1392 2902 1463 quo*
2923 1392 3124 1444 Fanum
3146 1390 3327 1444 Diana:
3351 1388 3420 1442 sit
3445 1404 3460 1443 t
3485 1388 3714 1445 arbitror
3735 1400 3826 1445 aut
3853 1392 3906 1446 in

2340 1478 2530 1535 eodem
2555 1478 2752 1553 templo
2775 1478 2932 1533 fuisse
2958 1480 3178 1533 Dianam
3202 1489 3256 1533 et
3271 1479 3484 1545 Jovem,
3511 1477 3907 1553 subsecutisque

2341 1567 2490 1625 bellis
2511 1570 2720 1635 Jovem,
2749 1584 2812 1621 ex
2839 1568 3056 1621 introitu
3080 1566 3236 1621 Ponti
3257 1564 3540 1633 sublatum,
3567 1584 3764 1621 nomen
3787 1566 3906 1621 reli·

2343 1655 2518 1727 quisse
2560 1654 2770 1721 Dianae;
2795 1664 2918 1719 aut,
2944 1653 2988 1707 si
3016 1654 3070 1707 in
3097 1650 3286 1707 eodem
3321 1651 3436 1706 loco
3461 1650 3582 1707 duae
3620 1650 3758 1707 aedes
3797 1652 3910 1708 fue·

2341 1752 2470 1795 runt
2492 1740 2640 1796 Jovis
2682 1750 2736 1796 et
2765 1740 2946 1793 Dianae
2962 1778 2978 1805 ,
3027 1750 3202 1792 tamen
3243 1738 3546 1809 navigantes
3587 1739 3748 1808 magis
3774 1739 3904 1795 cele-

2341 1825 2520 1881 brasse
2567 1827 2755 1881 Jovem
2769 1866 2782 1888 ,
2824 1836 2884 1879 ut
2927 1822 3282 1880 secundorum
3324 1836 3602 1881 ventorum
3644 1824 3905 1887 datorem.

2341 1914 2572 1985 Neptuni
2613 1911 2866 1985 templum
2906 1909 3065 1965 fuisse
3089 1910 3144 1965 in
3183 1930 3248 1965 eo
3275 1910 3392 1965 loco
3431 1929 3540 1983 quo
3577 1912 3744 1979 Iovis,
3779 1912 3914 1969 desi.

2342 2010 2466 2073 gnat
2502 2000 2736 2066 Plinius,
2779 2017 2904 2053 cum
2946 2016 3054 2053 non
3099 1998 3401 2053 meminerit
3446 1998 3552 2053 fani
3588 2000 3767 2066 Jovis,
3815 1998 3912 2057 sed

2341 2086 2500 2142 solius
2549 2088 2782 2159 Neptuni
2833 2096 2996 2161 ponat
3044 2086 3100 2139 in
3149 2103 3244 2140 ora
3288 2086 3526 2157 Bospori.
3601 2088 3672 2141 At
3720 2086 3912 2142 clarius

2344 2172 2599 2229 Aristides
2631 2174 2688 2227 in
2739 2173 2975 2228 oratione
3017 2171 3312 2227 Isthmicaz
3361 2196 3384 2218 ι
3415 2172 3646 2239 Omnes,
3701 2174 3908 2246 inquit,

2343 2260 2700 2317 illustrissime
2751 2270 2807 2317 et
2847 2260 3198 2316 celeberrime
3246 2270 3420 2334 partes
3465 2270 3616 2315 terrai
3659 2262 3910 2335 Neptuno

2344 2348 2598 2406 dedicatae
2645 2360 2800 2416 sunt;
2843 2351 2900 2405 in
2949 2349 3104 2405 Ponti
3147 2351 3290 2404 enim
3338 2349 3587 2416 introitu,
3627 2349 3720 2403 ubi
3751 2351 3911 2405 maris

2346 2440 2596 2511 angustia
2613 2439 2949 2495 strictissima:
2973 2458 3040 2493 ex
3067 2456 3176 2493 sese
3196 2439 3438 2512 aperiunt
3456 2456 3600 2493 mare
3620 2439 3804 2511 ingens
3814 2478 3832 2507 ,
3857 2449 3912 2495 et

2347 2536 2505 2599 peu-2
2530 2527 2751 2599 Cyaneae
2775 2524 2904 2580 binc
2945 2526 3228 2581 nominata
3265 2536 3415 2591 sunt,
3445 2536 3498 2579 et
3523 2537 3690 2599 portoe
3717 2528 3906 2594 maris,

2347 2628 2464 2684 qnae
2483 2612 2631 2686 prius
2657 2610 2842 2666 clausae
2863 2611 3314 2679 existimabantur,
3335 2629 3436 2665 ιιι-ω
3455 2622 3580 2666 sunt
3599 2612 3830 2686 Neptuni
3858 2622 3914 2668 et

2347 2698 2558 2775 templa.
2591 2724 2616 2749 ιι
2696 2699 2857 2767 Quod
2877 2700 2920 2753 si
2955 2700 3075 2773 quis
3095 2716 3160 2753 ex
3187 2699 3272 2753 his
3294 2699 3538 2755 Aristidis
3562 2698 3732 2755 verbis
3771 2698 3914 2757 dicat

2345 2804 2462 2841 aras
2507 2796 2560 2841 et
2585 2786 2842 2861 templum
2883 2786 3116 2860 Neptuni
3147 2784 3306 2840 fuisse
3331 2783 3401 2839 ad
3444 2787 3702 2859 Cyaneas,
3750 2786 3914 2860 idque

2347 2876 2662 2932 confirmare
2693 2878 2892 2933 nitatur
2928 2895 2994 2933 ex
3033 2875 3314 2949 Apollonio
3365 2886 3418 2930 et
3465 2876 3722 2949 Dionysio
3767 2878 3913 2933 orbis

2345 2966 2602 3039 scriptore
2621 2964 2947 3019 tradentibus
2961 2964 3186 3020 multum
3207 2982 3353 3020 mare
3377 2975 3428 3019 et
3451 2964 3612 3019 latum
3631 2966 3823 3039 aperiri
3845 2984 3910 3023 ex

2344 3054 2564 3127 Bospori
2581 3052 2794 3108 Thracii
2817 3070 2939 3119 ore,
2957 3054 3048 3108 ubi
3071 3052 3208 3109 fama
3229 3062 3309 3109 est
3335 3054 3564 3126 Cyaneas
3585 3064 3758 3126 petras
3776 3056 3914 3111 inter

2345 3158 2400 3193 se
2433 3142 2760 3195 concurrisse
2783 3140 2886 3211 (ad
2909 3158 3038 3213 quas
3058 3159 3089 3195 a
3109 3141 3307 3197 Graecis
3326 3140 3564 3196 Planctas
3585 3152 3914 3216 nuncupatas

2341 3224 2608 3297 profectus
2650 3236 2730 3281 est
2768 3226 2985 3294 Darius,
3025 3238 3084 3281 ut
3124 3229 3352 3282 Pontum
3381 3240 3618 3299 apertum
3657 3239 3711 3283 et
3747 3228 3910 3284 latum

2345 3310 2569 3378 videret,
2603 3310 2728 3379 ubi,
2759 3321 2821 3366 ut
2861 3312 2936 3365 ait
2959 3310 3294 3377 Herodotus,
3325 3313 3380 3365 in
3409 3310 3532 3367 sano
3555 3310 3742 3368 sedens
3781 3333 3912 3370 con-

2342 3396 2620 3470 templatus
2655 3405 2735 3450 est
2773 3398 3002 3451 Pontum
3043 3396 3399 3463 mirabilem),
3439 3415 3501 3451 ac
3541 3398 3584 3452 si
3625 3410 3909 3470 preterea,

2341 3482 2578 3555 quisquis
2601 3481 2686 3537 ille
2707 3482 2884 3549 fuerit,
2897 3480 3144 3555 adjungat
3159 3500 3226 3537 ex
3244 3483 3326 3537 his
3347 3482 3446 3536 sibi
3468 3481 3693 3539 dubium
3721 3485 3908 3554 videri,

2343 3589 2410 3625 an
2431 3570 2613 3627 fanum
2632 3571 2779 3625 Jovis
2803 3580 2857 3625 et
2877 3570 3110 3645 Neptuni
3128 3569 3326 3625 suerint
3347 3570 3488 3643 apud
3515 3572 3746 3644 Cyaneas
3773 3574 3913 3631 insu·

2343 3658 2418 3712 las
2458 3676 2474 3717 ε
2517 3656 2592 3712 illi
2627 3656 2956 3731 respondeo,
2982 3656 3247 3730 ingentem
3288 3659 3516 3713 Pontum
3563 3660 3752 3732 aperiri
3801 3678 3912 3717 nou

2341 3744 2504 3800 modo
2529 3762 2594 3799 ex
2631 3744 2814 3799 insulis
2840 3745 3092 3817 Cyaneis,
3131 3744 3224 3799 sed
3247 3744 3404 3799 etiam
3439 3762 3502 3799 ex
3547 3748 3692 3801 Fano
3724 3748 3903 3815 Jovis,

2343 3832 2488 3906 quod
2509 3831 2671 3888 hodie
2701 3824 2863 3906 Ἱερὸν
2893 3834 3063 3888 61·ωοί
3081 3835 3386 3901 nominant,
3411 3844 3568 3907 atque
3583 3833 3718 3890 adeo
3738 3854 3768 3890 a
3793 3836 3911 3892 loco

2343 3922 2562 3996 Bospori
2597 3921 2858 3995 penitiore
2885 3932 2940 3975 et
2975 3921 3128 3993 longe
3167 3920 3404 3977 interiori
3419 3961 3436 3989 ,
3467 3940 3500 3978 a
3537 3923 3758 3996 Cyaneis
3793 3924 3912 3997 plus

2348 4025 2508 4081 quam
2545 4006 2892 4081 quadraginta
2937 4006 3104 4063 stadia
3147 4006 3394 4075 distanti,
3431 4025 3588 4081 quem
3628 4009 3910 4083 Dionysius

2345 4096 2627 4169 Byzantius
2671 4095 2894 4171 appellat
2929 4095 3138 4152 Clavem
3161 4096 3318 4153 Ponti
3334 4135 3350 4162 ,
3389 4096 3483 4151 ubi
3513 4095 3645 4151 dicit
3673 4099 3906 4153 Pontum

2349 4181 2700 4238 eminentibus
2741 4184 3116 4255 promontoriis
3141 4181 3377 4237 clausum
3418 4182 3650 4255 incipere
3685 4184 3876 4256 aperiri
3889 4223 3906 4251 ,

2347 4270 2494 4327 nullo
2516 4272 2886 4346 promontorio
2921 4270 3144 4344 a'mplius
3187 4270 3506 4343 impediente
3546 4288 3729 4326 verum
3763 4290 3910 4345 aspe-

2349 4368 2492 4413 ctum
2537 4358 2702 4413 maris
2717 4397 2735 4426 ,
2791 4356 3258 4431 Symplegadasquc
3292 4356 3448 4411 fuisse
3495 4356 3622 4412 olim
3657 4356 3908 4412 flexiones

2349 4445 2616 4500 variorum
2653 4454 2708 4500 et
2755 4444 3118 4517 multiplicium
3159 4445 3645 4517 promontoriorum
3676 4458 3692 4497 t
3735 4444 3911 4517 itaque

2350 4530 2635 4589 Aristidem
2656 4550 2768 4589 non
2793 4532 3074 4605 intelligere
3097 4534 3329 4607 Cyaneas
3363 4533 3557 4588 insulas
3574 4574 3590 4597 ,
3612 4530 3704 4586 sed
3749 4550 3911 4607 rupes

2350 4620 2583 4690 ingentes
2607 4636 2674 4674 ex
2697 4630 2922 4691 utroque
2943 4620 3102 4675 latere
3125 4621 3388 4692 cingentes
3408 4620 3702 4692 Bosporum
3721 4660 3735 4685 ,
3751 4630 3910 4692 atque

2349 4706 2548 4761 radices
2592 4708 2973 4781 promontorii,
3017 4706 3106 4762 ubi
3151 4718 3412 4779 spectatur
3456 4724 3550 4762 arx
3607 4716 3908 4781 nuncupata

2350 4796 2584 4861 Fanum,
2607 4812 2728 4850 cum
2755 4814 2820 4850 ex
2838 4792 3108 4849 antedictis
3133 4793 3372 4867 colligere
3393 4805 3540 4866 potes
3556 4834 3570 4859 ,
3596 4804 3710 4849 tum
3739 4812 3801 4849 ex
3821 4812 3904 4861 eo,

2350 5044 2404 5096 in
2450 5042 2733 5114 Bithyniae,
2787 5039 2929 5113 quod
2977 5049 3152 5102 vocat,
3209 5041 3573 5112 promontorio
3609 5038 3902 5095 collocaret.

695 5120 844 5175 Jovis
880 5120 999 5173 Urii
1025 5136 1135 5173 non
1162 5118 1417 5172 meminit.
1450 5117 1677 5190 Gyllium
1704 5117 1761 5171 h.
1798 5116 1836 5170 l.
1868 5118 2117 5171 memoria
2142 5118 2253 5192 lap-
2347 5120 2466 5173 Imo
2505 5117 2634 5173 dicit
2667 5117 2791 5189 μετὰ
2816 5118 2874 5171 rb
2917 5118 3086 5190 Στόμα
3114 5116 3199 5170 καὶ
3235 5116 3293 5172 rb
3339 5116 3470 5188 ἱερὸν
3513 5122 3598 5184 τῆς
3641 5114 3908 5189 Ἀρτέμιδος

696 5218 817 5255 sum
850 5217 963 5254 esse
998 5216 1158 5271 quam
1202 5199 1257 5253 in
1292 5208 1491 5253 antece.
1537 5196 1771 5268 Dionysii
1800 5194 1953 5250 verba
1992 5206 2257 5253 truncasse
2347 5198 2372 5266 (
2382 5196 2475 5252 56⁰
2500 5196 2569 5253 5'.
2598 5194 2783 5266 10'43)
2801 5194 3142 5255 esseBtOuvlac
3169 5196 3321 5269 ἄκραν
3345 5198 3368 5266 (
3384 5196 3478 5249 56⁰
3504 5196 3606 5261 45¹.
3636 5197 3731 5259 43⁰
3747 5194 3901 5265 20¹),

696 5277 1017 5353 probabilius
1042 5289 1140 5333 est.

768 5363 821 5423 4.
864 5362 931 5411 In
950 5376 1053 5431 quo
1076 5356 1263 5423 fanum
1292 5355 1511 5425 Dianoe}
1542 5354 1691 5409 Fal=o
1712 5354 1909 5427 Gyllius
1947 5353 2003 5407 h.
2032 5353 2066 5408 l.
2092 5366 2143 5409 et
2176 5356 2253 5409 in-

699 5436 775 5491 fm
798 5438 869 5492 ita
890 5436 1127 5508 loquitur
1148 5436 1294 5507 quasi
1327 5432 1635 5489 Ptolemaeus
1658 5434 1735 5487 VI
1751 5471 1767 5495 ,
1804 5448 1845 5492 1,
1872 5428 2049 5483 sanum
2074 5432 2251 5487 Diana·

2343 5294 2462 5348 quae
2485 5274 2700 5349 quidem
2728 5276 2852 5349 ἄκρα
2887 5294 3006 5330 cum
3042 5278 3298 5349 Ancyraeo
3320 5276 3686 5349 promontorio
3705 5275 3907 5347 Diony·

2343 5355 2406 5409 sii
2433 5353 2796 5427 componenda
2824 5353 3000 5409 fuerit.
