4584 6284
1749 345 1850 407 DE
1896 343 2260 408 nloNYslo
2301 343 2581 406 PBmEG
2592 343 2765 407 ΕΤΕ.

685 485 777 546 60.
827 480 896 541 Ν.
923 481 1019 552 31,
1065 494 1206 557 saec.
1230 477 1392 552 XIV,
1431 475 1832 558 gossypinus,
1861 476 1928 538 in
1953 479 2040 539 4⁰.
2071 474 2214 538 Ilias

832 584 971 630 cum
988 564 1205 640 schol„
1223 562 1498 646 Dionysii
1517 562 1860 646 fragmenta
1871 581 2018 629 cum
2036 563 2215 626 scho-

832 655 928 718 liis
957 661 1020 717 et
1039 651 1416 736 paraphrasi.

674 748 768 810 61.
811 745 882 807 Ν.
915 746 1056 822 117,
1085 740 1150 803 in
1179 740 1284 804 fol.
1323 739 1534 824 (nobis
1576 762 1636 818 v,
1670 741 2070 825 Bernhardyo
2106 742 2205 821 q).

826 828 1151 912 Dionysius
1175 829 1241 891 in
1269 827 1389 892 fine
1421 847 1682 894 mancus
1710 837 1772 893 et
1799 831 2142 913 Lycophro.

669 924 765 984 62.
812 921 886 982 Ν.
911 921 1048 996 118,
1077 935 1218 982 saec.
1245 919 1395 995 XVI,
1425 917 1620 981 chart.
1653 917 1982 1000 Dionysius
2009 923 2072 980 et
2094 920 2214 1000 Op-

827 1026 1066 1090 planus.

667 1101 766 1161 63.
813 1099 885 1159 N.
919 1100 1052 1172 119,
1081 1113 1222 1158 saec.
1255 1097 1408 1169 XIV,
1437 1095 1634 1158 chart.
1671 1095 1737 1159 in
1761 1098 1848 1171 8⁰,
1879 1093 2210 1177 Dionysius

826 1202 970 1248 cum
1013 1181 1290 1258 scholiiS,
1325 1182 1618 1246 Aristidis
1660 1181 2033 1259 Platonicae,
2085 1183 2210 1264 Op-

827 1289 1060 1352 pianus.

673 1363 770 1424 64.
814 1360 885 1421 Ν.
909 1363 1040 1434 120,
1063 1376 1206 1423 saec.
1233 1359 1387 1437 XIV,
1412 1359 1635 1434 chart„
1656 1359 1982 1441 Dionysius
2003 1365 2067 1422 et
2088 1359 2212 1422 Eu-

825 1447 1074 1509 stathius
1102 1446 1276 1511 initio
1299 1446 1600 1512 defectus.

665 1539 760 1598 65.
805 1536 875 1596 Ν.
909 1536 1043 1608 121,
1075 1551 1220 1596 saec.
1242 1531 1636 1611 XIV,chart.,
1661 1533 2049 1612 cleomedes,
2071 1533 2210 1597 Dio-

815 1621 1024 1703 nysius
1052 1638 1198 1684 cum
1237 1620 1492 1684 scholiis
1508 1667 1524 1696 ,
1551 1620 1913 1686 Theodorus
1940 1620 2212 1686 Prodro-

817 1727 956 1772 mus
975 1754 992 1783 ,
1047 1708 1267 1789 Georg.
1319 1707 1560 1770 Pisides
1623 1707 1689 1769 in
1744 1709 2203 1780 Hexaemeron,

813 1794 1066 1860 Hesiodi
1096 1813 1321 1878 opera,
1366 1795 1618 1858 Pindari
1654 1796 1897 1879 Olymp.
1927 1804 1990 1861 et
2029 1797 2202 1879 Pyth.

813 1903 956 1946 cum
995 1883 1283 1960 scholiis,
1311 1884 1481 1946 Arati
1513 1883 1950 1948 Phaenomena.

658 1976 756 2036 66.
803 1974 875 2034 N.
933 1976 1074 2048 910,
1129 1990 1274 2035 saec.
1330 1973 1464 2050 XV,
1497 1972 1694 2035 chart.
1739 1971 1802 2035 in
1851 1976 1938 2034 4⁰.
1982 1969 2211 2051 Diony-

815 2079 962 2124 sius.

655 2153 753 2214 67.
798 2152 870 2212 N.
897 2155 1014 2214 922
1039 2149 1244 2230 (nobis
1267 2169 1328 2230 y,
1353 2148 1754 2230 Bernhardyo
1772 2147 1855 2232 lc),
1885 2167 2030 2213 stac.
2050 2147 2207 2227 XIV,

815 2237 1012 2300 chart.
1053 2237 1120 2298 in
1149 2241 1236 2298 4⁰.
1269 2237 1530 2318 Oppiani
1559 2236 1904 2301 Halieutica
1946 2235 2204 2300 delecta.

815 2324 1146 2404 Dionysius
1186 2342 1332 2387 cum
1377 2323 1636 2404 integris
1691 2324 1993 2388 Eustathii
2040 2341 2212 2386 com-

825 2410 1144 2474 mentariis
1166 2411 1542 2494 scholiisque
1559 2459 1575 2488 ,
1600 2410 1852 2475 libellus
1873 2410 2210 2474 Andronici

815 2500 896 2563 ad
917 2501 1002 2564 Io.
1021 2500 1260 2564 Ducam
1276 2499 1498 2564 fllium.
1527 2501 1726 2574 (Hunc
1745 2499 1906 2563 sicut
1919 2501 2056 2562 Vat.
2077 2499 2206 2562 Pal.

813 2591 929 2651 117
947 2587 1291 2653 Bredovius
1312 2607 1394 2650 an
1420 2591 1574 2651 1807
1600 2587 1849 2651 Parisiis
1874 2585 2074 2671 vidit.)

652 2679 748 2740 68.
797 2677 870 2740 N.
897 2679 1036 2752 999,
1070 2695 1216 2740 saec.
1245 2679 1376 2756 XV,
1398 2676 1594 2739 chart.
1619 2676 1684 2740 in
1712 2677 1819 2739 fol.
1845 2679 2050 2740 Genus
2067 2675 2214 2740 Dio-

811 2765 970 2846 nysii
995 2772 1058 2829 et
1084 2764 1414 2846 Dionysius
1437 2782 1584 2828 cum
1611 2765 1994 2846 paraphrasi.

651 2857 749 2918 69.
795 2855 868 2917 Ν.
900 2857 1078 2934 1469,
1109 2873 1254 2918 soec.
1283 2857 1438 2931 XVI,
1465 2853 1660 2917 chart.
1699 2853 1764 2916 in
1783 2857 1869 2930 4⁰,
1896 2853 2206 2919 Hesiodus

810 2949 872 3005 et
901 2941 1252 3023 Dionysius.

653 3033 747 3092 70.
797 3033 870 3093 N.
914 3035 1089 3108 1948,
1141 3050 1286 3096 saec.
1328 3032 1458 3108 XV,
1499 3029 1697 3092 chart.
1739 3029 1804 3092 in
1839 3029 1974 3106 fol„
2015 3028 2212 3092 Theo-

809 3120 1039 3198 crituS,
1062 3114 1319 3183 Hesiodi
1361 3137 1511 3199 opp.
1547 3125 1613 3180 et
1647 3118 1815 3195 dies,
1845 3116 2202 3199 Dionysius,

811 3207 1138 3288 Sophoclis
1164 3205 1324 3269 Phil.
1335 3251 1352 3280 ,
1367 3203 1660 3266 Aristidis
1673 3203 2012 3268 Panathen.
2021 3250 2040 3285 ‚
2051 3203 2210 3267 Pha-

811 3296 1006 3358 noclis
1035 3295 1421 3378 epigramma
1443 3311 1520 3356 ex
1546 3291 1816 3356 Stobaeo.

655 3389 754 3446 71.
797 3386 872 3445 Ν.
903 3388 1003 3460 42,
1043 3403 1186 3448 saec.
1241 3384 1398 3456 XIV,
1442 3381 1508 3445 in
1545 3384 1630 3443 4⁰.
1665 3379 2030 3444 Theocritea
2072 3380 2209 3463 ple-

811 3490 1001 3556 raque
1014 3518 1032 3549 ,
1055 3472 1345 3552 διηγήσεων
1367 3472 1582 3552 τρόποι,
1603 3473 1712 3540 ζῶα
1733 3470 1838 3537 τοῖς
1865 3469 1996 3539 θεοῖς
2023 3471 2206 3532 ἄνατα·

809 3561 1014 3640 θιιμένα
1029 3604 1048 3635 ,
1107 3559 1534 3625 Eratosthenis
1615 3563 2052 3639 argumentum
2139 3559 2202 3623 in

807 3649 1065 3713 Theocr.
1112 3647 1323 3724 Aiten,
1357 3645 1690 3726 Dionysius
1727 3663 1874 3709 cum
1913 3646 2198 3723 scholiis,

807 3737 1058 3800 Pindari
1093 3756 1316 3819 genus,
1350 3736 1553 3818 Cyprii
1585 3734 1866 3817 epistolae
1890 3733 2066 3811 duae,
2089 3737 2206 3818 Cy-

811 3824 1062 3907 prianus
1084 3825 1216 3906 πρὸς
1252 3825 1339 3884 τὸν
1381 3823 1558 3904 ἰατρὸν
1592 3823 1890 3901 εὐαγγέλιον
1909 3868 1927 3899 ,
1948 3823 2201 3887 Pindari

811 3914 1053 3996 Olymp.
1081 3919 1144 3976 et
1156 3912 1332 3995 Pyth.
1366 3928 1510 3974 cum
1533 3910 1806 3974 scholiis.

650 4005 749 4065 72.
794 4003 866 4064 N.
898 4005 1042 4080 915,
1067 4018 1214 4065 saec.
1243 4001 1372 4076 XV,
1398 3998 1464 4061 in
1482 3997 1588 4062 fol.
1613 3999 1848 4060 Praeter
1865 3997 1988 4060 alia
2011 3999 2208 4062 multa

3651 362 3857 437 xxxvl]

2462 475 2693 538 mentis
2754 476 3223 553 evacuantibus,
3289 480 3579 562 quaedam
3642 503 3675 548 e
3738 489 3859 552 De-

2464 561 2711 626 mocriti
2760 562 3065 645 physicis,
3109 567 3196 628 Io.
3236 567 3537 650 Xiphilini
3584 572 3857 654 epitome

2460 651 2676 716 Dionis
2695 651 2886 716 Cassii
2900 698 2917 729 ,
2944 651 3277 734 Dionysius
3293 700 3311 731 ,
3335 673 3531 737 genus
3552 658 3849 745 Dionysii,

2462 744 2539 806 de
2568 741 2767 804 ventis
2786 747 2851 804 et
2866 741 3285 822 paraphrasis.

2300 835 2401 896 76.
2454 831 3203 895 Υατίσαπε-Οιεοὸοπίαπκ
3230 833 3421 894 codex
3444 835 3517 898 N.
3544 839 3685 914 335,
3710 857 3855 904 soec.

2458 921 2614 996 XVI,
2643 917 2839 983 chart.
2866 918 2933 980 in
2954 922 3041 993 4⁰,
3070 937 3147 982 ex
3180 918 3503 986 codicibus
3527 925 3613 987 Io.
3639 926 3851 1008 Angeli

2460 1009 2649 1074 Ducis
2680 1010 3002 1089 Altaemps.
3034 1009 3371 1091 Dionysius
3400 1027 3545 1074 cum
3574 1030 3729 1077 nova
3751 1033 3861 1096 pa-

2461 1096 2739 1180 raphrasi
2781 1103 2846 1160 et
2892 1095 3169 1179 Dionysii
3208 1114 3463 1180 genere,
3488 1099 3567 1163 de
3610 1101 3845 1178 TurciS,

2458 1183 2947 1248 commentarius
2975 1185 3281 1248 Eustathii
3312 1186 3589 1250 mutilus.

2300 1276 2399 1336 77.
2444 1275 2795 1336 Barberinae
2818 1274 3174 1336 bibliothece.
3193 1275 3267 1336 Ν.
3291 1277 3371 1337 90
3402 1273 3576 1355 (olim
3595 1276 3669 1338 N.
3690 1279 3847 1359 407).

2460 1361 2657 1425 chart.
2706 1359 2770 1423 in
2825 1364 2915 1424 4⁰.
2984 1362 3051 1424 In
3110 1361 3315 1442 primo
3363 1362 3516 1426 folio
3571 1363 3797 1445 legitur
3838 1387 3853 1404 ·

2466 1473 2499 1509 «
2535 1449 2891 1532 Proprietas
2933 1450 3121 1529 hujus
3168 1448 3311 1512 libri
3360 1457 3453 1514 est
3496 1455 3844 1518 monasteri

2458 1537 2831 1602 sanctissimi
2897 1535 3186 1600 crucifixi
3258 1538 3659 1618 Saxol'crrati,
3707 1561 3853 1606 usus

2458 1635 2670 1690 autem
2720 1625 2935 1689 Jacobi
2985 1625 3265 1705 Purcati,
3296 1625 3499 1690 donec
3552 1629 3850 1712 superior

2457 1713 2783 1796 placuerit.
2809 1715 2879 1776 In
2896 1713 3019 1777 hoc
3038 1713 3256 1778 codice
3286 1712 3411 1778 duo
3432 1733 3665 1796 genera
3682 1718 3858 1782 scho-

2458 1803 2684 1866 liorum
2739 1801 3050 1865 habentur
3096 1800 3159 1863 in
3208 1808 3501 1884 quattuor
3543 1804 3857 1888 Euripidis

2455 1888 2819 1972 tragoedias,
2890 1889 2955 1951 in
3034 1888 3473 1972 Hippolytum,
3530 1892 3849 1972 Medeam,

2458 1979 2770 2058 Alcestin,
2807 1977 3326 2059 Andromachen,
3351 1979 3439 2042 ita
3467 1979 3767 2064 disposita
3789 1993 3855 2053 ut

2458 2073 2751 2151 quattuor
2778 2066 2985 2146 prima
3007 2066 3245 2130 scholia
3294 2067 3417 2129 sint
3459 2068 3681 2132 eadem
3710 2090 3852 2136 cum

2456 2156 2619 2238 typis
2648 2153 2831 2218 editis
2848 2201 2865 2230 ,
2902 2158 3195 2236 quattuor
3215 2173 3362 2219 vero
3390 2158 3715 2240 sequentia
3740 2159 3858 2222 dif-

2456 2243 2659 2306 ferant
2696 2240 2779 2306 ah
2820 2239 2897 2303 iis
2938 2259 3081 2322 quae
3130 2239 3255 2304 sint
3297 2243 3460 2324 typis
3504 2244 3690 2308 edita.
3715 2269 3747 2306 s
3779 2281 3857 2300 ..-

2455 2329 2635 2394 Prior
2660 2327 3041 2391 scholiorum
3073 2327 3306 2410 sylloge
3350 2331 3621 2410 pertinet
3659 2353 3859 2417 usque

2458 2417 2536 2481 ad
2582 2416 2688 2480 fol.
2720 2419 2857 2489 160,
2892 2415 3113 2490 altera,
3142 2435 3284 2498 quta
3331 2418 3555 2496 glossis
3597 2421 3857 2486 verbum

2456 2506 2648 2570 verbo
2712 2503 3163 2586 explicantibus
3208 2511 3476 2583 constat,
3531 2527 3731 2592 usque
3778 2510 3857 2574 ad

2458 2593 2564 2658 l'ol.
2589 2595 2733 2656 204.
2765 2591 3003 2655 Deinde
3042 2593 3326 2676 sequitur
3352 2595 3622 2677 Dionysii
3653 2598 3860 2680 perie-

2459 2681 2623 2762 gesis
2653 2697 2797 2743 cum
2846 2679 3205 2761 paraphrasi
3235 2681 3613 2766 scholiisque
3645 2705 3856 2768 -usque

2463 2769 2541 2833 ad
2586 2785 2837 2831 versum
2882 2769 3001 2830 214
3035 2766 3162 2849 (l'ol.
3194 2770 3358 2848 222).
3389 2773 3545 2834 Tum
3580 2771 3687 2835 fol.
3713 2777 3861 2838 222-

2456 2861 2575 2922 225
2606 2856 2715 2918 lin.
2744 2859 2781 2918 3
2806 2854 2925 2917 alia
2952 2855 3241 2936 leguntur
3264 2857 3499 2920 scholia
3526 2859 3591 2922 in
3620 2861 3856 2942 primos

2458 2943 2735 3026 Dionysii
2789 2961 3021 3006 versus.
3066 2943 3217 3007 Post
3260 2943 3399 3008 haec
3441 2945 3549 3010 fol.
3593 2952 3857 3015 226-256

2456 3037 2801 3116 sequuntur
2842 3030 3080 3094 scholia
3104 3035 3169 3092 et
3192 3032 3587 3114 paraphrasis
3616 3035 3681 3098 in
3710 3035 3857 3100 Dio-

2454 3121 2701 3204 nysium
2750 3119 2899 3182 inde
2941 3137 2977 3181 a
3018 3135 3105 3181 vs.
3138 3121 3258 3182 288
3298 3138 3497 3201 usque
3537 3121 3615 3184 ad
3663 3122 3854 3186 finem

2452 3208 2767 3274 carminis.
2790 3212 3014 3273 Totum
3036 3205 3319 3270 codicem
3349 3208 3697 3290 excutiendi
3727 3231 3854 3276 non

2454 3305 2587 3361 erat
2615 3297 2835 3360 otium.
2866 3296 3028 3359 Hinc
3054 3293 3201 3358 inde
3228 3295 3465 3377 aliquid
3491 3299 3756 3362 enotavi.

2294 3392 2393 3453 78.
2443 3387 2791 3449 Barberinae
2824 3384 3175 3446 bibliotheca
3212 3385 3403 3446 codex
3440 3386 3515 3447 N.
3552 3389 3656 3466 43,
3698 3387 3852 3452 olim

2451 3477 2569 3539 378
2622 3471 2839 3556 (nobis
2884 3472 2975 3553 ζ).
3007 3469 3365 3553 Dionysius,
3406 3475 3661 3538 Hesiodi
3710 3497 3853 3542 scu-

2449 3573 2617 3643 tum,
2665 3561 2837 3625 Arati
2882 3559 3339 3639 Phoenomena,
3384 3564 3616 3645 Orphei
3659 3569 3853 3649 Argo-

2451 3651 2721 3714 nautica.
2756 3653 2827 3714 In
2854 3652 2977 3713 fine
3008 3649 3245 3713 codicis
3279 3669 3509 3714 nomen
3536 3645 3851 3720 Fra'ncisci

2451 3739 2772 3803 Castilioni
2834 3737 3240 3820 adscriptum.
3292 3740 3591 3820 Eiusdem
3660 3762 3852 3808 manu

2450 3826 2638 3890 etiam
2656 3826 2899 3908 reliqua
2918 3832 3161 3889 exarata
3176 3825 3485 3890 videntur.
3506 3828 3851 3893 Hesiodum

2450 3933 2612 3998 anno
2630 3917 2785 3978 1823
2801 3913 3157 3978 Tierschius
3174 3915 3442 3979 contulit
3453 3962 3470 3992 ,
3490 3916 3598 4000 qui
3618 3916 3848 3980 librum

2446 4003 2617 4065 hunc
2646 4001 2817 4066 haud
2838 4001 3049 4081 magni
3069 4003 3255 4083 pretii
3282 4021 3419 4065 esse
3455 4003 3706 4066 notavit.

806 4087 1085 4168 Dionysii
1132 4103 1388 4150 carmen
1439 4083 1586 4146 inde
1616 4101 1653 4146 a
1677 4101 1858 4146 versu
1905 4087 2018 4147 183
2057 4103 2208 4148 con-
2291 4093 2392 4155 79.
2436 4090 2784 4152 Barbert‘nae
2822 4089 2965 4151 bibl.
2992 4089 3187 4151 codex
3223 4091 3299 4151 N.
3331 4093 3411 4153 63
3447 4089 3638 4168 (olim
3667 4093 3843 4172 531).

806 4174 982 4238 tinet.

2450 4175 2777 4260 Dionysius
2796 4195 2944 4240 cum
2970 4176 3333 4259 paraphrasi
3364 4182 3428 4241 et
3448 4178 3721 4243 scholiis.

647 4269 742 4329 73.
789 4265 862 4327 Ν.
891 4266 1069 4338 1385,
1104 4279 1249 4326 saec.
1277 4263 1408 4337 XV,
1437 4260 1637 4326 chart.
1683 4259 1749 4323 in
1789 4259 1872 4336 8⁶,
1911 4261 2203 4342 pulcher·
2279 4271 2392 4334 80.
2436 4268 2787 4330 Barberinae
2822 4267 2962 4328 bibl.
3020 4267 3214 4328 codex
3252 4266 3326 4327 N.
3381 4270 3520 4342 144,
3564 4285 3843 4349 pergam.

803 4353 962 4416 rime
988 4350 1278 4434 scriptus.
1311 4351 1648 4425 Cornutus,
1679 4347 2013 4414 duodecim
2049 4353 2205 4414 Her-

804 4441 962 4504 culis
990 4439 1366 4518 certamina,
1388 4438 1816 4521 Palaephatus,
1845 4438 2080 4520 scripta
2125 4439 2202 4503 de

807 4527 1138 4604 comoedia,
1167 4526 1517 4607 Dionysius.

2453 4354 2649 4430 in-80,
2692 4371 2837 4419 saec.
2874 4355 3027 4431 XVI,
3063 4353 3260 4418 nitide
3300 4354 3602 4436 scriptus,
3635 4357 3851 4420 Eusta-

2450 4442 2565 4504 thii
2595 4442 2874 4506 continet
2894 4449 3140 4524 partem
3172 4441 3467 4522 priorem.
3494 4461 3635 4524 quae
3658 4444 3847 4528 perti-

2452 4534 2560 4592 net
2586 4548 2786 4613 usque
2810 4529 2890 4592 ad
2920 4550 2983 4611 p.
3011 4532 3149 4603 312,
3180 4532 3262 4593 40
3285 4528 3386 4591 ed.
3414 4536 3666 4595 nostrae.

650 4623 748 4682 74.
802 4617 1553 4681 Vaticana-Christianum
1574 4615 1766 4678 codex
1787 4615 1860 4678 N.
1895 4616 2036 4692 147,
2053 4633 2196 4680 soec.
2292 4623 2391 4685 81.
2441 4621 2864 4682 Casanatemis
2885 4619 3075 4680 codex
3089 4615 3368 4698 Dionysii
3396 4635 3851 4682 commemora—

806 4709 934 4784 XV,
961 4708 1156 4772 chart.
1189 4705 1257 4769 in
1276 4709 1362 4783 4⁰,
1387 4703 1722 4786 Dionysius
1751 4721 1950 4787 usque
1991 4703 2070 4768 ad
2111 4723 2198 4768 vs.

812 4800 967 4861 1134
987 4803 1050 4861 et
1069 4814 1213 4879 pars
1231 4793 1702 4878 paraphraseos.

2451 4714 2552 4770 tur
2574 4725 2609 4770 a
2636 4707 2898 4770 Mullero
2922 4705 2988 4768 in
3009 4705 3185 4785 prael'.
3220 4703 3303 4768 ad
3332 4704 3529 4769 schol.
3563 4703 3627 4767 in
3651 4707 3847 4788 Lyco—

2445 4795 2673 4876 phron.
2707 4815 2768 4878 p.
2795 4795 3076 4858 LXXXV.

646 4889 744 4950 75.
805 4885 1532 4948 Vaticanae-Ottobonianae
1558 4883 1752 4944 cocle-z·
1775 4884 1849 4944 N.
1876 4885 2014 4956 193,
2050 4899 2194 4946 saec.
2289 4887 2390 4949 82.
2438 4885 2867 4964 Neapolitanus
2914 4885 3112 4946 codex
3150 4884 3294 4948 bibl.
3344 4885 3681 4952 Borbonicae
3729 4887 3848 4946 349

803 4975 967 5050 XVI,
1017 4973 1214 5037 chart.
1269 4971 1334 5034 in
1380 4974 1466 5034 4⁰.
1516 4969 1769 5034 Scholia
1823 4968 1889 5032 in
1945 4969 2198 5034 Hesiodi

807 5059 1228 5144 theogoniam,
1265 5058 1698 5123 Demosthenis
1722 5057 2100 5140 Olynthiacae
2138 5066 2200 5122 et

804 5150 1204 5234 Philippicae,
1268 5151 1685 5212 Damascenus
1761 5147 1840 5210 de
1921 5145 2198 5210 medica-

2454 4969 2473 5054 (
2505 4973 2550 5047 Ῑ,
2606 4973 2675 5049 Ε,
2722 4971 2849 5054 22)
2901 4971 3065 5054 apud
3121 4972 3515 5046 Salvatorem
3556 4969 3857 5048 Cyrillum

2452 5059 2671 5142 (codd.
2702 5080 2795 5143 gr.
2831 5079 2982 5125 msS.
3016 5060 3176 5124 Bibl.
3234 5057 3647 5148 Bomonicae.
3668 5056 3863 5129 Neap.

2448 5153 2624 5228 1832,
2656 5169 2719 5234 p.
2768 5151 2946 5233 463).
2993 5151 3481 5258 Lycopthn’xS
3524 5138 3846 5208 mex-,mum
3861 5181 3879 5208 ,
