4584 6284
749 538 861 590 ³2²

743 661 830 722 διὰ
863 661 1177 722 Συλοσῶντα
1205 657 1292 718 τὸν
1321 656 1588 741 τύραννον,
1622 657 1849 740 ἄρξαντα
1895 656 2116 742 πικρῶς.
2144 663 2310 724 Ὅθεν

741 749 830 809 καὶ
879 745 1166 830 παροιμία,
1211 774 1236 800 ι
1285 745 1434 819 ἕκητι
1505 747 1844 814 Συλοσῶντος
1908 746 2225 828 εὐρυχωρία.
2283 775 2311 800 ¹·

742 829 813 893 ‘O
863 827 1042 907 με’ντοι
1085 833 1175 888 τοῦ
1217 829 1550 894 Συλοσῶντος
1597 827 1817 910 ἀδελφὸς
1861 829 2206 909 Πολυκράτης
2254 830 2313 888 οὗ

743 917 951 998 φαύλως
969 915 1313 998 ἐτυράννησε·
1331 913 1601 995 γενόμενος
1617 915 1672 975 δὲ
1691 913 2082 997 εὐτυχέστατος,
2097 915 2313 998 ὕστερον

688 1024 716 1065 s
745 1005 1039 1088 ἐκρεμάσθη
1087 1003 1189 1065 ὑπὸ
1233 1007 1476 1086 Περσῶν.
1509 996 1676 1072 Οὗτος
1720 997 1787 1077 ἦν
1834 1008 1861 1063 ὁ
1902 1004 1991 1065 τὸν
2035 1005 2311 1066 δακτύλων

744 1094 896 1176 ῥίψας
920 1096 992 1162 εἷς
1015 1093 1305 1168 Θάλασσαν,
1331 1094 1389 1153 ὃν
1417 1085 1561 1162 αὖθις
1588 1092 1675 1154 διὰ
1707 1097 1799 1153 τοῦ
1840 1094 2190 1164 καταπιόντος
2231 1097 2313 1175 ἰχ-

743 1182 858 1250 θύος
885 1181 1142 1242 ἅπίλαὸε.
1174 1181 1313 1262 Περὶ
1341 1181 1396 1242 δὲ
1423 1181 1614 1257 οἴνους,
1635 1186 1706 1251 ὡς
1722 1183 1962 1263 λέγεται,
1985 1185 2045 1244 οὗ
2067 1184 2208 1243 πάνυ
2230 1188 2315 1244 εὖ·

743 1270 905 1350 τυχὴς
943 1263 1033 1347 ἦν,
1071 1270 1358 1350 ὠνομάσθη
1400 1269 1457 1328 δέ
1488 1293 1614 1330 ποτε
1649 1269 1740 1330 καὶ
1785 1271 2176 1354 Μελάμφυλλος
2221 1273 2313 1334 καὶ

745 1359 974 1436 Ἀνθεμὶς
1001 1359 1092 1418 καὶ
1114 1357 1386 1442 Παρθενία
1406 1359 1460 1418 δὲ
1487 1358 1591 1418 ἀπὸ
1616 1365 1856 1436 ποταμοῦ
1882 1361 2192 1438 Παρθενίου.
2215 1361 2312 1424 Ἐν

667 1461 717 1502 ιο
746 1445 914 1527 ταύτῃ
931 1449 999 1527 τῇ
1019 1444 1298 1527 Σάμῳμαὶ
1315 1444 1428 1525 ὄρος
1447 1448 1644 1526 ὑψηλὸν
1661 1444 1874 1527 λέγεται
1898 1451 1968 1516 εἰς
1986 1449 2313 1522 πεντήκοντα

742 1530 834 1592 καὶ
877 1532 1063 1592 ἑκατὸν
1111 1532 1352 1612 ὀργυιὰς,
1395 1523 1452 1592 οὗ
1495 1533 1724 1593 κάτωθεν
1776 1531 2009 1614 ὄρυγμα,
2041 1533 2110 1604 ὥς
2149 1559 2309 1617 φησιν

744 1619 1041 1702 Ἡρόδοτος,
1066 1619 1440 1693 ’πολυστάδιοη
1473 1620 1539 1681 δι’
1563 1625 1620 1681 οὖ
1644 1621 1782 1702 ὕδωρ
1825 1621 2192 1703 ὀχετευόμενον
2223 1623 2310 1683 διὰ

743 1706 996 1781 σωλήνων
1014 1706 1329 1789 παρεγένετο
1347 1709 1417 1776 εἰς
1434 1708 1531 1781 τὴν
1547 1709 1698 1768 πόλιν
1714 1708 1819 1768 ἀπὸ
1833 1709 2077 1789 μεγάλων
2097 1715 2308 1789 πηγῶν,

743 1787 804 1856 οὗ
830 1795 1154 1877 ἀρχιτέκτων
1183 1798 1476 1864 Εὐπαλῖνος
1497 1800 1525 1857 ὁ
1548 1799 1856 1878 Μεγαρεύς.
1873 1789 1983 1860 Ἦν
2007 1797 2097 1873 δὲ,
2127 1798 2307 1882 φησὶν,

663 1904 714 1945 ls
745 1881 923 1944 αὐτόθι
942 1883 1036 1944 καὶ
1060 1881 1181 1951 ναὸς
1207 1883 1448 1964 μέγιστος
1463 1928 1478 1954 ,
1505 1874 1564 1944 οὗ
1587 1882 1908 1964 ἀρχιτέκτων
1927 1883 2153 1961 Ῥοῖκος,
2177 1885 2310 1968 ἀνὴρ

741 1969 1044 2053 ἐπιχώριος.
1073 1969 1289 2045 Ταύτης
1314 1975 1344 2031 ὁ
1364 1971 1579 2045 πολίτης
1607 1973 1834 2049 Σάμιος·
1862 1977 1891 2034 ὁ
1919 1971 2098 2052 μέντοι
2132 1977 2226 2048 τῆς
2255 1976 2307 2033 ἕν

745 2058 1088 2142 Κεφαλληνία
1115 2058 1308 2137 Σάμου
1327 2059 1542 2132 πολίτης
1563 2062 1808 2141 Σαμαῗος
1822 2104 1841 2135 ,
1867 2061 2000 2120 διότι
2022 2061 2194 2136 ἰκείνη
2218 2061 2311 2123 καὶ

741 2147 904 2226 Σάμη
923 2147 1162 2229 λέγεται,
1185 2145 1324 2208 καθὰ
1338 2149 1428 2208 καὶ
1447 2149 1572 2229 παρ’
1598 2147 1826 2232 Ὁμήρῳ
1851 2147 2087 2231 εὕρηται.
2110 2149 2308 2213 Ἱστὲον

741 2237 794 2296 δὲ
825 2234 905 2296 ὅτι
933 2233 1171 2313 Ἰωνικὴν
1204 2236 1300 2310 τὴν
1333 2240 1570 2320 ῥηθεῖσαν
1599 2237 1786 2316 Σάμον
1810 2237 2003 2320 φαμὲν,
2027 2242 2098 2308 ὡς
2121 2239 2184 2298 ἂν
2213 2241 2307 2299 ἀν-

659 2345 715 2384 20
740 2325 1154 2387 τιδιαστέλλοιτο
1192 2330 1260 2408 τῇ
1301 2349 1358 2386 τε
1389 2325 1658 2408 Ὁμηρικῇ
1705 2329 2086 2410 Κεφαλληνικῇ
2137 2325 2310 2410 Σάμῳ

739 2414 830 2475 καὶ
858 2420 926 2494 τῇ
950 2415 1304 2496 προειρημένῃ
1335 2415 1388 2475 δὲ
1411 2415 1622 2499 Θρᾳκίᾳ
1645 2413 1818 2496 Σάμῳ
1840 2460 1858 2488 ,
1899 2421 1964 2497 τῇ
1995 2413 2132 2476 οὕτω
2165 2416 2311 2488 κλη-

738 2501 885 2583 θείσῃ
903 2498 990 2563 διὰ
1011 2503 1071 2563 τὸ
1094 2501 1241 2586 ὕψος·
1270 2502 1428 2579 σάμοι
1448 2505 1567 2586 γάρ,
1592 2528 1740 2586 φασι,
1761 2503 1828 2564 τὰ
1851 2504 1978 2585 ὕψη.
2003 2502 2132 2564 Ὅτι
2160 2500 2214 2563 δὲ
2237 2496 2312 2572 εἰς

735 2589 870 2652 πολὺ
903 2589 1113 2674 ἐξήρετο
1140 2590 1268 2672 ὕψος
1284 2635 1303 2669 ,
1328 2593 1483 2663 δῆλον
1511 2593 1572 2651 ἐκ
1595 2598 1686 2652 τοῦ
1707 2591 1801 2651 καὶ
1828 2590 1916 2651 τὸν
1956 2592 2094 2662 Ποιη
2104 2587 2191 2662 τὴν
2227 2592 2308 2650 εἰ-

736 2688 874 2753 πεῖν,
909 2677 962 2746 ἐξ
1005 2681 1166 2752 αὐτῆς
1203 2677 1302 2752 τήν
1331 2701 1389 2738 τε
1415 2676 1564 2752 Ἴδην
1602 2679 1874 2760 φαίνεσθαι
1918 2687 2098 2738 πᾶσαν
2123 2679 2215 2738 καὶ
2242 2678 2311 2740 τὰ

657 2783 708 2823 25
735 2755 872 2820 κατὰ
901 2759 996 2832 τήν
1040 2759 1259 2839 Τροίαν.
1293 2761 1366 2822 Οἱ
1411 2758 1468 2820 δέ
1504 2782 1660 2840 φασιν
1689 2757 1770 2819 ὅτι
1813 2757 1999 2834 Σάμος
2030 2755 2243 2839 λέγεται
2269 2763 2305 2830 ἡ

737 2846 979 2926 Θρακία,
1005 2846 1159 2908 οἱονεὶ
1187 2847 1331 2915 Σάος
1352 2869 1430 2914 τις
1447 2891 1464 2920 ,
1496 2846 1587 2905 καὶ
1614 2847 1754 2905 κατὰ
1781 2844 2116 2923 πλεονασμὸν
2147 2850 2240 2904 τοῦ
2269 2869 2311 2922 μ

737 2935 920 3016 Σάμος
937 2978 955 3009 ,
981 2936 1088 2996 ἀπὸ
1115 2929 1315 3009 Σαΐων,
1335 2933 1507 3004 ἔθνους
1527 2938 1758 2996 παλαιοῦ
1784 2933 2091 3008 οἰκήσαντος
2117 2932 2306 3010 αὐτὴν,

735 3015 794 3084 οὗ
823 3025 1087 3102 μέμνηται
1127 3021 1220 3082 καὶ
1245 3021 1576 3104 Ἀρχίλοχος,
1603 3025 1878 3102 ὁμολογῶν
1907 3022 2170 3103 ἄχραντον
2213 3021 2311 3093 τὴν

736 3113 892 3172 αὐτοῦ
914 3110 1114 3171 ἀσπίδα
1142 3113 1196 3170 ἐν
1216 3115 1354 3192 φυγῇ
1382 3110 1617 3189 πολέμου
1649 3113 1800 3194 ῥῖψαι
1827 3113 1955 3190 παρ’
1984 3111 2175 3176 αὒτοῑς.
2200 3109 2314 3170 Καὶ

657 3221 710 3260 30
735 3206 769 3272 ἡ
800 3197 924 3266 Χίος
955 3197 1010 3258 δὲ
1033 3201 1138 3258 τῶν
1161 3197 1355 3259 Ἰώνων
1380 3196 1493 3257 ἐστὶ
1532 3202 1717 3274 ν’ἤσος,
1750 3197 1948 3278 ἔχουσα
1975 3195 2128 3256 πόλιν
2173 3197 2317 3255 εὗλί-

739 3311 914 3365 μενον,
932 3291 1004 3356 ὣς
1027 3289 1056 3344 ὁ
1083 3289 1130 3348 Γ
1130 3285 1396 3366 εωγράφος
1415 3285 1567 3364 φησὶ,
1593 3285 1683 3345 καὶ
1707 3284 2040 3361 ναύσταθμον
2058 3281 2114 3339 π’
2137 3282 2313 3356 ναυσὶ,

739 3378 829 3436 καὶ
877 3377 1035 3443 ἄλσος
1078 3373 1342 3454 φοινίκων·
1381 3364 1445 3446 ἧς
1481 3379 1508 3434 ὁ
1549 3371 1832 3452 περίπλους
1871 3369 2098 3430 σταδίων
2141 3370 2319 3429 ἐννεα-

742 3461 958 3524 κοσίων.
990 3458 1206 3532 Ταύτης
1233 3459 1458 3520 οἰκισταὶ
1498 3459 1784 3537 Πελασγοί.
1819 3458 2081 3519 Ἐνταῦθα
2110 3457 2230 3540 ὅρος
2257 3457 2319 3518 τὸ

748 3551 1075 3608 Πελινναῖον.
1105 3545 1415 3627 Ἱστορεῖται
1434 3545 1488 3607 Bi
1507 3549 1562 3607 ἐν
1587 3545 1706 3627 Χίῳ
1721 3548 1930 3627 πρῶτον
1956 3545 2160 3624 μέλανα
2183 3535 2315 3605 οἶνον

667 3656 719 3697 35
748 3635 1013 3716 γενέσθαι,
1036 3635 1126 3696 καὶ
1149 3634 1391 3717 πρώτους
1416 3633 1531 3704 τοὺς
1552 3636 1660 3694 ἐκεῖ
1693 3633 1977 3716 θεράπουσι
1996 3632 2317 3715 χρήσασθαι,

749 3723 886 3784 οὕτω
918 3723 1260 3800 καλουμένοις
1285 3721 1422 3784 κατὰ
1451 3722 1588 3782 ἰδίαν
1613 3720 1733 3783 τινὰ
1763 3724 1953 3795 κλῆσιν
1981 3719 2320 3794 δουλευτικὴν

749 3811 784 3883 ἢ
813 3809 1076 3884 δουλικήν·
1099 3813 1171 3880 ὣς
1197 3811 1286 3872 καὶ
1313 3813 1364 3870 οἱ
1391 3809 1798 3888 Λακεδαιμόνιοι
1848 3807 2144 3892 ἐχρήσαντό
2190 3833 2317 3870 ποτε

753 3899 982 3976 Εἵλωσι,
1012 3899 1104 3960 καὶ
1142 3897 1441 3966 Μακεδόνες
1480 3901 1801 3973 Πενέσταις,
1829 3898 1922 3960 καὶ
1960 3898 2180 3980 Ἀργεῖοι
2211 3900 2258 3960 Γ
2258 3922 2321 3957 υ·-

750 3987 1021 4067 μνησίοις,
1064 3987 1158 4048 καὶ
1197 3987 1474 4049 Σικυώνιοι
1521 3986 1949 4070 Κορυνηφόροις,
1996 3987 2086 4046 καὶ
2119 3989 2322 4067 Κρῆτες

667 4097 724 4140 ιο
751 4077 1053 4151 Μνωΐταις,
1097 4076 1190 4137 καὶ
1252 4076 1554 4139 Ἰταλιῶται
1597 4079 1913 4154 Πελασγοῖς.
1963 4073 2141 4136 Ὥστε
2179 4073 2319 4135 κατὰ

688 4197 694 4202 -
747 4163 842 4238 τὴν
875 4163 1110 4246 ἱστορίαν
1137 4164 1338 4238 ταύτην
1366 4163 1578 4226 δουλικὰ
1617 4163 1766 4246 παρὰ
1798 4165 1904 4233 τοῖς
1929 4167 2177 4231 παλαιοῖς
2203 4163 2317 4224 ‹326-

749 4277 894 4334 ματα
927 4245 1060 4313 εἶναι
1091 4255 1214 4321 τοὺς
1240 4251 1510 4331 Εἵλωτας,
1547 4252 1670 4321 τοὺς
1711 4253 2011 4330 Πενέστας,
2057 4251 2176 4321 τοὺς
2210 4255 2258 4315 Γ
2258 4277 2321 4312 υ-

747 4342 1028 4422 μνησίους,
1081 4340 1201 4409 τοὺς
1244 4339 1676 4424 Κορυνηφόρους,
1717 4339 1840 4410 τοὺς
1880 4337 2161 4415 Μνωΐτας,
2200 4339 2321 4410 τοὺς

749 4434 1082 4512 Πελασγοὺς,
1104 4427 1223 4498 τοὺς
1244 4427 1579 4509 θεράποντας.
1602 4425 1784 4490 Ἄλλοι
1807 4428 1862 4489 δὲ
1887 4428 2159 4510 Κρητικὴν
2180 4427 2317 4498 λέξιν

669 4549 724 4590 45
748 4523 850 4581 τῶν
880 4518 1208 4600 θεραπόντων
1233 4509 1378 4578 εἶπον
1403 4508 1564 4592 εἶναι,
1587 4519 1659 4586 ὥς
1676 4521 1782 4578 τῶν
1804 4520 2034 4601 Κρητῶν
2054 4517 2141 4579 τὸν
2161 4519 2321 4577 ὁπλο-

749 4607 901 4689 φόρον
926 4609 1107 4667 δοῢλον
1131 4606 1387 4686 λεγόντων
1410 4605 1742 4686 θεράποντα..

828 4715 924 4757 sas.
965 4693 1098 4756 'Ort
1132 4695 1354 4766 ἐκεῖθεν,
1382 4693 1500 4767 ἤτοι
1533 4694 1666 4767 μετὰ
1699 4691 1795 4760 τὰς
1821 4691 2060 4762 Ἰωνικὰς
2086 4691 2313 4766 νήσους,

747 4783 1120 4860 ἀναφαίνονται
1146 4785 1296 4854 νῆσοι
1325 4779 1589 4853 Αἰολίδες,
1611 4779 1814 4847 Adoreo<
1845 4804 1904 4841 τε
1931 4781 2208 4861 εὖρόχορος
2223 4778 2318 4839 καὶ

2139 531 2553 591 ΕΠΞΤΑῙἩΙΙ

2398 665 2661 722 fortunam
2680 679 2893 742 experta
2914 681 2992 725 est
3010 672 3241 726 maxime
3256 672 3547 741 adversam,
3564 692 3732 746 quum
3749 685 3980 748 propter

2400 747 2646 802 acerbum
2680 749 2970 822 Sylosontis
3004 753 3212 825 tyranni
3254 753 3537 826 imperium
3583 755 3979 810 habitatoribus

2399 825 2506 881 iere
2526 827 2815 886 defecisset.
2840 829 3000 885 Unde
3032 833 3192 886 etiam
3216 833 3559 905 proverbium
3586 850 3601 888 ε
3626 838 3851 909 Propter·
3876 841 3977 909 sy·

2400 907 2644 962 Iosontem
2684 909 2827 963 Iocus
2870 911 2976 964 late
2996 923 3208 984 patens.
3247 912 3537 983 Sylosontis
3576 924 3751 969 tamen
3788 913 3975 983 stater,

2399 986 2721 1058 Polycrates,
2757 1007 2865 1042 non
2904 990 3041 1044 male
3084 991 3310 1063 imperio
3353 1008 3479 1046 usus
3512 1003 3620 1060 est3
3648 992 3773 1060 sed,
3802 1013 3981 1068 quum

2401 1065 2840 1126 fortunatissimus
2890 1070 3100 1136 suisset,
3139 1070 3355 1126 tandem
3396 1091 3431 1127 a
3471 1075 3643 1128 Persis
3687 1093 3979 1149 suspensus

2400 1144 2517 1203 suit.
2546 1150 2599 1202 Is
2624 1160 2704 1204 est
2724 1151 3024 1223 Polycrates
3042 1190 3058 1217 ,
3080 1153 3173 1222 qui
3198 1150 3455 1206 annulum
3480 1151 3706 1225 projecit
3729 1157 3785 1210 in
3804 1173 3974 1220 mare,

2399 1241 2555 1294 quem
2579 1245 2765 1282 rursus
2790 1247 2887 1302 per
2904 1231 3101 1301 piscem
3120 1270 3138 1300 ‚
3160 1231 3253 1302 qui
3280 1248 3403 1285 eum
3428 1231 3775 1288 absorbuerat
3788 1273 3805 1300 ‚
3834 1253 3980 1290 rece-

2399 1306 2494 1377 pit.
2525 1307 2771 1362 Ceterum
2793 1328 2824 1365 a
2844 1311 2967 1364 vino
2986 1327 3140 1380 agere
3160 1310 3298 1364 hanc
3314 1310 3538 1366 insulam
3555 1315 3706 1368 aiunt
3722 1331 3831 1368 non
3848 1317 3977 1370 satis

2397 1383 2564 1440 beate.
2592 1388 2793 1444 Eadem
2818 1390 3089 1445 nominata
3114 1391 3269 1444 etiam
3304 1391 3429 1446 olim
3452 1391 3553 1446 fuit
3572 1393 3977 1466 Melamphyllus

2398 1474 2449 1518 et
2471 1466 2745 1524 Anthemis
2761 1509 2777 1534 ,
2810 1471 3045 1543 itemque
3070 1470 3351 1524 Parthenia
3372 1489 3403 1527 a
3423 1470 3707 1526 Parthenio
3728 1473 3973 1530 flumine.

2399 1546 2511 1599 Hac
2532 1549 2587 1600 in
2610 1549 2766 1603 samo
2788 1567 2941 1604 mons
2962 1567 3177 1622 quoque
3202 1549 3362 1605 fuisse
3378 1550 3574 1605 dicitur
3595 1550 3664 1606 ad
3686 1562 3896 1607 eentum
3916 1565 3977 1608 et

2398 1624 2773 1697 quinguaginta
2799 1628 3005 1699 orgyias
3026 1627 3201 1682 editus
3215 1670 3231 1698 ,
3262 1640 3315 1685 et
3350 1628 3420 1684 ad
3454 1630 3586 1684 imas
3621 1631 3735 1702 ejus
3768 1631 3979 1686 radices

2401 1701 2561 1770 fossa,
2592 1716 2652 1759 ut
2676 1706 2980 1761 Herodotus
2999 1708 3077 1776 (3,
3102 1711 3192 1777 60)
3216 1709 3322 1775 ait,
3346 1708 3637 1763 multorum
3654 1709 3973 1776 stadiorum,

2397 1797 2493 1852 per
2517 1801 2675 1855 quam
2703 1785 2935 1840 derivata
2962 1785 3233 1842 canalibus
3273 1805 3411 1860 aqua
3433 1806 3464 1841 e
3504 1790 3707 1859 magnis
3736 1789 3977 1845 fontibus

2398 1861 2453 1913 in
2476 1863 2662 1917 urbem
2686 1863 3067 1926 deducebatur.
3085 1868 3259 1922 Fossae
3276 1865 3434 1938 hujus
3456 1866 3771 1922 architectus
3796 1870 3977 1942 Eupa-

2397 1939 2534 1995 linus
2554 1943 2895 2015 megarensis.
2927 1945 3051 1999 Fuit
3076 1955 3131 2000 et
3150 1945 3223 2000 ibi
3239 1987 3256 2014 ,
3280 1946 3485 2017 inquit,
3512 1946 3767 2018 templum
3801 1950 3974 2002 maxi·

2398 2037 2545 2074 mum
2560 2061 2577 2088 ,
2620 2020 2771 2094 cujus
2810 2023 3126 2078 architectus
3185 2023 3413 2080 Rhoecus
3429 2064 3445 2091 ‚
3488 2025 3651 2079 homo
3700 2025 3969 2098 indigena.

2396 2098 2566 2172 Hujus
2616 2102 2745 2156 civis
2776 2101 2972 2157 dicitur
3008 2104 3246 2171 Samius;
3283 2104 3427 2158 Sami
3464 2121 3621 2170 vero,
3654 2122 3773 2177 quae
3808 2109 3973 2162 estin

2396 2179 2753 2252 Cephallenia,
2785 2182 2915 2237 civis
2941 2183 3204 2248 Samaeus,
3242 2201 3308 2238 eo
3339 2181 3486 2256 quod
3520 2183 3609 2238 illa
3632 2185 3787 2239 Same
3810 2187 3973 2242 etiam

2396 2256 2607 2324 dicitur,
2630 2270 2691 2314 ut
2708 2262 2939 2333 reperire
2963 2271 3044 2316 est
3071 2261 3213 2334 apud
3239 2262 3532 2317 Homerum
3568 2262 3694 2330 (od.
3734 2283 3784 2328 α,
3816 2268 3967 2336 246).

2395 2339 2675 2396 Sciendum
2718 2352 2896 2397 autem
2931 2353 3010 2398 ωε
3036 2345 3252 2398 Samum
3289 2342 3456 2409 hanc,
3492 2359 3653 2416 quam
3696 2340 3964 2410 diximus,

2397 2433 2585 2472 vocare
2605 2436 2703 2474 nos
2741 2419 2977 2475 Ionicum
2990 2461 3010 2491 ,
3040 2421 3107 2475 ad
3150 2439 3265 2474 eam
3293 2419 3717 2491 distinguendam
3745 2431 3859 2475 tum
3899 2421 3969 2476 ab

2396 2497 2675 2554 Homerica
2690 2500 2846 2556 Samo
2868 2499 3231 2572 cephalleniae
3250 2539 3266 2560 .
3289 2508 3404 2552 tum
3422 2517 3453 2552 a
3470 2516 3630 2572 supra
3651 2497 3791 2553 dicta
3809 2501 3967 2557 Samo

2394 2578 2643 2646 Thracia,
2676 2598 2795 2652 quae
2820 2581 2893 2636 ita
2920 2578 3139 2652 quidem
3166 2589 3351 2634 vocata
3392 2589 3471 2633 est
3512 2589 3732 2651 propter
3757 2578 3968 2636 celsitu·

2396 2655 2606 2726 dinem;
2632 2659 2783 2732 σάμοι
2816 2659 2959 2712 enim
2978 2699 2993 2725 ,
3022 2668 3085 2712 ut
3103 2659 3255 2712 aiunt
3271 2697 3289 2724 ‚
3318 2668 3443 2712 sunt
3478 2657 3843 2726 celsitudine„
3874 2660 3966 2714 Sa-

2396 2755 2545 2793 mum
2580 2749 2759 2794 autem
2781 2738 3065 2793 Thraciam
3089 2737 3160 2792 ad
3192 2738 3425 2793 multum
3451 2735 3776 2791 celsitudinis
3802 2739 3962 2793 attolli

2396 2827 2597 2872 constat
2620 2837 2688 2873 ex
2712 2835 2779 2872 eo
2803 2815 2950 2890 quod
2984 2817 3115 2872 dicit
3140 2821 3303 2873 Poeta
3323 2818 3417 2888 (11.
3442 2834 3495 2880 ν,
3524 2822 3611 2886 12)
3635 2835 3701 2870 ex
3728 2836 3787 2872 ea
3804 2819 3963 2876 ,Idam

2398 2898 2627 2970 conspici
2669 2898 2967 2952 universam
2984 2937 3001 2963 ,
3030 2908 3085 2951 et
3128 2899 3397 2967 regionem
3434 2895 3743 2969 Trojanam.
3782 2900 3964 2966 Quan-

2398 2989 2559 3044 quam
2581 2973 2667 3025 alii
2692 2971 2959 3026 affirmant
2983 2973 3199 3026 Samum
3228 2971 3371 3025 illam
3394 2970 3675 3025 Thraciam
3706 2983 3964 3042 vocatam,

2403 3048 2552 3120 quasi
2578 3048 2767 3114 Saum,
2796 3056 2849 3100 et
2874 3046 3177 3120 pleonasmo
3208 3045 3369 3100 literae
3384 3063 3459 3112 m,
3486 3047 3701 3102 Samum
3716 3087 3733 3114 ,
3763 3066 3796 3102 a
3816 3048 3928 3104 Sais
3945 3091 3964 3119 ,

2402 3130 2554 3192 gente
2592 3130 2793 3175 vetusta
2831 3137 2950 3192 quoe
2988 3138 3103 3174 eam
3132 3119 3437 3186 incoluerit,
3461 3118 3611 3190 cujus
3652 3132 3706 3176 et
3728 3124 3969 3179 meminit

2404 3193 2778 3260 Archilochus,
2802 3193 2894 3248 ubi
2920 3212 3033 3249 sese
3054 3193 3334 3248 confitetur
3357 3195 3825 3249 incontaminatum
3860 3196 3969 3271 cly-

2401 3288 2562 3346 peum
2583 3285 2741 3322 suum
2758 3307 2774 3333 ,
2794 3285 2962 3340 quum
2981 3286 3012 3322 e
3034 3270 3221 3340 proelio
3242 3268 3444 3340 sugeret
3457 3309 3473 3334 ‚
3498 3269 3641 3340 apud
3676 3289 3766 3324 eos
3788 3271 3965 3344 proje-

2404 3351 2551 3402 cisse.
2581 3341 2744 3396 Chius
2762 3359 2973 3415 quoque
2992 3345 3187 3398 Ionum
3206 3353 3284 3397 est
3304 3343 3498 3409 insula,
3530 3359 3653 3396 cum
3674 3343 3807 3398 urbe
3830 3344 3966 3400 bene

2397 3437 2435 3483 ‚a
2455 3429 2613 3490 portu
2633 3417 2904 3482 instmcta,
2922 3429 2985 3470 ut
2999 3417 3342 3488 Geogrsphus
3363 3419 3440 3491 (p.
3468 3416 3595 3486 645)
3616 3419 3712 3482 ait,
3734 3418 3965 3489 itemque

2403 3511 2525 3547 cum
2552 3489 2821 3547 navalibus
2868 3491 3143 3563 capacibus
3168 3492 3381 3547 navium
3424 3492 3687 3561 octoginta
3701 3530 3718 3557 ‚
3756 3502 3809 3546 et
3842 3493 3963 3548 luco

2405 3567 2725 3690 palmarum3
2756 3581 2914 3637 quam
2936 3565 3160 3620 insulam
3186 3565 3230 3618 si
3255 3565 3375 3636 quis
3394 3564 3800 3634 circumnaviget
3812 3602 3831 3628 ,
3850 3582 3963 3619 am·

2442 3640 2545 3694 itus
2568 3650 2645 3694 est
2678 3651 3067 3712 nongentorum
3106 3639 3419 3696 stadiorum.
3446 3639 3617 3712 Hujus
3661 3637 3962 3695 conditores

2406 3714 2618 3788 Pelasgi.
2654 3716 2811 3772 Mons
2836 3716 2925 3772 hic
2961 3716 3271 3772 Pelinnaeus.
3295 3716 3565 3770 Memoria!
3592 3732 3805 3789 quoque
3838 3732 3961 3788 pro-

2406 3787 2579 3845 ditum
2593 3801 2672 3845 est
2700 3792 2929 3864 primum
2952 3792 3011 3846 in
3036 3792 3171 3847 Chio
3193 3793 3374 3846 vinum
3392 3791 3602 3862 nigrum
3626 3791 3957 3862 provenisse,

2407 3867 2705 3998 {mg
2719 3865 3959 4015 κώνωπα

2404 4012 2595 4076 latione
2610 4019 2803 4083 servili,
2832 4019 2986 4072 sicuti
3004 4017 3162 4071 etiam
3179 4015 3563 4072 Laoedoemonii
3582 4014 3663 4068 usi
3680 4013 3960 4086 aliquando

2408 4090 2617 4150 suerunt
2635 4092 2907 4149 Helotibus
2922 4133 2938 4160 ‚
2962 4090 3277 4147 Macedones
3302 4090 3531 4146 Penestis
3545 4129 3563 4156 ,
3594 4089 3774 4160 Argivi
3802 4089 3960 4161 Gym-

2407 4170 2560 4225 nesiis
2574 4209 2591 4237 ,
2620 4169 2847 4244 Sicyonii
2866 4167 3280 4242 Corynephoris,
3304 4168 3574 4222 Cretenses
3593 4165 3809 4220 Mnoitis
3824 4203 3841 4230 ,
3862 4167 3961 4219 Ita·

2406 4242 2489 4299 lici
2519 4244 2745 4317 denique
2770 4243 3021 4315 Pelasgis3
3048 4243 3120 4297 ita
3154 4251 3214 4296 ut
3242 4241 3533 4297 secundum
3556 4239 3831 4294 historiam
3853 4257 3959 4293 ser-

2406 4318 2523 4374 vilia
2567 4318 2710 4393 apud
2754 4329 2950 4373 veteres
2994 4317 3212 4371 nomina
3251 4318 3357 4372 sint
3403 4313 3613 4370 Helotes
3624 4354 3644 4384 ‚
3688 4315 3953 4379 Penestaes,

2404 4394 2691 4467 Gymnesii‚
2707 4392 3089 4468 Corynephori,
3100 4393 3336 4459 Mnoitae,
3346 4389 3562 4462 Pelasgi,
3572 4390 3954 4461 Therapontes.

2404 4469 2601 4525 Verum
2624 4471 2711 4526 alii
2737 4471 3037 4526 Cretensem
3054 4486 3239 4523 vocem
3258 4467 3397 4522 hauc
3413 4483 3524 4520 esse
3556 4465 3743 4520 dicunt
3768 4462 3959 4516 'ihera-

2403 4556 2622 4616 pontum
2638 4586 2654 4614 ,
2675 4547 2871 4620 quippe
2886 4562 3054 4617 quum
3077 4545 3348 4598 Cretenses
3368 4539 3623 4594 famulum
3642 4539 3959 4608 armigerum

2405 4633 2589 4676 vocent
2612 4622 2993 4694 therapontem.

2475 4696 2594 4751 536.
2634 4695 2800 4764 Inde,
2829 4694 3080 4748 nimirum
3108 4701 3229 4764 post
3250 4691 3457 4744 Ionicus
3478 4688 3590 4741 inm
3616 4685 3832 4749 insulas,
3862 4701 3953 4754 ap-

2404 4793 2587 4857 parent
2617 4782 2843 4838 AEolides
2880 4781 3088 4848 insulae,
3115 4777 3418 4850 Lesbusque
3436 4775 3686 4846 spatiosa,
3710 4782 3763 4826 et
3786 4771 3960 4825 Tene·

749 4996 796 5032 1.
833 4975 1394 5038 Συλῶντα...Συλῶντος
1415 4975 1521 5032 Ed.
1543 4977 1565 5046 ΙΙ
1588 5006 1660 5018 -
1675 4993 1728 5046 7.
1755 4974 1970 5031 ἇπέλαὸε
2000 4974 2226 5041 (ἔπέλαὸε
2243 4973 2306 5046 d)
2392 4974 2457 5044 τῇ
2467 4974 2599 5044 φυγῇ
2613 4968 2794 5035 codd„
2818 4987 2931 5024 exc.
2957 4964 3220 5036 CEd41—
3243 4965 3329 5021 32.
3366 4959 3656 5017 ἐννακοσίων
3678 4955 3848 5030 (1.11-
3865 4957 3963 5052 34Σ.

743 5055 914 5128 ἰχθύος
929 5054 1037 5112 Ed.
1065 5057 1088 5128 ss
1103 5086 1177 5099 —
1203 5072 1225 5108 1
1239 5073 1286 5110 1.
1313 5055 1447 5108 κάτω
1464 5059 1616 5119 cDL,·
1630 5057 1694 5118 ὥς
1715 5074 1860 5126 φησιν
1894 5053 2175 5126 Ἡρόδοτος,
2194 5053 2307 5125 ὄρυ·
2396 5050 2701 5118 Πεληνναῗον
2720 5051 2801 5114 Μ,
2822 5045 3145 5114 Παλληναῗον
3166 5047 3231 5106 F,
3256 5041 3559 5095 Παλινναῖον
3584 5043 3637 5094 Ε
3646 5035 3750 5101 Yd,-
3770 5035 3955 5107 ἱστορει

739 5155 849 5208 γμα
869 5134 926 5190 cl.
961 5136 984 5206 ΙΙ
1011 5164 1084 5177 -
1108 5136 1190 5190 13.
1214 5135 1500 5208 παρεγίνετο
1531 5133 1682 5191 EFd.
1707 5135 1817 5206 ss—
1844 5139 1928 5200 14.
1966 5133 2222 5195 Ἀπαλῗνος
2248 5137 2303 5188 0.
2392 5128 2449 5185 d.
2469 5131 2538 5184 V.
2564 5126 2854 5199 Stephanus
2866 5143 2918 5181 v.
2938 5124 3073 5185 Χίος.
3100 5123 3121 5193 ΙΙ
3143 5153 3213 5163 --
3230 5123 3318 5178 38.
3345 5119 3572 5179 Πενὲταις
3591 5120 3664 5173 Ε.
3688 5116 3876 5208 11-39
3902 5124 3957 5168 et

700 5279 704 5282 ‚
741 5212 918 5268 Verba
944 5211 1291 5276 Εὖπαλῒνος...
1319 5213 1615 5286 ἀρχιτέκτων
1631 5230 1740 5270 om.
1771 5218 1832 5272 F.
1856 5213 2069 5286 11—15.
2107 5211 2309 5284 Ῥοῗχος
2393 5211 2481 5278 43.
2506 5207 2866 5281 Κορυναφόροις
2892 5205 2964 5269 d,·
2996 5202 3229 5276 δμωίταις
3260 5210 3314 5254 et
3342 5196 3591 5271 δμωήταις
3620 5193 3781 5252 codd.
3818 5203 3956 5248 sicut

738 5297 802 5349 L.
830 5294 852 5366 ΙΙ
875 5323 950 5335 -
975 5311 1040 5365 17
1059 5303 1113 5348 et
1133 5309 1221 5351 20.
1246 5293 1509 5366 Κεφαλην.
1543 5297 1594 5352 0.
1627 5295 1648 5365 ΙΙ
1672 5324 1745 5337 -
1762 5311 1850 5348 20.
1875 5295 2012 5366 σάμη
2039 5291 2201 5350 EUd.
2231 5293 2303 5347 V.

2394 5288 2549 5346 codd.
2566 5286 2838 5360 Stephani;
2863 5303 2966 5339 em.
2996 5279 3403 5351 Salmasius.}l-
3418 5282 3505 5343 42.
3527 5275 3737 5338 Πενὲτας
3759 5275 3865 5344 Ε.ῃ
3880 5302 3953 5316 ..-

739 5371 926 5428 Strabo
948 5389 1008 5445 p.
1026 5371 1152 5444 457.
1185 5373 1290 5443 11-
1312 5372 1399 5429 23.
1422 5371 1504 5428 καὶ
1538 5391 1645 5427 om.
1669 5375 1742 5437 E,
1769 5368 1895 5424 κατὰ
1921 5373 1981 5428 C.
2014 5371 2115 5443 ss—
2137 5388 2228 5442 29·
2257 5368 2308 5423 ἐν
2397 5369 2485 5432 43.
2507 5364 2750 5429 τοῦςΠελ.
2776 5382 2885 5419 om.
2902 5360 3177 5434 L.11--l·5.
3201 5357 3288 5413 τὸν
3307 5363 3403 5412 τῶν
3432 5361 3487 5413 C.
3504 5355 3769 5427 Κρητικῶν
3793 5356 3946 5408 cm..
