<?xml version="1.0" encoding="UTF-8"?>
<!DOCTYPE html PUBLIC "-//W3C//DTD XHTML 1.0 Transitional//EN"
    "http://www.w3.org/TR/xhtml1/DTD/xhtml1-transitional.dtd">
<html xmlns="http://www.w3.org/1999/xhtml" xml:lang="en" lang="en">
 <head>
  <title>
</title>
<meta http-equiv="Content-Type" content="text/html;charset=utf-8" />
  <meta name='ocr-system' content='tesseract 3.04.00' />
  <meta name='ocr-capabilities' content='ocr_page ocr_carea ocr_par ocr_line ocrx_word'/>
</head>
<body>
  <div class='ocr_page' id='page_1' title='image "./geographigraeci05mlgoog_0230.png"; bbox 0 0 4584 6284; ppageno 0'>
   <div class='ocr_carea' id='block_1_1' title="bbox 737 516 849 567">
    <p class='ocr_par' dir='ltr' id='par_1_1' title="bbox 737 516 849 567">
     <span class='ocr_line' id='line_1_1' title="bbox 737 516 849 567; baseline 0.036 -3"><span class='ocrx_word' id='word_1_1' title='bbox 737 516 849 567; x_wconf 76' lang='lat'><strong>156</strong></span> 
     </span>
    </p>
   </div>
   <div class='ocr_carea' id='block_1_2' title="bbox 744 638 2284 2058">
    <p class='ocr_par' dir='ltr' id='par_1_2' title="bbox 763 638 2257 1084">
     <span class='ocr_line' id='line_1_2' title="bbox 763 638 2257 734; baseline 0.011 -37"><span class='ocrx_word' id='word_1_2' title='bbox 763 657 846 697; x_wconf 72' lang='lat' dir='ltr'><strong>sto</strong></span> <span class='ocrx_word' id='word_1_3' title='bbox 886 642 1020 697; x_wconf 85' lang='grc' dir='ltr'>θεῖον</span> <span class='ocrx_word' id='word_1_4' title='bbox 1043 638 1186 712; x_wconf 72' lang='grc' dir='ltr'>ἕδος,</span> <span class='ocrx_word' id='word_1_5' title='bbox 1221 644 1440 722; x_wconf 76' lang='grc' dir='ltr'>χρυσοῖο</span> <span class='ocrx_word' id='word_1_6' title='bbox 1473 644 1590 703; x_wconf 82' lang='grc' dir='ltr'>κατ’</span> <span class='ocrx_word' id='word_1_7' title='bbox 1613 644 1749 713; x_wconf 77' lang='grc' dir='ltr'>ίξύος</span> <span class='ocrx_word' id='word_1_8' title='bbox 1786 648 1940 725; x_wconf 73' lang='grc' dir='ltr'>ἅμμα</span> <span class='ocrx_word' id='word_1_9' title='bbox 1970 654 2257 734; x_wconf 74' lang='grc' dir='ltr'><strong>βαλοῦσαι,</strong></span> 
     </span>
     <span class='ocr_line' id='line_1_3' title="bbox 887 730 2180 818; baseline 0.012 -33"><span class='ocrx_word' id='word_1_10' title='bbox 887 730 1187 807; x_wconf 76' lang='grc' dir='ltr'>ὀρχεῦνται,</span> <span class='ocrx_word' id='word_1_11' title='bbox 1229 730 1422 803; x_wconf 77' lang='grc' dir='ltr'>θηητὸν</span> <span class='ocrx_word' id='word_1_12' title='bbox 1447 734 1780 813; x_wconf 75' lang='grc' dir='ltr'>ἑλισσόμεναι</span> <span class='ocrx_word' id='word_1_13' title='bbox 1804 738 1924 818; x_wconf 84' lang='grc' dir='ltr'>περὶ</span> <span class='ocrx_word' id='word_1_14' title='bbox 1949 738 2142 801; x_wconf 75' lang='grc' dir='ltr'>κύκλον</span> <span class='ocrx_word' id='word_1_15' title='bbox 2162 788 2180 815; x_wconf 92' lang='grc'><strong>,</strong></span> 
     </span>
     <span class='ocr_line' id='line_1_4' title="bbox 884 806 1949 902; baseline 0.014 -27"><span class='ocrx_word' id='word_1_16' title='bbox 884 806 1000 875; x_wconf 68' lang='grc' dir='ltr'>εὖτε</span> <span class='ocrx_word' id='word_1_17' title='bbox 1023 817 1314 881; x_wconf 77' lang='grc' dir='ltr'>Διωνύσοιο</span> <span class='ocrx_word' id='word_1_18' title='bbox 1329 822 1679 902; x_wconf 73' lang='grc' dir='ltr'>χοροστασίαις</span> <span class='ocrx_word' id='word_1_19' title='bbox 1704 825 1949 889; x_wconf 88' lang='grc' dir='ltr'>τελέοιεν·</span> 
     </span>
     <span class='ocr_line' id='line_1_5' title="bbox 880 904 2185 998; baseline 0.013 -36"><span class='ocrx_word' id='word_1_20' title='bbox 880 904 972 963; x_wconf 82' lang='grc' dir='ltr'><strong>σὺν</strong></span> <span class='ocrx_word' id='word_1_21' title='bbox 1002 906 1093 965; x_wconf 79' lang='grc' dir='ltr'><strong>καὶ</strong></span> <span class='ocrx_word' id='word_1_22' title='bbox 1116 909 1430 990; x_wconf 84' lang='grc' dir='ltr'>παρθενικαὶ</span> <span class='ocrx_word' id='word_1_23' title='bbox 1457 912 1719 985; x_wconf 78' lang='grc' dir='ltr'>νεοθηλέες</span> <span class='ocrx_word' id='word_1_24' title='bbox 1733 958 1753 991; x_wconf 87' lang='grc'><strong>,</strong></span> <span class='ocrx_word' id='word_1_25' title='bbox 1775 904 1860 974; x_wconf 76' lang='grc' dir='ltr'>οἶά</span> <span class='ocrx_word' id='word_1_26' title='bbox 1887 940 1948 977; x_wconf 83' lang='grc' dir='ltr'><strong>τε</strong></span> <span class='ocrx_word' id='word_1_27' title='bbox 1974 917 2152 998; x_wconf 77' lang='grc' dir='ltr'>νεὸροί</span> <span class='ocrx_word' id='word_1_28' title='bbox 2169 966 2185 993; x_wconf 88' lang='grc'><strong>,</strong></span> 
     </span>
     <span class='ocr_line' id='line_1_6' title="bbox 879 993 2178 1084; baseline 0.013 -32"><span class='ocrx_word' id='word_1_29' title='bbox 879 993 1198 1076; x_wconf 81' lang='grc' dir='ltr'>σκαίρουσιν·</span> <span class='ocrx_word' id='word_1_30' title='bbox 1219 1001 1370 1079; x_wconf 80' lang='grc' dir='ltr'>τῇσιν</span> <span class='ocrx_word' id='word_1_31' title='bbox 1399 998 1455 1059; x_wconf 71' lang='grc' dir='ltr'><strong>δὲ</strong></span> <span class='ocrx_word' id='word_1_32' title='bbox 1483 1011 1988 1084; x_wconf 81' lang='grc' dir='ltr'>περισμαραγεῦντες</span> <span class='ocrx_word' id='word_1_33' title='bbox 2015 1009 2178 1081; x_wconf 78' lang='grc' dir='ltr'>ἀῆται</span> 
     </span>
    </p>

    <p class='ocr_par' dir='ltr' id='par_1_3' title="bbox 755 1084 2284 1531">
     <span class='ocr_line' id='line_1_7' title="bbox 755 1084 2055 1175; baseline 0.012 -35"><span class='ocrx_word' id='word_1_34' title='bbox 755 1103 836 1170; x_wconf 64' lang='lat' dir='ltr'><strong>aas</strong></span> <span class='ocrx_word' id='word_1_35' title='bbox 870 1084 1110 1163; x_wconf 77' lang='grc' dir='ltr'>ἱμερτοὺς</span> <span class='ocrx_word' id='word_1_36' title='bbox 1130 1087 1390 1149; x_wconf 83' lang='grc' dir='ltr'>δονέουσιν</span> <span class='ocrx_word' id='word_1_37' title='bbox 1420 1090 1502 1149; x_wconf 69' lang='grc' dir='ltr'><strong>ἐπὶ</strong></span> <span class='ocrx_word' id='word_1_38' title='bbox 1537 1090 1781 1163; x_wconf 71' lang='grc' dir='ltr'>στήθεσσι</span> <span class='ocrx_word' id='word_1_39' title='bbox 1807 1097 2055 1175; x_wconf 82' lang='grc' dir='ltr'>χιτῶνας.</span> 
     </span>
     <span class='ocr_line' id='line_1_8' title="bbox 877 1172 2284 1262; baseline 0.009 -30"><span class='ocrx_word' id='word_1_40' title='bbox 877 1172 1037 1233; x_wconf 72' lang='grc' dir='ltr'>Ἀλλὰ</span> <span class='ocrx_word' id='word_1_41' title='bbox 1062 1175 1130 1236; x_wconf 79' lang='grc' dir='ltr'><strong>τὰ</strong></span> <span class='ocrx_word' id='word_1_42' title='bbox 1155 1174 1253 1253; x_wconf 67' lang='grc' dir='ltr'><strong>μὲν</strong></span> <span class='ocrx_word' id='word_1_43' title='bbox 1279 1178 1494 1237; x_wconf 80' lang='grc' dir='ltr'>Λυδοῖσι</span> <span class='ocrx_word' id='word_1_44' title='bbox 1523 1184 1636 1256; x_wconf 88' lang='grc' dir='ltr'>μετ’</span> <span class='ocrx_word' id='word_1_45' title='bbox 1667 1182 1986 1262; x_wconf 81' lang='grc' dir='ltr'>ἀνθρώποισι</span> <span class='ocrx_word' id='word_1_46' title='bbox 2015 1182 2284 1261; x_wconf 86' lang='grc' dir='ltr'>μέλονται·</span> 
     </span>
     <span class='ocr_line' id='line_1_9' title="bbox 876 1262 2260 1352; baseline 0.009 -31"><span class='ocrx_word' id='word_1_47' title='bbox 876 1262 1006 1340; x_wconf 80' lang='grc' dir='ltr'>πρὸς</span> <span class='ocrx_word' id='word_1_48' title='bbox 1028 1262 1074 1323; x_wconf 84' lang='grc' dir='ltr'><strong>δ’</strong></span> <span class='ocrx_word' id='word_1_49' title='bbox 1108 1262 1214 1324; x_wconf 76' lang='grc' dir='ltr'><strong>ἅλα</strong></span> <span class='ocrx_word' id='word_1_50' title='bbox 1235 1266 1533 1345; x_wconf 76' lang='grc' dir='ltr'>κεκλιμένοι</span> <span class='ocrx_word' id='word_1_51' title='bbox 1561 1266 1746 1329; x_wconf 79' lang='grc' dir='ltr'>Λύκιοι</span> <span class='ocrx_word' id='word_1_52' title='bbox 1771 1268 1935 1352; x_wconf 77' lang='grc' dir='ltr'>χθόνα</span> <span class='ocrx_word' id='word_1_53' title='bbox 1963 1270 2260 1335; x_wconf 76' lang='grc' dir='ltr'>ναιετάουσι</span> 
     </span>
     <span class='ocr_line' id='line_1_10' title="bbox 877 1351 2135 1440; baseline 0.01 -30"><span class='ocrx_word' id='word_1_54' title='bbox 877 1351 1088 1414; x_wconf 74' lang='grc' dir='ltr'>Ξάνθου</span> <span class='ocrx_word' id='word_1_55' title='bbox 1112 1353 1200 1415; x_wconf 72' lang='grc' dir='ltr'><strong>ἐπὶ</strong></span> <span class='ocrx_word' id='word_1_56' title='bbox 1227 1361 1540 1437; x_wconf 81' lang='grc' dir='ltr'>προχοῇσιν,</span> <span class='ocrx_word' id='word_1_57' title='bbox 1571 1358 1838 1440; x_wconf 80' lang='grc' dir='ltr'>ἐΰρρείτου</span> <span class='ocrx_word' id='word_1_58' title='bbox 1860 1370 2135 1437; x_wconf 83' lang='grc' dir='ltr'>ποταμοῖο·</span> 
     </span>
     <span class='ocr_line' id='line_1_11' title="bbox 875 1440 2140 1531; baseline 0.006 -30"><span class='ocrx_word' id='word_1_59' title='bbox 875 1440 1000 1501; x_wconf 77' lang='grc' dir='ltr'>ἔνθα</span> <span class='ocrx_word' id='word_1_60' title='bbox 1033 1442 1423 1525; x_wconf 76' lang='grc' dir='ltr'>βαθυκρήμνοιο</span> <span class='ocrx_word' id='word_1_61' title='bbox 1454 1444 1720 1527; x_wconf 79' lang='grc' dir='ltr'>φαείνεται</span> <span class='ocrx_word' id='word_1_62' title='bbox 1741 1446 1897 1529; x_wconf 78' lang='grc' dir='ltr'>οὔρεα</span> <span class='ocrx_word' id='word_1_63' title='bbox 1927 1447 2140 1531; x_wconf 78' lang='grc' dir='ltr'>Ταύρου</span> 
     </span>
    </p>

    <p class='ocr_par' dir='ltr' id='par_1_4' title="bbox 753 1530 2254 1969">
     <span class='ocr_line' id='line_1_12' title="bbox 753 1530 2254 1616; baseline 0.008 -29"><span class='ocrx_word' id='word_1_64' title='bbox 753 1550 837 1589; x_wconf 75' lang='lat' dir='ltr'><strong>nso</strong></span> <span class='ocrx_word' id='word_1_65' title='bbox 871 1530 1184 1612; x_wconf 80' lang='grc' dir='ltr'>Παμφύλων</span> <span class='ocrx_word' id='word_1_66' title='bbox 1213 1530 1303 1591; x_wconf 83' lang='grc' dir='ltr'><strong>καὶ</strong></span> <span class='ocrx_word' id='word_1_67' title='bbox 1333 1530 1510 1613; x_wconf 75' lang='grc' dir='ltr'>μέχρι·</span> <span class='ocrx_word' id='word_1_68' title='bbox 1539 1533 1749 1614; x_wconf 83' lang='grc' dir='ltr'>Κροίγον</span> <span class='ocrx_word' id='word_1_69' title='bbox 1777 1534 1839 1595; x_wconf 80' lang='grc' dir='ltr'><strong>δέ</strong></span> <span class='ocrx_word' id='word_1_70' title='bbox 1866 1538 1892 1595; x_wconf 76' lang='grc' dir='ltr'>ἑ</span> <span class='ocrx_word' id='word_1_71' title='bbox 1917 1534 2254 1616; x_wconf 76' lang='grc' dir='ltr'>φημίζουσιν.</span> 
     </span>
     <span class='ocr_line' id='line_1_13' title="bbox 875 1616 2148 1704; baseline 0.005 -26"><span class='ocrx_word' id='word_1_72' title='bbox 875 1620 1028 1678; x_wconf 83' lang='grc' dir='ltr'>Κεῑθι</span> <span class='ocrx_word' id='word_1_73' title='bbox 1065 1616 1112 1677; x_wconf 84' lang='grc' dir='ltr'><strong>δ’</strong></span> <span class='ocrx_word' id='word_1_74' title='bbox 1136 1618 1200 1678; x_wconf 75' lang='grc' dir='ltr'><strong>ἂν</strong></span> <span class='ocrx_word' id='word_1_75' title='bbox 1221 1618 1494 1701; x_wconf 79' lang='grc' dir='ltr'>ἀθρήσειας</span> <span class='ocrx_word' id='word_1_76' title='bbox 1523 1622 1820 1703; x_wconf 78' lang='grc' dir='ltr'>ὗπειροίλιον</span> <span class='ocrx_word' id='word_1_77' title='bbox 1847 1625 2148 1704; x_wconf 81' lang='grc' dir='ltr'>πτολίεθρον</span> 
     </span>
     <span class='ocr_line' id='line_1_14' title="bbox 876 1702 2234 1793; baseline 0.007 -29"><span class='ocrx_word' id='word_1_78' title='bbox 876 1702 1167 1767; x_wconf 75' lang='grc' dir='ltr'>Ἄσπενδον</span> <span class='ocrx_word' id='word_1_79' title='bbox 1181 1754 1198 1785; x_wconf 90' lang='grc'><strong>,</strong></span> <span class='ocrx_word' id='word_1_80' title='bbox 1224 1716 1484 1787; x_wconf 84' lang='grc' dir='ltr'>ποταμοῖο</span> <span class='ocrx_word' id='word_1_81' title='bbox 1505 1710 1650 1793; x_wconf 77' lang='grc' dir='ltr'>παρὰ</span> <span class='ocrx_word' id='word_1_82' title='bbox 1675 1713 1791 1793; x_wconf 77' lang='grc' dir='ltr'>ῥόον</span> <span class='ocrx_word' id='word_1_83' title='bbox 1813 1710 2234 1793; x_wconf 76' lang='grc' dir='ltr'>Εὐρυμέδοντος,</span> 
     </span>
     <span class='ocr_line' id='line_1_15' title="bbox 868 1792 1928 1876; baseline 0.009 -25"><span class='ocrx_word' id='word_1_84' title='bbox 868 1792 993 1853; x_wconf 75' lang='grc' dir='ltr'>ἔνθα</span> <span class='ocrx_word' id='word_1_85' title='bbox 1024 1795 1354 1876; x_wconf 80' lang='grc' dir='ltr'>συοκτονίῃσι</span> <span class='ocrx_word' id='word_1_86' title='bbox 1379 1797 1636 1871; x_wconf 86' lang='grc' dir='ltr'>Διωναίην</span> <span class='ocrx_word' id='word_1_87' title='bbox 1664 1798 1928 1861; x_wconf 77' lang='grc' dir='ltr'>ἱλάονται.</span> 
     </span>
     <span class='ocr_line' id='line_1_16' title="bbox 869 1878 2045 1969; baseline 0.007 -28"><span class='ocrx_word' id='word_1_88' title='bbox 869 1878 1058 1943; x_wconf 83' lang='grc' dir='ltr'>Ἄλλαι</span> <span class='ocrx_word' id='word_1_89' title='bbox 1087 1886 1132 1945; x_wconf 84' lang='grc' dir='ltr'><strong>δ’</strong></span> <span class='ocrx_word' id='word_1_90' title='bbox 1154 1885 1316 1956; x_wconf 78' lang='grc' dir='ltr'>ἑξείης</span> <span class='ocrx_word' id='word_1_91' title='bbox 1342 1888 1684 1968; x_wconf 68' lang='grc' dir='ltr'>Παμφυλίδες</span> <span class='ocrx_word' id='word_1_92' title='bbox 1707 1888 1808 1949; x_wconf 79' lang='grc' dir='ltr'>εἰσὶ</span> <span class='ocrx_word' id='word_1_93' title='bbox 1833 1890 2045 1969; x_wconf 80' lang='grc' dir='ltr'>πόληες,</span> 
     </span>
    </p>

    <p class='ocr_par' dir='ltr' id='par_1_5' title="bbox 744 1970 2138 2058">
     <span class='ocr_line' id='line_1_17' title="bbox 744 1970 2138 2058; baseline 0.006 -29"><span class='ocrx_word' id='word_1_94' title='bbox 744 1990 827 2058; x_wconf 64' lang='lat' dir='ltr'><strong>sas</strong></span> <span class='ocrx_word' id='word_1_95' title='bbox 865 1970 1117 2051; x_wconf 83' lang='grc' dir='ltr'>Κώρυκος</span> <span class='ocrx_word' id='word_1_96' title='bbox 1147 1973 1330 2055; x_wconf 79' lang='grc' dir='ltr'>Πέργη</span> <span class='ocrx_word' id='word_1_97' title='bbox 1356 1999 1414 2035; x_wconf 91' lang='grc' dir='ltr'><strong>τε</strong></span> <span class='ocrx_word' id='word_1_98' title='bbox 1435 1976 1524 2034; x_wconf 76' lang='grc' dir='ltr'><strong>καὶ</strong></span> <span class='ocrx_word' id='word_1_99' title='bbox 1552 1976 1846 2055; x_wconf 79' lang='grc' dir='ltr'>ἠνεμόεσσα</span> <span class='ocrx_word' id='word_1_100' title='bbox 1876 1978 2138 2051; x_wconf 78' lang='grc' dir='ltr'>Φάσηλις.</span> 
     </span>
    </p>
   </div>
   <div class='ocr_carea' id='block_1_3' title="bbox 2157 520 2502 586">
    <p class='ocr_par' dir='ltr' id='par_1_6' title="bbox 2157 520 2502 586">
     <span class='ocr_line' id='line_1_18' title="bbox 2157 520 2502 586; baseline 0.014 -5"><span class='ocrx_word' id='word_1_101' title='bbox 2157 520 2502 586; x_wconf 76' lang='lat' dir='ltr'><strong>ntoNYsu</strong></span> 
     </span>
    </p>
   </div>
   <div class='ocr_carea' id='block_1_4' title="bbox 2362 665 3836 2062">
    <p class='ocr_par' dir='ltr' id='par_1_7' title="bbox 2378 665 3836 833">
     <span class='ocr_line' id='line_1_19' title="bbox 2378 665 3836 753; baseline 0.014 -35"><span class='ocrx_word' id='word_1_102' title='bbox 2378 665 2613 721; x_wconf 79' lang='lat' dir='ltr'><strong>divinam</strong></span> <span class='ocrx_word' id='word_1_103' title='bbox 2635 667 2775 723; x_wconf 85' lang='lat' dir='ltr'><strong>illam</strong></span> <span class='ocrx_word' id='word_1_104' title='bbox 2796 668 2992 735; x_wconf 86' lang='lat' dir='ltr'><strong>sedem,</strong></span> <span class='ocrx_word' id='word_1_105' title='bbox 3014 689 3146 727; x_wconf 88' lang='lat' dir='ltr'><strong>auro</strong></span> <span class='ocrx_word' id='word_1_106' title='bbox 3170 676 3383 748; x_wconf 75' lang='lat' dir='ltr'><strong>cingulo</strong></span> <span class='ocrx_word' id='word_1_107' title='bbox 3399 677 3595 734; x_wconf 88' lang='lat' dir='ltr'><strong>lumbis</strong></span> <span class='ocrx_word' id='word_1_108' title='bbox 3618 678 3836 753; x_wconf 70' lang='lat' dir='ltr'><strong>injecto,</strong></span> 
     </span>
     <span class='ocr_line' id='line_1_20' title="bbox 2378 754 3414 833; baseline 0.012 -24"><span class='ocrx_word' id='word_1_109' title='bbox 2378 754 2565 809; x_wconf 83' lang='lat' dir='ltr'><strong>saltant</strong></span> <span class='ocrx_word' id='word_1_110' title='bbox 2590 756 2817 813; x_wconf 88' lang='lat' dir='ltr'><strong>mirabili</strong></span> <span class='ocrx_word' id='word_1_111' title='bbox 2836 758 2967 815; x_wconf 84' lang='lat' dir='ltr'><strong>orbe</strong></span> <span class='ocrx_word' id='word_1_112' title='bbox 2987 778 3098 816; x_wconf 79' lang='lat' dir='ltr'><strong>sese</strong></span> <span class='ocrx_word' id='word_1_113' title='bbox 3118 762 3414 833; x_wconf 70' lang='lat' dir='ltr'><strong>flectentes,</strong></span> 
     </span>
    </p>

    <p class='ocr_par' dir='ltr' id='par_1_8' title="bbox 2378 844 3435 915">
     <span class='ocr_line' id='line_1_21' title="bbox 2378 844 3435 915; baseline 0.011 -19"><span class='ocrx_word' id='word_1_114' title='bbox 2378 844 2581 915; x_wconf 75' lang='lat' dir='ltr'><strong>quoties</strong></span> <span class='ocrx_word' id='word_1_115' title='bbox 2602 845 2792 899; x_wconf 85' lang='lat' dir='ltr'><strong>Bacchi</strong></span> <span class='ocrx_word' id='word_1_116' title='bbox 2814 846 3027 903; x_wconf 79' lang='lat' dir='ltr'><strong>choreas</strong></span> <span class='ocrx_word' id='word_1_117' title='bbox 3048 850 3435 908; x_wconf 83' lang='lat' dir='ltr'><strong>concelebrant.</strong></span> 
     </span>
    </p>

    <p class='ocr_par' dir='ltr' id='par_1_9' title="bbox 2376 930 3797 1096">
     <span class='ocr_line' id='line_1_22' title="bbox 2376 930 3797 1012; baseline 0.011 -28"><span class='ocrx_word' id='word_1_118' title='bbox 2376 930 2540 985; x_wconf 89' lang='lat' dir='ltr'><strong>Simul</strong></span> <span class='ocrx_word' id='word_1_119' title='bbox 2563 932 2720 986; x_wconf 88' lang='lat' dir='ltr'><strong>etiam</strong></span> <span class='ocrx_word' id='word_1_120' title='bbox 2741 934 2967 1005; x_wconf 73' lang='lat' dir='ltr'><strong>virgines</strong></span> <span class='ocrx_word' id='word_1_121' title='bbox 2986 974 3001 1001; x_wconf 90' lang='lat'><strong>,</strong></span> <span class='ocrx_word' id='word_1_122' title='bbox 3024 946 3273 1009; x_wconf 82' lang='lat' dir='ltr'><strong>tanquam</strong></span> <span class='ocrx_word' id='word_1_123' title='bbox 3292 938 3541 996; x_wconf 68' lang='lat' dir='ltr'><strong>lactentes</strong></span> <span class='ocrx_word' id='word_1_124' title='bbox 3563 942 3797 1012; x_wconf 85' lang='lat' dir='ltr'><strong>hinnuli,</strong></span> 
     </span>
     <span class='ocr_line' id='line_1_23' title="bbox 2376 1019 3372 1096; baseline 0.011 -24"><span class='ocrx_word' id='word_1_125' title='bbox 2376 1019 2626 1075; x_wconf 85' lang='lat' dir='ltr'><strong>assultant</strong></span> <span class='ocrx_word' id='word_1_126' title='bbox 2642 1040 2659 1086; x_wconf 90' lang='lat'>;</span> <span class='ocrx_word' id='word_1_127' title='bbox 2682 1039 2909 1093; x_wconf 83' lang='lat' dir='ltr'><strong>quarum</strong></span> <span class='ocrx_word' id='word_1_128' title='bbox 2930 1024 3187 1096; x_wconf 71' lang='lat' dir='ltr'>elegantes</span> <span class='ocrx_word' id='word_1_129' title='bbox 3205 1038 3372 1083; x_wconf 70' lang='lat' dir='ltr'><strong>vestes</strong></span> 
     </span>
    </p>

    <p class='ocr_par' dir='ltr' id='par_1_10' title="bbox 2374 1108 3519 1186">
     <span class='ocr_line' id='line_1_24' title="bbox 2374 1108 3519 1186; baseline 0.01 -24"><span class='ocrx_word' id='word_1_130' title='bbox 2374 1108 2571 1163; x_wconf 81' lang='lat' dir='ltr'><strong>circum</strong></span> <span class='ocrx_word' id='word_1_131' title='bbox 2596 1120 2809 1181; x_wconf 77' lang='lat' dir='ltr'><strong>pectora</strong></span> <span class='ocrx_word' id='word_1_132' title='bbox 2824 1114 2967 1167; x_wconf 75' lang='lat' dir='ltr'><strong>venti</strong></span> <span class='ocrx_word' id='word_1_133' title='bbox 2993 1114 3190 1186; x_wconf 77' lang='lat' dir='ltr'><strong>agitant</strong></span> <span class='ocrx_word' id='word_1_134' title='bbox 3214 1116 3519 1175; x_wconf 74' lang='lat' dir='ltr'><strong>ludibundi.</strong></span> 
     </span>
    </p>

    <p class='ocr_par' dir='ltr' id='par_1_11' title="bbox 2372 1192 3290 1269">
     <span class='ocr_line' id='line_1_25' title="bbox 2372 1192 3290 1269; baseline 0.007 -20"><span class='ocrx_word' id='word_1_135' title='bbox 2372 1192 2474 1249; x_wconf 89' lang='lat' dir='ltr'><strong>Sed</strong></span> <span class='ocrx_word' id='word_1_136' title='bbox 2496 1195 2591 1250; x_wconf 84' lang='lat' dir='ltr'><strong>ista</strong></span> <span class='ocrx_word' id='word_1_137' title='bbox 2618 1197 2750 1269; x_wconf 78' lang='lat' dir='ltr'><strong>Lydi</strong></span> <span class='ocrx_word' id='word_1_138' title='bbox 2775 1198 3014 1253; x_wconf 84' lang='lat' dir='ltr'><strong>homines</strong></span> <span class='ocrx_word' id='word_1_139' title='bbox 3035 1198 3290 1261; x_wconf 82' lang='lat' dir='ltr'><strong>viderint.</strong></span> 
     </span>
    </p>

    <p class='ocr_par' dir='ltr' id='par_1_12' title="bbox 2372 1281 3515 1365">
     <span class='ocr_line' id='line_1_26' title="bbox 2372 1281 3515 1365; baseline 0.009 -28"><span class='ocrx_word' id='word_1_140' title='bbox 2372 1281 2456 1337; x_wconf 84' lang='lat' dir='ltr'><strong>Ad</strong></span> <span class='ocrx_word' id='word_1_141' title='bbox 2479 1301 2627 1338; x_wconf 85' lang='lat' dir='ltr'><strong>mare</strong></span> <span class='ocrx_word' id='word_1_142' title='bbox 2648 1296 2823 1342; x_wconf 88' lang='lat' dir='ltr'><strong>autem</strong></span> <span class='ocrx_word' id='word_1_143' title='bbox 2851 1288 3086 1343; x_wconf 81' lang='lat' dir='ltr'><strong>conversi</strong></span> <span class='ocrx_word' id='word_1_144' title='bbox 3105 1288 3348 1346; x_wconf 84' lang='lat' dir='ltr'><strong>habitant</strong></span> <span class='ocrx_word' id='word_1_145' title='bbox 3366 1294 3515 1365; x_wconf 77' lang='lat' dir='ltr'><strong>Lycii</strong></span> 
     </span>
    </p>

    <p class='ocr_par' dir='ltr' id='par_1_13' title="bbox 2370 1372 3507 1451">
     <span class='ocr_line' id='line_1_27' title="bbox 2370 1372 3507 1451; baseline 0.008 -26"><span class='ocrx_word' id='word_1_146' title='bbox 2370 1387 2465 1443; x_wconf 87' lang='lat' dir='ltr'><strong>per</strong></span> <span class='ocrx_word' id='word_1_147' title='bbox 2493 1372 2693 1428; x_wconf 80' lang='lat' dir='ltr'><strong>Xanthi</strong></span> <span class='ocrx_word' id='word_1_148' title='bbox 2716 1374 2940 1446; x_wconf 83' lang='lat' dir='ltr'><strong>fluenta,</strong></span> <span class='ocrx_word' id='word_1_149' title='bbox 2968 1378 3140 1431; x_wconf 87' lang='lat' dir='ltr'><strong>amnis</strong></span> <span class='ocrx_word' id='word_1_150' title='bbox 3165 1378 3507 1451; x_wconf 87' lang='lat' dir='ltr'><strong>pulcerrimi;</strong></span> 
     </span>
    </p>

    <p class='ocr_par' dir='ltr' id='par_1_14' title="bbox 2370 1458 3447 1538">
     <span class='ocr_line' id='line_1_28' title="bbox 2370 1458 3447 1538; baseline 0.012 -28"><span class='ocrx_word' id='word_1_151' title='bbox 2370 1458 2462 1512; x_wconf 82' lang='lat' dir='ltr'><strong>ubi</strong></span> <span class='ocrx_word' id='word_1_152' title='bbox 2487 1464 2736 1535; x_wconf 80' lang='lat' dir='ltr'><strong>praerupti</strong></span> <span class='ocrx_word' id='word_1_153' title='bbox 2762 1474 3011 1538; x_wconf 76' lang='lat' dir='ltr'><strong>apparent</strong></span> <span class='ocrx_word' id='word_1_154' title='bbox 3038 1476 3243 1521; x_wconf 62' lang='lat' dir='ltr'><strong>montes</strong></span> <span class='ocrx_word' id='word_1_155' title='bbox 3262 1468 3447 1535; x_wconf 89' lang='lat' dir='ltr'><strong>Tauri,</strong></span> 
     </span>
    </p>

    <p class='ocr_par' dir='ltr' id='par_1_15' title="bbox 2366 1544 3741 1712">
     <span class='ocr_line' id='line_1_29' title="bbox 2366 1544 3741 1629; baseline 0.009 -30"><span class='ocrx_word' id='word_1_156' title='bbox 2366 1544 2434 1599; x_wconf 83' lang='lat' dir='ltr'><strong>ad</strong></span> <span class='ocrx_word' id='word_1_157' title='bbox 2460 1547 2815 1621; x_wconf 80' lang='lat' dir='ltr'><strong>Pamphyliam</strong></span> <span class='ocrx_word' id='word_1_158' title='bbox 2836 1569 3025 1623; x_wconf 79' lang='lat' dir='ltr'><strong>usque,</strong></span> <span class='ocrx_word' id='word_1_159' title='bbox 3046 1570 3181 1625; x_wconf 82' lang='lat' dir='ltr'><strong>quos</strong></span> <span class='ocrx_word' id='word_1_160' title='bbox 3204 1554 3433 1626; x_wconf 79' lang='lat' dir='ltr'><strong>Cragum</strong></span> <span class='ocrx_word' id='word_1_161' title='bbox 3459 1556 3741 1629; x_wconf 82' lang='lat' dir='ltr'><strong>appellant.</strong></span> 
     </span>
     <span class='ocr_line' id='line_1_30' title="bbox 2366 1634 3434 1712; baseline 0.012 -26"><span class='ocrx_word' id='word_1_162' title='bbox 2366 1634 2447 1687; x_wconf 86' lang='lat' dir='ltr'><strong>Ibi</strong></span> <span class='ocrx_word' id='word_1_163' title='bbox 2475 1638 2807 1709; x_wconf 73' lang='lat' dir='ltr'><strong>conspexeris</strong></span> <span class='ocrx_word' id='word_1_164' title='bbox 2832 1638 3087 1712; x_wconf 88' lang='lat' dir='ltr'><strong>oppidum</strong></span> <span class='ocrx_word' id='word_1_165' title='bbox 3106 1643 3434 1699; x_wconf 89' lang='lat' dir='ltr'><strong>maritimum</strong></span> 
     </span>
    </p>

    <p class='ocr_par' dir='ltr' id='par_1_16' title="bbox 2366 1720 3611 1799">
     <span class='ocr_line' id='line_1_31' title="bbox 2366 1720 3611 1799; baseline 0.009 -24"><span class='ocrx_word' id='word_1_166' title='bbox 2366 1720 2695 1792; x_wconf 80' lang='lat' dir='ltr'><strong>Aspendum,</strong></span> <span class='ocrx_word' id='word_1_167' title='bbox 2714 1721 2784 1778; x_wconf 90' lang='lat' dir='ltr'><strong>ad</strong></span> <span class='ocrx_word' id='word_1_168' title='bbox 2800 1724 2969 1780; x_wconf 89' lang='lat' dir='ltr'><strong>undas</strong></span> <span class='ocrx_word' id='word_1_169' title='bbox 2994 1726 3405 1799; x_wconf 74' lang='lat' dir='ltr'><strong>Eurymedontis</strong></span> <span class='ocrx_word' id='word_1_170' title='bbox 3428 1730 3575 1785; x_wconf 82' lang='lat' dir='ltr'><strong>fluvii</strong></span> <span class='ocrx_word' id='word_1_171' title='bbox 3596 1772 3611 1797; x_wconf 88' lang='lat'>‚</span> 
     </span>
    </p>

    <p class='ocr_par' dir='ltr' id='par_1_17' title="bbox 2366 1808 3579 1887">
     <span class='ocr_line' id='line_1_32' title="bbox 2366 1808 3579 1887; baseline 0.01 -26"><span class='ocrx_word' id='word_1_172' title='bbox 2366 1808 2456 1861; x_wconf 88' lang='lat' dir='ltr'><strong>ubi</strong></span> <span class='ocrx_word' id='word_1_173' title='bbox 2482 1811 2641 1865; x_wconf 84' lang='lat' dir='ltr'><strong>sacris</strong></span> <span class='ocrx_word' id='word_1_174' title='bbox 2672 1811 2835 1866; x_wconf 86' lang='lat' dir='ltr'><strong>suillis</strong></span> <span class='ocrx_word' id='word_1_175' title='bbox 2859 1814 3067 1868; x_wconf 88' lang='lat' dir='ltr'><strong>Dionen</strong></span> <span class='ocrx_word' id='word_1_176' title='bbox 3093 1814 3321 1887; x_wconf 86' lang='lat' dir='ltr'><strong>placant.</strong></span> <span class='ocrx_word' id='word_1_177' title='bbox 3575 1810 3579 1815; x_wconf 43' lang='lat'>⁵</span> 
     </span>
    </p>

    <p class='ocr_par' dir='ltr' id='par_1_18' title="bbox 2362 1893 3685 2062">
     <span class='ocr_line' id='line_1_33' title="bbox 2365 1893 3659 1976; baseline 0.009 -27"><span class='ocrx_word' id='word_1_178' title='bbox 2365 1893 2492 1949; x_wconf 80' lang='lat' dir='ltr'><strong>Aliae</strong></span> <span class='ocrx_word' id='word_1_179' title='bbox 2510 1906 2634 1951; x_wconf 88' lang='lat' dir='ltr'><strong>sunt</strong></span> <span class='ocrx_word' id='word_1_180' title='bbox 2660 1908 2835 1952; x_wconf 89' lang='lat' dir='ltr'><strong>autem</strong></span> <span class='ocrx_word' id='word_1_181' title='bbox 2861 1898 3107 1973; x_wconf 87' lang='lat' dir='ltr'><strong>deinceps</strong></span> <span class='ocrx_word' id='word_1_182' title='bbox 3134 1903 3455 1976; x_wconf 71' lang='lat' dir='ltr'><strong>Pamphyliae</strong></span> <span class='ocrx_word' id='word_1_183' title='bbox 3480 1905 3659 1970; x_wconf 83' lang='lat' dir='ltr'><strong>urbes,</strong></span> 
     </span>
     <span class='ocr_line' id='line_1_34' title="bbox 2362 1984 3685 2062; baseline 0.009 -26"><span class='ocrx_word' id='word_1_184' title='bbox 2362 1984 2595 2055; x_wconf 76' lang='lat' dir='ltr'><strong>Corycus</strong></span> <span class='ocrx_word' id='word_1_185' title='bbox 2611 2025 2627 2048; x_wconf 90' lang='lat'><strong>,</strong></span> <span class='ocrx_word' id='word_1_186' title='bbox 2649 1994 2704 2039; x_wconf 91' lang='lat' dir='ltr'><strong>et</strong></span> <span class='ocrx_word' id='word_1_187' title='bbox 2723 1988 2885 2058; x_wconf 78' lang='lat' dir='ltr'><strong>Perga</strong></span> <span class='ocrx_word' id='word_1_188' title='bbox 2910 1988 3177 2061; x_wconf 79' lang='lat' dir='ltr'><strong>ventisque</strong></span> <span class='ocrx_word' id='word_1_189' title='bbox 3203 1988 3410 2062; x_wconf 86' lang='lat' dir='ltr'><strong>objecta</strong></span> <span class='ocrx_word' id='word_1_190' title='bbox 3431 1993 3685 2048; x_wconf 79' lang='lat' dir='ltr'><strong>Phaselis.</strong></span> 
     </span>
    </p>
   </div>
   <div class='ocr_carea' id='block_1_5' title="bbox 709 2136 3925 2175">
    <p class='ocr_par' dir='ltr' id='par_1_19' title="bbox 709 2136 3925 2175">
     <span class='ocr_line' id='line_1_35' title="bbox 709 2136 3925 2175; baseline 0.002 -23"><span class='ocrx_word' id='word_1_191' title='bbox 709 2136 3925 2175; x_wconf 40' lang='lat' dir='ltr'><strong>mm</strong></span> 
     </span>
    </p>
   </div>
   <div class='ocr_carea' id='block_1_6' title="bbox 701 2232 3929 2397">
    <p class='ocr_par' dir='ltr' id='par_1_20' title="bbox 701 2232 3929 2397">
     <span class='ocr_line' id='line_1_36' title="bbox 711 2232 3929 2318; baseline 0.006 -34"><span class='ocrx_word' id='word_1_192' title='bbox 711 2250 803 2286; x_wconf 73' lang='lat' dir='ltr'><strong>nus</strong></span> <span class='ocrx_word' id='word_1_193' title='bbox 821 2251 874 2287; x_wconf 84' lang='grc' dir='ltr'><strong>ν.</strong></span> <span class='ocrx_word' id='word_1_194' title='bbox 891 2232 1135 2295; x_wconf 74' lang='grc' dir='ltr'>”Υ.-;αιτ;α,</span> <span class='ocrx_word' id='word_1_195' title='bbox 1157 2234 1461 2305; x_wconf 64' lang='lat' dir='ltr'><strong>llylxrpanm</strong></span> <span class='ocrx_word' id='word_1_196' title='bbox 1486 2232 1665 2304; x_wconf 75' lang='lat' dir='ltr'><strong>Lydiae</strong></span> <span class='ocrx_word' id='word_1_197' title='bbox 1686 2234 1868 2287; x_wconf 83' lang='lat' dir='ltr'><strong>urbem</strong></span> <span class='ocrx_word' id='word_1_198' title='bbox 1887 2234 2076 2288; x_wconf 85' lang='lat' dir='ltr'><strong>Tmolo</strong></span> <span class='ocrx_word' id='word_1_199' title='bbox 2099 2234 2272 2307; x_wconf 81' lang='lat' dir='ltr'><strong>subje·</strong></span> <span class='ocrx_word' id='word_1_200' title='bbox 2363 2236 2620 2310; x_wconf 78' lang='grc' dir='ltr'>ὓπεράλιον</span> <span class='ocrx_word' id='word_1_201' title='bbox 2657 2260 2738 2315; x_wconf 84' lang='lat' dir='ltr'><strong>oq.</strong></span> <span class='ocrx_word' id='word_1_202' title='bbox 2766 2245 2866 2297; x_wconf 87' lang='lat' dir='ltr'><strong>Per</strong></span> <span class='ocrx_word' id='word_1_203' title='bbox 2892 2242 3341 2315; x_wconf 75' lang='lat' dir='ltr'><strong>Eurymedontem</strong></span> <span class='ocrx_word' id='word_1_204' title='bbox 3367 2244 3434 2298; x_wconf 84' lang='lat' dir='ltr'><strong>ad</strong></span> <span class='ocrx_word' id='word_1_205' title='bbox 3471 2246 3807 2318; x_wconf 79' lang='lat' dir='ltr'><strong>Aspendum,</strong></span> <span class='ocrx_word' id='word_1_206' title='bbox 3838 2267 3929 2304; x_wconf 85' lang='lat' dir='ltr'><strong>ur·</strong></span> 
     </span>
     <span class='ocr_line' id='line_1_37' title="bbox 701 2309 3929 2397; baseline 0.005 -30"><span class='ocrx_word' id='word_1_207' title='bbox 701 2324 862 2380; x_wconf 85' lang='lat' dir='ltr'><strong>ctam,</strong></span> <span class='ocrx_word' id='word_1_208' title='bbox 884 2312 1045 2368; x_wconf 83' lang='lat' dir='ltr'><strong>refert</strong></span> <span class='ocrx_word' id='word_1_209' title='bbox 1069 2312 1336 2375; x_wconf 73' lang='grc' dir='ltr'>καλλίστας</span> <span class='ocrx_word' id='word_1_210' title='bbox 1358 2309 1494 2383; x_wconf 69' lang='grc' dir='ltr'>ἔχειν</span> <span class='ocrx_word' id='word_1_211' title='bbox 1517 2314 1774 2383; x_wconf 81' lang='grc' dir='ltr'>γυναῖκας,</span> <span class='ocrx_word' id='word_1_212' title='bbox 1792 2313 1947 2384; x_wconf 82' lang='grc' dir='ltr'>δῶρον</span> <span class='ocrx_word' id='word_1_213' title='bbox 1973 2309 2266 2385; x_wconf 74' lang='grc' dir='ltr'>Ἀφροδίτης.</span> <span class='ocrx_word' id='word_1_214' title='bbox 2364 2319 2485 2373; x_wconf 88' lang='lat' dir='ltr'><strong>bem</strong></span> <span class='ocrx_word' id='word_1_215' title='bbox 2510 2338 2576 2374; x_wconf 82' lang='lat' dir='ltr'><strong>ex</strong></span> <span class='ocrx_word' id='word_1_216' title='bbox 2602 2320 2709 2375; x_wconf 83' lang='lat' dir='ltr'><strong>alto</strong></span> <span class='ocrx_word' id='word_1_217' title='bbox 2734 2321 2865 2376; x_wconf 87' lang='lat' dir='ltr'><strong>colle</strong></span> <span class='ocrx_word' id='word_1_218' title='bbox 2888 2332 3308 2396; x_wconf 85' lang='lat' dir='ltr'><strong>prospectantem</strong></span> <span class='ocrx_word' id='word_1_219' title='bbox 3340 2322 3513 2397; x_wconf 82' lang='lat' dir='ltr'><strong>(Mela</strong></span> <span class='ocrx_word' id='word_1_220' title='bbox 3543 2340 3592 2390; x_wconf 86' lang='lat'><strong>1,</strong></span> <span class='ocrx_word' id='word_1_221' title='bbox 3630 2328 3693 2390; x_wconf 85' lang='lat'><strong>14</strong></span> <span class='ocrx_word' id='word_1_222' title='bbox 3714 2327 3757 2394; x_wconf 89' lang='lat'><strong>)‚</strong></span> <span class='ocrx_word' id='word_1_223' title='bbox 3784 2344 3929 2382; x_wconf 78' lang='lat' dir='ltr'><strong>navi-</strong></span> 
     </span>
    </p>
   </div>
   <div class='ocr_carea' id='block_1_7' title="bbox 672 2392 2268 5255">
    <p class='ocr_par' dir='ltr' id='par_1_21' title="bbox 672 2392 2268 5255">
     <span class='ocr_line' id='line_1_38' title="bbox 705 2392 2268 2466; baseline -0.001 -17"><span class='ocrx_word' id='word_1_224' title='bbox 705 2392 728 2463; x_wconf 84' lang='grc' dir='ltr'><strong>ΙΙ</strong></span> <span class='ocrx_word' id='word_1_225' title='bbox 751 2424 826 2436; x_wconf 95' lang='grc'><strong>-</strong></span> <span class='ocrx_word' id='word_1_226' title='bbox 844 2397 969 2459; x_wconf 92' lang='grc' dir='ltr'>84ο.</span> <span class='ocrx_word' id='word_1_227' title='bbox 997 2392 1137 2466; x_wconf 65' lang='grc' dir='ltr'>ἕδος]</span> <span class='ocrx_word' id='word_1_228' title='bbox 1162 2392 1276 2455; x_wconf 73' lang='grc' dir='ltr'>ἕλος</span> <span class='ocrx_word' id='word_1_229' title='bbox 1301 2396 1380 2449; x_wconf 86' lang='grc' dir='ltr'>Ε.</span> <span class='ocrx_word' id='word_1_230' title='bbox 1408 2392 1596 2464; x_wconf 86' lang='lat' dir='ltr'><strong>Neque</strong></span> <span class='ocrx_word' id='word_1_231' title='bbox 1618 2392 1802 2447; x_wconf 81' lang='lat' dir='ltr'><strong>Dianae</strong></span> <span class='ocrx_word' id='word_1_232' title='bbox 1827 2392 2066 2465; x_wconf 80' lang='lat' dir='ltr'><strong>Ephesiae</strong></span> <span class='ocrx_word' id='word_1_233' title='bbox 2086 2392 2268 2448; x_wconf 80' lang='lat' dir='ltr'><strong>fanum</strong></span> 
     </span>
     <span class='ocr_line' id='line_1_39' title="bbox 697 2470 2268 2547; baseline 0.002 -21"><span class='ocrx_word' id='word_1_234' title='bbox 697 2472 913 2545; x_wconf 81' lang='lat' dir='ltr'><strong>aliquod</strong></span> <span class='ocrx_word' id='word_1_235' title='bbox 954 2490 1126 2547; x_wconf 89' lang='lat' dir='ltr'><strong>neque</strong></span> <span class='ocrx_word' id='word_1_236' title='bbox 1152 2472 1265 2545; x_wconf 82' lang='lat' dir='ltr'><strong>ipsa</strong></span> <span class='ocrx_word' id='word_1_237' title='bbox 1291 2470 1532 2544; x_wconf 69' lang='lat' dir='ltr'><strong>Ephesus</strong></span> <span class='ocrx_word' id='word_1_238' title='bbox 1559 2471 1743 2525; x_wconf 81' lang='lat' dir='ltr'><strong>civitas</strong></span> <span class='ocrx_word' id='word_1_239' title='bbox 1769 2490 1891 2526; x_wconf 89' lang='lat' dir='ltr'><strong>cum</strong></span> <span class='ocrx_word' id='word_1_240' title='bbox 1924 2472 2268 2547; x_wconf 80' lang='lat' dir='ltr'><strong>Bernhardyo</strong></span> 
     </span>
     <span class='ocr_line' id='line_1_40' title="bbox 697 2550 2266 2625; baseline 0.001 -19"><span class='ocrx_word' id='word_1_241' title='bbox 697 2553 1051 2625; x_wconf 80' lang='lat' dir='ltr'><strong>intelligenda,</strong></span> <span class='ocrx_word' id='word_1_242' title='bbox 1080 2551 1175 2607; x_wconf 84' lang='lat' dir='ltr'><strong>sed</strong></span> <span class='ocrx_word' id='word_1_243' title='bbox 1192 2551 1419 2607; x_wconf 77' lang='lat' dir='ltr'><strong>Maeonia</strong></span> <span class='ocrx_word' id='word_1_244' title='bbox 1441 2568 1564 2605; x_wconf 84' lang='lat' dir='ltr'><strong>eum</strong></span> <span class='ocrx_word' id='word_1_245' title='bbox 1577 2550 1772 2606; x_wconf 86' lang='lat' dir='ltr'><strong>Tmolo</strong></span> <span class='ocrx_word' id='word_1_246' title='bbox 1798 2562 2000 2618; x_wconf 89' lang='lat' dir='ltr'><strong>monte,</strong></span> <span class='ocrx_word' id='word_1_247' title='bbox 2028 2552 2266 2609; x_wconf 85' lang='lat' dir='ltr'><strong>Bacchici</strong></span> 
     </span>
     <span class='ocr_line' id='line_1_41' title="bbox 693 2631 2266 2703; baseline 0.001 -16"><span class='ocrx_word' id='word_1_248' title='bbox 693 2633 868 2688; x_wconf 83' lang='lat' dir='ltr'><strong>cultus</strong></span> <span class='ocrx_word' id='word_1_249' title='bbox 892 2632 1042 2689; x_wconf 74' lang='lat' dir='ltr'><strong>sedes</strong></span> <span class='ocrx_word' id='word_1_250' title='bbox 1064 2633 1359 2689; x_wconf 85' lang='lat' dir='ltr'><strong>notissima.</strong></span> <span class='ocrx_word' id='word_1_251' title='bbox 1384 2631 1612 2687; x_wconf 81' lang='lat' dir='ltr'><strong>Nonnus</strong></span> <span class='ocrx_word' id='word_1_252' title='bbox 1637 2634 1729 2699; x_wconf 87' lang='grc' dir='ltr'><strong>4ο,</strong></span> <span class='ocrx_word' id='word_1_253' title='bbox 1768 2633 1867 2696; x_wconf 84' lang='lat'><strong>154</strong></span> <span class='ocrx_word' id='word_1_254' title='bbox 1899 2648 1914 2686; x_wconf 72' lang='grc' dir='ltr'>ε</span> <span class='ocrx_word' id='word_1_255' title='bbox 1948 2631 2072 2703; x_wconf 76' lang='grc' dir='ltr'>μηδὲ</span> <span class='ocrx_word' id='word_1_256' title='bbox 2099 2634 2266 2701; x_wconf 73' lang='grc' dir='ltr'>νοήσω</span> 
     </span>
     <span class='ocr_line' id='line_1_42' title="bbox 691 2708 2260 2786; baseline 0.003 -20"><span class='ocrx_word' id='word_1_257' title='bbox 691 2712 974 2783; x_wconf 82' lang='grc' dir='ltr'>Μαιονίην,</span> <span class='ocrx_word' id='word_1_258' title='bbox 1013 2710 1081 2786; x_wconf 78' lang='grc' dir='ltr'><strong>μὴ</strong></span> <span class='ocrx_word' id='word_1_259' title='bbox 1117 2710 1330 2786; x_wconf 78' lang='grc' dir='ltr'>Τμῶλον</span> <span class='ocrx_word' id='word_1_260' title='bbox 1363 2708 1479 2777; x_wconf 77' lang='grc' dir='ltr'>ἴδω,</span> <span class='ocrx_word' id='word_1_261' title='bbox 1518 2709 1585 2783; x_wconf 74' lang='grc' dir='ltr'><strong>μὴ</strong></span> <span class='ocrx_word' id='word_1_262' title='bbox 1609 2712 1754 2785; x_wconf 80' lang='grc' dir='ltr'>δῶμα</span> <span class='ocrx_word' id='word_1_263' title='bbox 1773 2712 1977 2769; x_wconf 80' lang='grc' dir='ltr'>Δυαίου.</span> <span class='ocrx_word' id='word_1_264' title='bbox 2011 2712 2102 2779; x_wconf 81' lang='lat'><strong>25,</strong></span> <span class='ocrx_word' id='word_1_265' title='bbox 2135 2715 2260 2779; x_wconf 82' lang='lat'><strong>451.</strong></span> 
     </span>
     <span class='ocr_line' id='line_1_43' title="bbox 689 2791 2260 2866; baseline 0.002 -21"><span class='ocrx_word' id='word_1_266' title='bbox 689 2792 976 2863; x_wconf 87' lang='grc' dir='ltr'>Μαιονίη...</span> <span class='ocrx_word' id='word_1_267' title='bbox 1004 2791 1180 2866; x_wconf 67' lang='grc' dir='ltr'>τροφὸς</span> <span class='ocrx_word' id='word_1_268' title='bbox 1201 2792 1428 2865; x_wconf 80' lang='grc' dir='ltr'>Βάκχου,</span> <span class='ocrx_word' id='word_1_269' title='bbox 1466 2809 1551 2858; x_wconf 92' lang='lat'><strong>10,</strong></span> <span class='ocrx_word' id='word_1_270' title='bbox 1573 2795 1714 2864; x_wconf 78' lang='lat'><strong>407:</strong></span> <span class='ocrx_word' id='word_1_271' title='bbox 1741 2794 1863 2847; x_wconf 84' lang='grc' dir='ltr'>ναίω</span> <span class='ocrx_word' id='word_1_272' title='bbox 1879 2793 2146 2863; x_wconf 83' lang='grc' dir='ltr'>Μαιονίην.</span> <span class='ocrx_word' id='word_1_273' title='bbox 2175 2794 2260 2849; x_wconf 80' lang='lat' dir='ltr'><strong>cf.</strong></span> 
     </span>
     <span class='ocr_line' id='line_1_44' title="bbox 689 2871 2266 2946; baseline 0.003 -21"><span class='ocrx_word' id='word_1_274' title='bbox 689 2871 765 2927; x_wconf 88' lang='lat' dir='ltr'><strong>id.</strong></span> <span class='ocrx_word' id='word_1_275' title='bbox 796 2875 883 2942; x_wconf 89' lang='lat'><strong>33,</strong></span> <span class='ocrx_word' id='word_1_276' title='bbox 913 2874 1035 2939; x_wconf 74' lang='lat'><strong>251..</strong></span> <span class='ocrx_word' id='word_1_277' title='bbox 1062 2878 1154 2940; x_wconf 89' lang='lat'><strong>44,</strong></span> <span class='ocrx_word' id='word_1_278' title='bbox 1181 2877 1282 2939; x_wconf 84' lang='lat'><strong>441</strong></span> <span class='ocrx_word' id='word_1_279' title='bbox 1303 2883 1432 2939; x_wconf 86' lang='lat' dir='ltr'><strong>etc.;</strong></span> <span class='ocrx_word' id='word_1_280' title='bbox 1455 2874 1629 2945; x_wconf 89' lang='lat' dir='ltr'><strong>Orph.</strong></span> <span class='ocrx_word' id='word_1_281' title='bbox 1659 2874 1805 2946; x_wconf 83' lang='lat' dir='ltr'><strong>hym.</strong></span> <span class='ocrx_word' id='word_1_282' title='bbox 1833 2878 1899 2943; x_wconf 98' lang='grc'><strong>47</strong></span> <span class='ocrx_word' id='word_1_283' title='bbox 1927 2884 1980 2929; x_wconf 89' lang='lat' dir='ltr'><strong>et</strong></span> <span class='ocrx_word' id='word_1_284' title='bbox 2008 2878 2100 2939; x_wconf 88' lang='lat'><strong>48.</strong></span> <span class='ocrx_word' id='word_1_285' title='bbox 2132 2878 2266 2944; x_wconf 74' lang='lat' dir='ltr'><strong>Quae</strong></span> 
     </span>
     <span class='ocr_line' id='line_1_45' title="bbox 690 2953 2266 3026; baseline 0.001 -19"><span class='ocrx_word' id='word_1_286' title='bbox 690 2966 989 3026; x_wconf 82' lang='lat' dir='ltr'><strong>sequuntur</strong></span> <span class='ocrx_word' id='word_1_287' title='bbox 1009 2956 1288 3026; x_wconf 74' lang='grc' dir='ltr'>χρυσοῖο...</span> <span class='ocrx_word' id='word_1_288' title='bbox 1313 2953 1589 3025; x_wconf 80' lang='grc' dir='ltr'>βάλλουσαι</span> <span class='ocrx_word' id='word_1_289' title='bbox 1614 2954 1876 3009; x_wconf 79' lang='lat' dir='ltr'><strong>bacchicis</strong></span> <span class='ocrx_word' id='word_1_290' title='bbox 1895 2954 2266 3010; x_wconf 85' lang='lat' dir='ltr'><strong>saltationibus</strong></span> 
     </span>
     <span class='ocr_line' id='line_1_46' title="bbox 690 3034 2266 3105; baseline -0.001 -18"><span class='ocrx_word' id='word_1_291' title='bbox 690 3035 890 3105; x_wconf 86' lang='lat' dir='ltr'><strong>optime</strong></span> <span class='ocrx_word' id='word_1_292' title='bbox 924 3034 1270 3096; x_wconf 84' lang='lat' dir='ltr'><strong>conveniunt,</strong></span> <span class='ocrx_word' id='word_1_293' title='bbox 1317 3046 1413 3085; x_wconf 88' lang='lat' dir='ltr'><strong>nec</strong></span> <span class='ocrx_word' id='word_1_294' title='bbox 1454 3042 1535 3085; x_wconf 81' lang='lat' dir='ltr'><strong>est</strong></span> <span class='ocrx_word' id='word_1_295' title='bbox 1572 3048 1671 3085; x_wconf 87' lang='lat' dir='ltr'><strong>cur</strong></span> <span class='ocrx_word' id='word_1_296' title='bbox 1699 3048 1974 3085; x_wconf 77' lang='lat' dir='ltr'><strong>vereamur</strong></span> <span class='ocrx_word' id='word_1_297' title='bbox 2017 3050 2086 3085; x_wconf 88' lang='lat' dir='ltr'><strong>ne</strong></span> <span class='ocrx_word' id='word_1_298' title='bbox 2110 3042 2266 3104; x_wconf 87' lang='lat' dir='ltr'><strong>poeta</strong></span> 
     </span>
     <span class='ocr_line' id='line_1_47' title="bbox 689 3110 2268 3186; baseline -0.001 -19"><span class='ocrx_word' id='word_1_299' title='bbox 689 3113 930 3167; x_wconf 83' lang='lat' dir='ltr'><strong>bellicam</strong></span> <span class='ocrx_word' id='word_1_300' title='bbox 954 3112 1309 3186; x_wconf 68' lang='lat' dir='ltr'><strong>Ephesiorum</strong></span> <span class='ocrx_word' id='word_1_301' title='bbox 1345 3128 1596 3182; x_wconf 82' lang='lat' dir='ltr'><strong>pompam</strong></span> <span class='ocrx_word' id='word_1_302' title='bbox 1637 3128 1760 3163; x_wconf 89' lang='lat' dir='ltr'><strong>cum</strong></span> <span class='ocrx_word' id='word_1_303' title='bbox 1799 3110 2004 3164; x_wconf 81' lang='lat' dir='ltr'><strong>choreis</strong></span> <span class='ocrx_word' id='word_1_304' title='bbox 2039 3110 2268 3165; x_wconf 82' lang='lat' dir='ltr'><strong>Baccha-</strong></span> 
     </span>
     <span class='ocr_line' id='line_1_48' title="bbox 692 3190 2264 3263; baseline -0.001 -16"><span class='ocrx_word' id='word_1_305' title='bbox 692 3211 813 3247; x_wconf 87' lang='lat' dir='ltr'><strong>rum</strong></span> <span class='ocrx_word' id='word_1_306' title='bbox 842 3192 1168 3247; x_wconf 77' lang='lat' dir='ltr'><strong>confuderit.</strong></span> <span class='ocrx_word' id='word_1_307' title='bbox 1206 3190 1461 3245; x_wconf 77' lang='lat' dir='ltr'><strong>Bacchica</strong></span> <span class='ocrx_word' id='word_1_308' title='bbox 1486 3204 1636 3245; x_wconf 83' lang='lat' dir='ltr'><strong>saera</strong></span> <span class='ocrx_word' id='word_1_309' title='bbox 1661 3208 1824 3244; x_wconf 83' lang='lat' dir='ltr'><strong>verno</strong></span> <span class='ocrx_word' id='word_1_310' title='bbox 1845 3200 2084 3262; x_wconf 88' lang='lat' dir='ltr'><strong>tempore</strong></span> <span class='ocrx_word' id='word_1_311' title='bbox 2102 3208 2132 3244; x_wconf 85' lang='lat' dir='ltr'><strong>a</strong></span> <span class='ocrx_word' id='word_1_312' title='bbox 2156 3194 2264 3263; x_wconf 77' lang='lat' dir='ltr'><strong>Ly-</strong></span> 
     </span>
     <span class='ocr_line' id='line_1_49' title="bbox 691 3269 2267 3344; baseline 0.001 -21"><span class='ocrx_word' id='word_1_313' title='bbox 691 3269 775 3324; x_wconf 89' lang='lat' dir='ltr'><strong>dis</strong></span> <span class='ocrx_word' id='word_1_314' title='bbox 802 3270 1056 3325; x_wconf 84' lang='lat' dir='ltr'><strong>celebrari</strong></span> <span class='ocrx_word' id='word_1_315' title='bbox 1091 3280 1312 3324; x_wconf 74' lang='lat' dir='ltr'><strong>toetatur</strong></span> <span class='ocrx_word' id='word_1_316' title='bbox 1355 3269 1626 3323; x_wconf 82' lang='lat' dir='ltr'><strong>Himerius</strong></span> <span class='ocrx_word' id='word_1_317' title='bbox 1656 3289 1714 3344; x_wconf 91' lang='lat' dir='ltr'><strong>p.</strong></span> <span class='ocrx_word' id='word_1_318' title='bbox 1761 3272 1886 3335; x_wconf 89' lang='grc'>436,</span> <span class='ocrx_word' id='word_1_319' title='bbox 1926 3271 2042 3343; x_wconf 84' lang='lat' dir='ltr'><strong>ipso</strong></span> <span class='ocrx_word' id='word_1_320' title='bbox 2072 3272 2267 3326; x_wconf 85' lang='lat' dir='ltr'><strong>citante</strong></span> 
     </span>
     <span class='ocr_line' id='line_1_50' title="bbox 697 3346 2267 3422; baseline 0.001 -19"><span class='ocrx_word' id='word_1_321' title='bbox 697 3348 1058 3421; x_wconf 78' lang='lat' dir='ltr'><strong>BernhardyO.</strong></span> <span class='ocrx_word' id='word_1_322' title='bbox 1085 3350 1110 3420; x_wconf 76' lang='lat' dir='ltr'>ss</span> <span class='ocrx_word' id='word_1_323' title='bbox 1131 3351 1340 3412; x_wconf 81' lang='grc' dir='ltr'>-84ῐ.</span> <span class='ocrx_word' id='word_1_324' title='bbox 1363 3346 1629 3419; x_wconf 75' lang='grc' dir='ltr'>ὀρχεῦαται</span> <span class='ocrx_word' id='word_1_325' title='bbox 1653 3353 1727 3413; x_wconf 84' lang='lat' dir='ltr'><strong>A,</strong></span> <span class='ocrx_word' id='word_1_326' title='bbox 1757 3348 1948 3417; x_wconf 82' lang='grc' dir='ltr'>θειητδν</span> <span class='ocrx_word' id='word_1_327' title='bbox 1972 3352 2044 3414; x_wconf 83' lang='grc' dir='ltr'><strong>Ε,</strong></span> <span class='ocrx_word' id='word_1_328' title='bbox 2063 3348 2267 3422; x_wconf 59' lang='lat'><strong>&amp;52:66-</strong></span> 
     </span>
     <span class='ocr_line' id='line_1_51' title="bbox 697 3423 2265 3501; baseline 0.001 -19"><span class='ocrx_word' id='word_1_329' title='bbox 697 3446 842 3501; x_wconf 83' lang='grc' dir='ltr'>μεναι</span> <span class='ocrx_word' id='word_1_330' title='bbox 864 3424 1290 3489; x_wconf 66' lang='grc' dir='ltr'>ΟΕθΗΒΧότίεζ</span> <span class='ocrx_word' id='word_1_331' title='bbox 1303 3442 1427 3496; x_wconf 79' lang='lat' dir='ltr'><strong>mgo</strong></span> <span class='ocrx_word' id='word_1_332' title='bbox 1458 3428 1531 3489; x_wconf 89' lang='lat'><strong>0‚·</strong></span> <span class='ocrx_word' id='word_1_333' title='bbox 1551 3426 1608 3480; x_wconf 93' lang='lat' dir='ltr'><strong>in</strong></span> <span class='ocrx_word' id='word_1_334' title='bbox 1635 3423 1677 3478; x_wconf 80' lang='lat' dir='ltr'><em>d</em></span> <span class='ocrx_word' id='word_1_335' title='bbox 1690 3435 1974 3481; x_wconf 88' lang='lat' dir='ltr'><strong>annotatur</strong></span> <span class='ocrx_word' id='word_1_336' title='bbox 1994 3443 2010 3482; x_wconf 78' lang='lat' dir='ltr'><em>z</em></span> <span class='ocrx_word' id='word_1_337' title='bbox 2032 3447 2112 3500; x_wconf 85' lang='grc' dir='ltr'><strong>γρ.</strong></span> <span class='ocrx_word' id='word_1_338' title='bbox 2130 3426 2265 3483; x_wconf 75' lang='grc' dir='ltr'>ἐλίσ·</span> 
     </span>
     <span class='ocr_line' id='line_1_52' title="bbox 696 3504 2262 3582; baseline 0.002 -22"><span class='ocrx_word' id='word_1_339' title='bbox 696 3525 841 3578; x_wconf 80' lang='grc' dir='ltr'>σομ.;</span> <span class='ocrx_word' id='word_1_340' title='bbox 861 3505 994 3578; x_wconf 72' lang='grc' dir='ltr'>παρὰ</span> <span class='ocrx_word' id='word_1_341' title='bbox 1016 3524 1072 3579; x_wconf 72' lang='grc'>9,·</span> <span class='ocrx_word' id='word_1_342' title='bbox 1089 3504 1284 3559; x_wconf 70' lang='grc' dir='ltr'>κυκλων</span> <span class='ocrx_word' id='word_1_343' title='bbox 1308 3504 1544 3575; x_wconf 74' lang='lat' dir='ltr'><strong>Ald.ll—</strong></span> <span class='ocrx_word' id='word_1_344' title='bbox 1555 3504 1994 3571; x_wconf 70' lang='lat' dir='ltr'><strong>842.Au2›v6oeoto</strong></span> <span class='ocrx_word' id='word_1_345' title='bbox 2021 3511 2262 3582; x_wconf 79' lang='lat' dir='ltr'><strong>BDMQ,</strong></span> 
     </span>
     <span class='ocr_line' id='line_1_53' title="bbox 695 3584 2259 3660; baseline 0.001 -20"><span class='ocrx_word' id='word_1_346' title='bbox 695 3588 986 3641; x_wconf 75' lang='grc' dir='ltr'>Διονὺσσοιο</span> <span class='ocrx_word' id='word_1_347' title='bbox 1003 3585 1166 3652; x_wconf 79' lang='lat' dir='ltr'><strong>Lbdo,</strong></span> <span class='ocrx_word' id='word_1_348' title='bbox 1185 3584 1439 3639; x_wconf 71' lang='grc' dir='ltr'>Διονύσοιο</span> <span class='ocrx_word' id='word_1_349' title='bbox 1457 3589 1799 3660; x_wconf 75' lang='lat' dir='ltr'><strong>BGFKch,·</strong></span> <span class='ocrx_word' id='word_1_350' title='bbox 1808 3586 2125 3659; x_wconf 79' lang='grc' dir='ltr'>χοροστασίαι</span> <span class='ocrx_word' id='word_1_351' title='bbox 2137 3586 2259 3643; x_wconf 85' lang='lat' dir='ltr'><strong>eod.</strong></span> 
     </span>
     <span class='ocr_line' id='line_1_54' title="bbox 695 3664 2260 3739; baseline -0.001 -16"><span class='ocrx_word' id='word_1_352' title='bbox 695 3670 755 3732; x_wconf 79' lang='grc' dir='ltr'><strong>ζ;</strong></span> <span class='ocrx_word' id='word_1_353' title='bbox 778 3667 1022 3723; x_wconf 70' lang='grc' dir='ltr'>τελέθοιεν</span> <span class='ocrx_word' id='word_1_354' title='bbox 1050 3669 1259 3723; x_wconf 81' lang='lat' dir='ltr'><em>ABDK</em></span> <span class='ocrx_word' id='word_1_355' title='bbox 1263 3664 1533 3731; x_wconf 60' lang='lat' dir='ltr'><strong>1100·ka</strong></span> <span class='ocrx_word' id='word_1_356' title='bbox 1556 3665 1612 3719; x_wconf 87' lang='lat' dir='ltr'><strong>in</strong></span> <span class='ocrx_word' id='word_1_357' title='bbox 1637 3666 1670 3729; x_wconf 81' lang='grc' dir='ltr'><strong>ζ</strong></span> <span class='ocrx_word' id='word_1_358' title='bbox 1691 3683 1849 3739; x_wconf 85' lang='lat' dir='ltr'><strong>supra</strong></span> <span class='ocrx_word' id='word_1_359' title='bbox 1873 3684 1978 3722; x_wconf 88' lang='lat' dir='ltr'><strong>scr.</strong></span> <span class='ocrx_word' id='word_1_360' title='bbox 2007 3666 2260 3735; x_wconf 73' lang='grc' dir='ltr'>τελέουσι,</span> 
     </span>
     <span class='ocr_line' id='line_1_55' title="bbox 695 3744 2265 3819; baseline 0.002 -18"><span class='ocrx_word' id='word_1_361' title='bbox 695 3747 846 3819; x_wconf 92' lang='lat' dir='ltr'><strong>quod</strong></span> <span class='ocrx_word' id='word_1_362' title='bbox 871 3748 1069 3804; x_wconf 82' lang='lat' dir='ltr'><strong>habent</strong></span> <span class='ocrx_word' id='word_1_363' title='bbox 1091 3751 1206 3811; x_wconf 70' lang='lat' dir='ltr'><strong>cz,-</strong></span> <span class='ocrx_word' id='word_1_364' title='bbox 1225 3744 1476 3800; x_wconf 78' lang='grc' dir='ltr'>τελέθουσι</span> <span class='ocrx_word' id='word_1_365' title='bbox 1501 3744 1957 3804; x_wconf 74' lang='grc' dir='ltr'>ΕΟΧΥόᾰεῙηιινε</span> <span class='ocrx_word' id='word_1_366' title='bbox 1983 3746 2105 3804; x_wconf 76' lang='lat' dir='ltr'><strong>Ald.</strong></span> <span class='ocrx_word' id='word_1_367' title='bbox 2139 3747 2162 3819; x_wconf 78' lang='grc' dir='ltr'><strong>ΙΙ</strong></span> <span class='ocrx_word' id='word_1_368' title='bbox 2189 3778 2265 3792; x_wconf 87' lang='grc'><strong>-</strong></span> 
     </span>
     <span class='ocr_line' id='line_1_56' title="bbox 696 3823 2262 3899; baseline -0.001 -16"><span class='ocrx_word' id='word_1_369' title='bbox 696 3829 826 3893; x_wconf 89' lang='grc'>843.</span> <span class='ocrx_word' id='word_1_370' title='bbox 857 3828 1020 3899; x_wconf 87' lang='grc' dir='ltr'>νευροὶ</span> <span class='ocrx_word' id='word_1_371' title='bbox 1050 3827 1202 3890; x_wconf 72' lang='lat' dir='ltr'><strong>Fot.</strong></span> <span class='ocrx_word' id='word_1_372' title='bbox 1241 3825 1362 3897; x_wconf 84' lang='grc'><strong>11-</strong></span> <span class='ocrx_word' id='word_1_373' title='bbox 1393 3826 1519 3891; x_wconf 91' lang='grc'>844.</span> <span class='ocrx_word' id='word_1_374' title='bbox 1541 3823 1790 3898; x_wconf 79' lang='grc' dir='ltr'>σκαίρουσι</span> <span class='ocrx_word' id='word_1_375' title='bbox 1814 3826 1974 3891; x_wconf 67' lang='lat' dir='ltr'><strong>Em,</strong></span> <span class='ocrx_word' id='word_1_376' title='bbox 2016 3824 2262 3899; x_wconf 79' lang='grc' dir='ltr'>σπείρουσι</span> 
     </span>
     <span class='ocr_line' id='line_1_57' title="bbox 695 3902 2260 3980; baseline 0.001 -20"><span class='ocrx_word' id='word_1_377' title='bbox 695 3924 750 3977; x_wconf 86' lang='grc' dir='ltr'><strong>ο,</strong></span> <span class='ocrx_word' id='word_1_378' title='bbox 779 3910 896 3980; x_wconf 75' lang='grc' dir='ltr'>τῇσι</span> <span class='ocrx_word' id='word_1_379' title='bbox 925 3908 1131 3970; x_wconf 60' lang='grc' dir='ltr'>ΕΚίιζς</span> <span class='ocrx_word' id='word_1_380' title='bbox 1155 3904 1340 3960; x_wconf 75' lang='grc' dir='ltr'>δὲοω.</span> <span class='ocrx_word' id='word_1_381' title='bbox 1366 3902 1506 3974; x_wconf 65' lang='lat' dir='ltr'><strong>ald„</strong></span> <span class='ocrx_word' id='word_1_382' title='bbox 1537 3902 1650 3977; x_wconf 80' lang='grc' dir='ltr'>περὶ</span> <span class='ocrx_word' id='word_1_383' title='bbox 1673 3922 1823 3977; x_wconf 84' lang='grc' dir='ltr'>σμαρ.</span> <span class='ocrx_word' id='word_1_384' title='bbox 1853 3906 1973 3971; x_wconf 88' lang='lat' dir='ltr'><strong>BD,</strong></span> <span class='ocrx_word' id='word_1_385' title='bbox 2002 3922 2260 3980; x_wconf 84' lang='grc' dir='ltr'>περισμαρ.</span> 
     </span>
     <span class='ocr_line' id='line_1_58' title="bbox 691 3980 2256 4059; baseline 0 -18"><span class='ocrx_word' id='word_1_386' title='bbox 691 4004 780 4059; x_wconf 87' lang='lat' dir='ltr'><strong>pr.</strong></span> <span class='ocrx_word' id='word_1_387' title='bbox 809 4004 974 4041; x_wconf 85' lang='lat' dir='ltr'><strong>manu</strong></span> <span class='ocrx_word' id='word_1_388' title='bbox 1017 3989 1089 4052; x_wconf 78' lang='lat' dir='ltr'><strong>E,</strong></span> <span class='ocrx_word' id='word_1_389' title='bbox 1134 4002 1418 4059; x_wconf 81' lang='grc' dir='ltr'>παρασμαρ.</span> <span class='ocrx_word' id='word_1_390' title='bbox 1441 4001 1492 4051; x_wconf 76' lang='lat' dir='ltr'><strong>s,</strong></span> <span class='ocrx_word' id='word_1_391' title='bbox 1539 3982 1771 4056; x_wconf 72' lang='grc' dir='ltr'>ἔπισμαρ.</span> <span class='ocrx_word' id='word_1_392' title='bbox 1815 3984 1889 4049; x_wconf 83' lang='grc' dir='ltr'>Α,</span> <span class='ocrx_word' id='word_1_393' title='bbox 1918 3980 2001 4037; x_wconf 69' lang='grc' dir='ltr'><strong>ἐπὶ</strong></span> <span class='ocrx_word' id='word_1_394' title='bbox 2023 4002 2174 4058; x_wconf 85' lang='grc' dir='ltr'>σμαρ.</span> <span class='ocrx_word' id='word_1_395' title='bbox 2203 4004 2256 4053; x_wconf 86' lang='grc' dir='ltr'><strong>ο,</strong></span> 
     </span>
     <span class='ocr_line' id='line_1_59' title="bbox 689 4060 2257 4139; baseline 0 -18"><span class='ocrx_word' id='word_1_396' title='bbox 689 4070 1168 4139; x_wconf 77' lang='grc' dir='ltr'>περισμαραγεΰνται</span> <span class='ocrx_word' id='word_1_397' title='bbox 1205 4083 1259 4130; x_wconf 84' lang='grc' dir='ltr'><strong>σ,·</strong></span> <span class='ocrx_word' id='word_1_398' title='bbox 1284 4062 1434 4133; x_wconf 72' lang='grc' dir='ltr'>ἂηταί</span> <span class='ocrx_word' id='word_1_399' title='bbox 1470 4066 1545 4121; x_wconf 86' lang='lat' dir='ltr'><strong>D.</strong></span> <span class='ocrx_word' id='word_1_400' title='bbox 1579 4063 1604 4135; x_wconf 63' lang='grc' dir='ltr'><strong>ΕΙ</strong></span> <span class='ocrx_word' id='word_1_401' title='bbox 1642 4093 1717 4105; x_wconf 91' lang='lat'><strong>—</strong></span> <span class='ocrx_word' id='word_1_402' title='bbox 1744 4060 1872 4129; x_wconf 87' lang='grc'>845.</span> <span class='ocrx_word' id='word_1_403' title='bbox 1899 4061 2013 4135; x_wconf 69' lang='grc' dir='ltr'>ἐπὶ]</span> <span class='ocrx_word' id='word_1_404' title='bbox 2051 4064 2164 4139; x_wconf 78' lang='grc' dir='ltr'>περὶ</span> <span class='ocrx_word' id='word_1_405' title='bbox 2185 4065 2257 4133; x_wconf 80' lang='lat' dir='ltr'><strong>k,-</strong></span> 
     </span>
     <span class='ocr_line' id='line_1_60' title="bbox 689 4142 2256 4217; baseline 0 -16"><span class='ocrx_word' id='word_1_406' title='bbox 689 4146 892 4215; x_wconf 74' lang='grc' dir='ltr'>στήθεσι</span> <span class='ocrx_word' id='word_1_407' title='bbox 920 4144 1171 4213; x_wconf 65' lang='lat' dir='ltr'><strong>cordos,</strong></span> <span class='ocrx_word' id='word_1_408' title='bbox 1215 4142 1446 4215; x_wconf 71' lang='grc' dir='ltr'>στήθεσφι</span> <span class='ocrx_word' id='word_1_409' title='bbox 1491 4142 1587 4199; x_wconf 80' lang='grc' dir='ltr'>Κί.</span> <span class='ocrx_word' id='word_1_410' title='bbox 1625 4144 1647 4213; x_wconf 83' lang='grc' dir='ltr'><strong>ΙΙ</strong></span> <span class='ocrx_word' id='word_1_411' title='bbox 1675 4172 1752 4185; x_wconf 89' lang='grc'>-</span> <span class='ocrx_word' id='word_1_412' title='bbox 1775 4146 1900 4212; x_wconf 88' lang='grc'>746.</span> <span class='ocrx_word' id='word_1_413' title='bbox 1928 4143 2056 4217; x_wconf 77' lang='grc' dir='ltr'>μετ’]</span> <span class='ocrx_word' id='word_1_414' title='bbox 2082 4142 2157 4200; x_wconf 73' lang='grc' dir='ltr'><strong>ἔπ’</strong></span> <span class='ocrx_word' id='word_1_415' title='bbox 2187 4151 2256 4213; x_wconf 77' lang='lat'><strong>03</strong></span> 
     </span>
     <span class='ocr_line' id='line_1_61' title="bbox 689 4220 2252 4299; baseline -0.003 -18"><span class='ocrx_word' id='word_1_416' title='bbox 689 4226 804 4299; x_wconf 84' lang='grc' dir='ltr'>μεγ’</span> <span class='ocrx_word' id='word_1_417' title='bbox 827 4223 1053 4299; x_wconf 85' lang='lat' dir='ltr'><strong>conjecit</strong></span> <span class='ocrx_word' id='word_1_418' title='bbox 1076 4221 1479 4296; x_wconf 76' lang='lat' dir='ltr'><strong>Bernhardyus3</strong></span> <span class='ocrx_word' id='word_1_419' title='bbox 1513 4222 1621 4295; x_wconf 85' lang='grc' dir='ltr'>μετ’</span> <span class='ocrx_word' id='word_1_420' title='bbox 1651 4220 1852 4295; x_wconf 76' lang='grc' dir='ltr'>ἀνδράσι</span> <span class='ocrx_word' id='word_1_421' title='bbox 1877 4222 2110 4278; x_wconf 79' lang='grc' dir='ltr'>πέλονται</span> <span class='ocrx_word' id='word_1_422' title='bbox 2137 4228 2252 4293; x_wconf 58' lang='lat' dir='ltr'><strong>HQ</strong></span> 
     </span>
     <span class='ocr_line' id='line_1_62' title="bbox 688 4302 2252 4380; baseline 0.001 -20"><span class='ocrx_word' id='word_1_423' title='bbox 688 4305 958 4380; x_wconf 80' lang='grc' dir='ltr'>μίλλονται</span> <span class='ocrx_word' id='word_1_424' title='bbox 973 4325 1028 4380; x_wconf 83' lang='lat' dir='ltr'><strong>q,</strong></span> <span class='ocrx_word' id='word_1_425' title='bbox 1058 4304 1262 4360; x_wconf 66' lang='lat' dir='ltr'><strong>nowen</strong></span> <span class='ocrx_word' id='word_1_426' title='bbox 1283 4306 1349 4370; x_wconf 65' lang='lat'><strong>1³,</strong></span> <span class='ocrx_word' id='word_1_427' title='bbox 1372 4304 1602 4375; x_wconf 83' lang='grc' dir='ltr'>νέμονται</span> <span class='ocrx_word' id='word_1_428' title='bbox 1621 4304 1695 4369; x_wconf 89' lang='lat' dir='ltr'><strong>D,</strong></span> <span class='ocrx_word' id='word_1_429' title='bbox 1727 4302 1974 4375; x_wconf 75' lang='grc' dir='ltr'>μέλωνται</span> <span class='ocrx_word' id='word_1_430' title='bbox 1991 4320 2102 4360; x_wconf 80' lang='lat' dir='ltr'><strong>var.</strong></span> <span class='ocrx_word' id='word_1_431' title='bbox 2131 4303 2252 4361; x_wconf 89' lang='lat' dir='ltr'><strong>lect.</strong></span> 
     </span>
     <span class='ocr_line' id='line_1_63' title="bbox 686 4382 2255 4460; baseline 0.001 -19"><span class='ocrx_word' id='word_1_432' title='bbox 686 4404 773 4459; x_wconf 84' lang='lat' dir='ltr'><strong>ap.</strong></span> <span class='ocrx_word' id='word_1_433' title='bbox 798 4384 1092 4460; x_wconf 80' lang='lat' dir='ltr'><strong>Steph.ss-</strong></span> <span class='ocrx_word' id='word_1_434' title='bbox 1115 4388 1241 4455; x_wconf 87' lang='lat'><strong>847.</strong></span> <span class='ocrx_word' id='word_1_435' title='bbox 1261 4382 1553 4455; x_wconf 71' lang='grc' dir='ltr'>κεκλιμένην</span> <span class='ocrx_word' id='word_1_436' title='bbox 1577 4384 1759 4457; x_wconf 77' lang='grc' dir='ltr'>ΗΟρ.</span> <span class='ocrx_word' id='word_1_437' title='bbox 1789 4408 1812 4431; x_wconf 79' lang='grc' dir='ltr'>ι</span> <span class='ocrx_word' id='word_1_438' title='bbox 1835 4382 2079 4439; x_wconf 81' lang='lat' dir='ltr'><strong>Ceterum</strong></span> <span class='ocrx_word' id='word_1_439' title='bbox 2107 4386 2255 4459; x_wconf 91' lang='lat' dir='ltr'><strong>quod</strong></span> 
     </span>
     <span class='ocr_line' id='line_1_64' title="bbox 685 4461 2254 4540; baseline -0.001 -17"><span class='ocrx_word' id='word_1_440' title='bbox 685 4468 895 4523; x_wconf 78' lang='lat' dir='ltr'><strong>Cariam</strong></span> <span class='ocrx_word' id='word_1_441' title='bbox 919 4466 1180 4540; x_wconf 81' lang='lat' dir='ltr'><strong>suppn‘mi</strong></span> <span class='ocrx_word' id='word_1_442' title='bbox 1208 4461 1466 4527; x_wconf 83' lang='lat' dir='ltr'><strong>videmus,</strong></span> <span class='ocrx_word' id='word_1_443' title='bbox 1487 4463 1543 4517; x_wconf 91' lang='lat' dir='ltr'><strong>in</strong></span> <span class='ocrx_word' id='word_1_444' title='bbox 1570 4480 1728 4517; x_wconf 85' lang='lat' dir='ltr'><strong>causa</strong></span> <span class='ocrx_word' id='word_1_445' title='bbox 1753 4461 1854 4517; x_wconf 78' lang='lat' dir='ltr'><strong>fuit</strong></span> <span class='ocrx_word' id='word_1_446' title='bbox 1869 4464 2098 4535; x_wconf 81' lang='lat' dir='ltr'><strong>regionis</strong></span> <span class='ocrx_word' id='word_1_447' title='bbox 2123 4484 2254 4539; x_wconf 80' lang='lat' dir='ltr'><strong>vaga</strong></span> 
     </span>
     <span class='ocr_line' id='line_1_65' title="bbox 685 4542 2250 4620; baseline 0.001 -19"><span class='ocrx_word' id='word_1_448' title='bbox 685 4547 897 4615; x_wconf 79' lang='lat' dir='ltr'><strong>divisio,</strong></span> <span class='ocrx_word' id='word_1_449' title='bbox 926 4564 1043 4620; x_wconf 80' lang='lat' dir='ltr'><strong>quae</strong></span> <span class='ocrx_word' id='word_1_450' title='bbox 1077 4563 1244 4619; x_wconf 87' lang='lat' dir='ltr'><strong>quum</strong></span> <span class='ocrx_word' id='word_1_451' title='bbox 1265 4543 1541 4617; x_wconf 86' lang='lat' dir='ltr'><strong>pristinam</strong></span> <span class='ocrx_word' id='word_1_452' title='bbox 1566 4543 1774 4616; x_wconf 82' lang='lat' dir='ltr'><strong>imperii</strong></span> <span class='ocrx_word' id='word_1_453' title='bbox 1794 4542 2018 4597; x_wconf 84' lang='lat' dir='ltr'><strong>sormam</strong></span> <span class='ocrx_word' id='word_1_454' title='bbox 2043 4544 2250 4603; x_wconf 87' lang='lat' dir='ltr'><strong>dudum</strong></span> 
     </span>
     <span class='ocr_line' id='line_1_66' title="bbox 685 4624 2250 4701; baseline -0.003 -18"><span class='ocrx_word' id='word_1_455' title='bbox 685 4629 960 4695; x_wconf 83' lang='lat' dir='ltr'><strong>amisisset,</strong></span> <span class='ocrx_word' id='word_1_456' title='bbox 990 4628 1182 4701; x_wconf 86' lang='lat' dir='ltr'><strong>partim</strong></span> <span class='ocrx_word' id='word_1_457' title='bbox 1204 4624 1422 4680; x_wconf 85' lang='lat' dir='ltr'><strong>coloniis</strong></span> <span class='ocrx_word' id='word_1_458' title='bbox 1447 4625 1642 4678; x_wconf 90' lang='lat' dir='ltr'><strong>Ionum</strong></span> <span class='ocrx_word' id='word_1_459' title='bbox 1661 4632 1887 4695; x_wconf 64' lang='lat' dir='ltr'><strong>pateret,</strong></span> <span class='ocrx_word' id='word_1_460' title='bbox 1910 4625 2104 4695; x_wconf 86' lang='lat' dir='ltr'><strong>partim</strong></span> <span class='ocrx_word' id='word_1_461' title='bbox 2125 4644 2250 4682; x_wconf 84' lang='lat' dir='ltr'><strong>cum</strong></span> 
     </span>
     <span class='ocr_line' id='line_1_67' title="bbox 686 4700 2251 4781; baseline -0.001 -18"><span class='ocrx_word' id='word_1_462' title='bbox 686 4709 850 4781; x_wconf 76' lang='lat' dir='ltr'><strong>Lycia</strong></span> <span class='ocrx_word' id='word_1_463' title='bbox 874 4708 1174 4780; x_wconf 83' lang='lat' dir='ltr'><strong>principum</strong></span> <span class='ocrx_word' id='word_1_464' title='bbox 1190 4721 1302 4759; x_wconf 79' lang='lat' dir='ltr'><strong>oevo</strong></span> <span class='ocrx_word' id='word_1_465' title='bbox 1332 4701 1531 4757; x_wconf 86' lang='lat' dir='ltr'><strong>finibus</strong></span> <span class='ocrx_word' id='word_1_466' title='bbox 1551 4702 1839 4776; x_wconf 65' lang='lat' dir='ltr'><strong>provincie</strong></span> <span class='ocrx_word' id='word_1_467' title='bbox 1867 4700 2102 4773; x_wconf 82' lang='lat' dir='ltr'><strong>ejusdem</strong></span> <span class='ocrx_word' id='word_1_468' title='bbox 2121 4724 2251 4762; x_wconf 87' lang='lat' dir='ltr'><strong>con-</strong></span> 
     </span>
     <span class='ocr_line' id='line_1_68' title="bbox 683 4780 2249 4857; baseline -0.002 -15"><span class='ocrx_word' id='word_1_469' title='bbox 683 4788 964 4842; x_wconf 88' lang='lat' dir='ltr'><strong>tineretur.</strong></span> <span class='ocrx_word' id='word_1_470' title='bbox 993 4811 1017 4834; x_wconf 74' lang='grc' dir='ltr'>ι</span> <span class='ocrx_word' id='word_1_471' title='bbox 1052 4786 1256 4839; x_wconf 65' lang='lat' dir='ltr'><strong>Baua.</strong></span> <span class='ocrx_word' id='word_1_472' title='bbox 1305 4782 1328 4854; x_wconf 79' lang='grc' dir='ltr'><strong>ΙΙ</strong></span> <span class='ocrx_word' id='word_1_473' title='bbox 1360 4813 1433 4824; x_wconf 93' lang='grc'>-</span> <span class='ocrx_word' id='word_1_474' title='bbox 1457 4784 1578 4846; x_wconf 88' lang='grc'>848.</span> <span class='ocrx_word' id='word_1_475' title='bbox 1625 4780 1678 4837; x_wconf 67' lang='grc' dir='ltr'><strong>ὄν</strong></span> <span class='ocrx_word' id='word_1_476' title='bbox 1703 4800 1853 4853; x_wconf 76' lang='grc' dir='ltr'>προχ.</span> <span class='ocrx_word' id='word_1_477' title='bbox 1903 4786 1950 4837; x_wconf 85' lang='lat' dir='ltr'><em>L</em></span> <span class='ocrx_word' id='word_1_478' title='bbox 1967 4806 1993 4847; x_wconf 91' lang='lat'><strong>,·</strong></span> <span class='ocrx_word' id='word_1_479' title='bbox 2035 4784 2249 4857; x_wconf 80' lang='grc' dir='ltr'>εὗρείτου</span> 
     </span>
     <span class='ocr_line' id='line_1_69' title="bbox 683 4856 2242 4937; baseline 0.001 -18"><span class='ocrx_word' id='word_1_480' title='bbox 683 4868 856 4932; x_wconf 77' lang='grc' dir='ltr'>ΒΚα,</span> <span class='ocrx_word' id='word_1_481' title='bbox 881 4864 1108 4937; x_wconf 75' lang='grc' dir='ltr'>εὖρρύτου</span> <span class='ocrx_word' id='word_1_482' title='bbox 1133 4866 1236 4936; x_wconf 82' lang='lat' dir='ltr'><strong>Nq.</strong></span> <span class='ocrx_word' id='word_1_483' title='bbox 1261 4856 1380 4934; x_wconf 88' lang='grc' dir='ltr'><strong>ΙΙ-</strong></span> <span class='ocrx_word' id='word_1_484' title='bbox 1403 4864 1529 4933; x_wconf 84' lang='grc'>849.</span> <span class='ocrx_word' id='word_1_485' title='bbox 1556 4859 1868 4936; x_wconf 70' lang='grc' dir='ltr'>βαθυκνήμου</span> <span class='ocrx_word' id='word_1_486' title='bbox 1889 4869 1943 4920; x_wconf 84' lang='lat' dir='ltr'><strong>C.</strong></span> <span class='ocrx_word' id='word_1_487' title='bbox 1972 4866 1996 4937; x_wconf 85' lang='grc' dir='ltr'><strong>ΙΙ</strong></span> <span class='ocrx_word' id='word_1_488' title='bbox 2018 4896 2092 4909; x_wconf 83' lang='grc'><strong>-</strong></span> <span class='ocrx_word' id='word_1_489' title='bbox 2116 4868 2242 4927; x_wconf 79' lang='grc'>850.</span> 
     </span>
     <span class='ocr_line' id='line_1_70' title="bbox 680 4942 2247 5019; baseline 0.005 -22"><span class='ocrx_word' id='word_1_490' title='bbox 680 4943 985 5018; x_wconf 75' lang='grc' dir='ltr'>Παμφυλίων</span> <span class='ocrx_word' id='word_1_491' title='bbox 1011 4942 1648 5011; x_wconf 68' lang='lat' dir='ltr'><strong>BCDMNOYXadehget</strong></span> <span class='ocrx_word' id='word_1_492' title='bbox 1673 4944 1824 4999; x_wconf 87' lang='lat' dir='ltr'><strong>Eust.</strong></span> <span class='ocrx_word' id='word_1_493' title='bbox 1849 4944 2128 5019; x_wconf 73' lang='grc' dir='ltr'>Παμφῦλιοι</span> <span class='ocrx_word' id='word_1_494' title='bbox 2155 4949 2247 5005; x_wconf 81' lang='lat' dir='ltr'><strong>ha-</strong></span> 
     </span>
     <span class='ocr_line' id='line_1_71' title="bbox 678 5022 2240 5103; baseline 0.003 -24"><span class='ocrx_word' id='word_1_495' title='bbox 678 5024 770 5079; x_wconf 87' lang='lat' dir='ltr'><strong>bes</strong></span> <span class='ocrx_word' id='word_1_496' title='bbox 785 5042 864 5079; x_wconf 79' lang='lat' dir='ltr'><strong>vs.</strong></span> <span class='ocrx_word' id='word_1_497' title='bbox 887 5040 988 5097; x_wconf 82' lang='lat'><strong>127</strong></span> <span class='ocrx_word' id='word_1_498' title='bbox 1001 5044 1018 5090; x_wconf 88' lang='lat'>;</span> <span class='ocrx_word' id='word_1_499' title='bbox 1033 5023 1240 5095; x_wconf 78' lang='grc' dir='ltr'>Κράγων</span> <span class='ocrx_word' id='word_1_500' title='bbox 1257 5026 1314 5077; x_wconf 87' lang='lat' dir='ltr'><em>K</em></span> <span class='ocrx_word' id='word_1_501' title='bbox 1311 5044 1336 5086; x_wconf 89' lang='lat'><em>;</em></span> <span class='ocrx_word' id='word_1_502' title='bbox 1353 5022 1746 5094; x_wconf 73' lang='grc' dir='ltr'>φημίζουσιΝΥ,</span> <span class='ocrx_word' id='word_1_503' title='bbox 1761 5025 2055 5096; x_wconf 78' lang='grc' dir='ltr'>φημίσκουσι</span> <span class='ocrx_word' id='word_1_504' title='bbox 2067 5032 2240 5103; x_wconf 72' lang='lat' dir='ltr'><strong>EGO,</strong></span> 
     </span>
     <span class='ocr_line' id='line_1_72' title="bbox 672 5102 2245 5173; baseline 0.004 -16"><span class='ocrx_word' id='word_1_505' title='bbox 672 5103 996 5172; x_wconf 71' lang='grc' dir='ltr'>κικλήσκουσι</span> <span class='ocrx_word' id='word_1_506' title='bbox 1012 5102 1432 5170; x_wconf 68' lang='lat' dir='ltr'><strong>ABCHMOght.</strong></span> <span class='ocrx_word' id='word_1_507' title='bbox 1459 5102 1688 5173; x_wconf 84' lang='lat' dir='ltr'><strong>Cragum</strong></span> <span class='ocrx_word' id='word_1_508' title='bbox 1705 5104 1844 5158; x_wconf 88' lang='lat' dir='ltr'><strong>inter</strong></span> <span class='ocrx_word' id='word_1_509' title='bbox 1853 5106 2013 5159; x_wconf 86' lang='lat' dir='ltr'><strong>Tauri</strong></span> <span class='ocrx_word' id='word_1_510' title='bbox 2032 5106 2245 5165; x_wconf 86' lang='lat' dir='ltr'><strong>brachia</strong></span> 
     </span>
     <span class='ocr_line' id='line_1_73' title="bbox 672 5181 2249 5255; baseline 0.004 -20"><span class='ocrx_word' id='word_1_511' title='bbox 672 5181 875 5236; x_wconf 87' lang='lat' dir='ltr'><strong>Plinius</strong></span> <span class='ocrx_word' id='word_1_512' title='bbox 898 5199 1134 5255; x_wconf 87' lang='lat' dir='ltr'><strong>quoquc,</strong></span> <span class='ocrx_word' id='word_1_513' title='bbox 1168 5182 1221 5249; x_wconf 89' lang='grc'><strong>5,</strong></span> <span class='ocrx_word' id='word_1_514' title='bbox 1245 5196 1335 5250; x_wconf 76' lang='lat'><strong>27,</strong></span> <span class='ocrx_word' id='word_1_515' title='bbox 1366 5183 1396 5249; x_wconf 74' lang='lat' dir='ltr'>S</span> <span class='ocrx_word' id='word_1_516' title='bbox 1417 5183 1507 5251; x_wconf 85' lang='lat'><strong>98,</strong></span> <span class='ocrx_word' id='word_1_517' title='bbox 1533 5193 1790 5236; x_wconf 82' lang='lat' dir='ltr'><strong>recenset.</strong></span> <span class='ocrx_word' id='word_1_518' title='bbox 1823 5183 1846 5253; x_wconf 79' lang='grc' dir='ltr'><strong>ΙΙ</strong></span> <span class='ocrx_word' id='word_1_519' title='bbox 1868 5213 1942 5225; x_wconf 90' lang='lat'><strong>--</strong></span> <span class='ocrx_word' id='word_1_520' title='bbox 1965 5185 2090 5241; x_wconf 81' lang='lat'><strong>851.</strong></span> <span class='ocrx_word' id='word_1_521' title='bbox 2111 5190 2249 5243; x_wconf 81' lang='grc' dir='ltr'>κεῖθι.</span> 
     </span>
    </p>
   </div>
   <div class='ocr_carea' id='block_1_8' title="bbox 2352 2398 3931 3987">
    <p class='ocr_par' dir='ltr' id='par_1_22' title="bbox 2352 2398 3931 3987">
     <span class='ocr_line' id='line_1_74' title="bbox 2362 2398 3931 2477; baseline 0.004 -24"><span class='ocrx_word' id='word_1_522' title='bbox 2362 2400 2502 2469; x_wconf 75' lang='lat' dir='ltr'><strong>gatio</strong></span> <span class='ocrx_word' id='word_1_523' title='bbox 2530 2409 2609 2454; x_wconf 85' lang='lat' dir='ltr'><strong>est</strong></span> <span class='ocrx_word' id='word_1_524' title='bbox 2635 2398 2925 2455; x_wconf 86' lang='lat' dir='ltr'><strong>stadiorum</strong></span> <span class='ocrx_word' id='word_1_525' title='bbox 2952 2404 3038 2466; x_wconf 87' lang='lat'><strong>60,</strong></span> <span class='ocrx_word' id='word_1_526' title='bbox 3080 2409 3214 2455; x_wconf 87' lang='lat' dir='ltr'><strong>teste</strong></span> <span class='ocrx_word' id='word_1_527' title='bbox 3253 2400 3513 2458; x_wconf 80' lang='lat' dir='ltr'><strong>Strabone</strong></span> <span class='ocrx_word' id='word_1_528' title='bbox 3549 2420 3607 2475; x_wconf 89' lang='lat' dir='ltr'><strong>p.</strong></span> <span class='ocrx_word' id='word_1_529' title='bbox 3639 2407 3763 2475; x_wconf 84' lang='lat'><strong>667.</strong></span> <span class='ocrx_word' id='word_1_530' title='bbox 3804 2406 3828 2477; x_wconf 77' lang='lat'><strong>11</strong></span> <span class='ocrx_word' id='word_1_531' title='bbox 3857 2436 3931 2449; x_wconf 90' lang='lat'>—</span> 
     </span>
     <span class='ocr_line' id='line_1_75' title="bbox 2363 2480 3923 2561; baseline 0.003 -25"><span class='ocrx_word' id='word_1_532' title='bbox 2363 2480 2491 2536; x_wconf 76' lang='lat'><strong>852.</strong></span> <span class='ocrx_word' id='word_1_533' title='bbox 2516 2480 2751 2536; x_wconf 78' lang='grc' dir='ltr'>’Ἀσπεδον</span> <span class='ocrx_word' id='word_1_534' title='bbox 2769 2486 2847 2546; x_wconf 84' lang='lat' dir='ltr'><strong>L,</strong></span> <span class='ocrx_word' id='word_1_535' title='bbox 2877 2482 3152 2554; x_wconf 80' lang='grc' dir='ltr'>παραρρόον</span> <span class='ocrx_word' id='word_1_536' title='bbox 3173 2481 3414 2539; x_wconf 80' lang='lat' dir='ltr'><strong>DLNbc.</strong></span> <span class='ocrx_word' id='word_1_537' title='bbox 3444 2482 3597 2555; x_wconf 84' lang='grc' dir='ltr'>παραὶ</span> <span class='ocrx_word' id='word_1_538' title='bbox 3610 2501 3684 2557; x_wconf 86' lang='lat' dir='ltr'><strong>p,</strong></span> <span class='ocrx_word' id='word_1_539' title='bbox 3726 2484 3840 2557; x_wconf 75' lang='grc' dir='ltr'>περὶ</span> <span class='ocrx_word' id='word_1_540' title='bbox 3870 2506 3923 2561; x_wconf 83' lang='lat' dir='ltr'><strong>q.</strong></span> 
     </span>
     <span class='ocr_line' id='line_1_76' title="bbox 2366 2559 3929 2636; baseline 0.003 -21"><span class='ocrx_word' id='word_1_541' title='bbox 2366 2562 2387 2631; x_wconf 88' lang='grc' dir='ltr'><strong>ΙΙ</strong></span> <span class='ocrx_word' id='word_1_542' title='bbox 2437 2592 2511 2602; x_wconf 92' lang='grc'><strong>-</strong></span> <span class='ocrx_word' id='word_1_543' title='bbox 2554 2560 2679 2617; x_wconf 88' lang='grc'>853.</span> <span class='ocrx_word' id='word_1_544' title='bbox 2719 2559 2955 2615; x_wconf 77' lang='grc' dir='ltr'>ίλώονται</span> <span class='ocrx_word' id='word_1_545' title='bbox 2992 2563 3065 2626; x_wconf 90' lang='lat' dir='ltr'><strong>D,</strong></span> <span class='ocrx_word' id='word_1_546' title='bbox 3109 2560 3399 2616; x_wconf 80' lang='grc' dir='ltr'>ἱλάσκονται</span> <span class='ocrx_word' id='word_1_547' title='bbox 3426 2562 3779 2636; x_wconf 76' lang='lat' dir='ltr'><strong>BHMNOeq.</strong></span> <span class='ocrx_word' id='word_1_548' title='bbox 3811 2584 3929 2620; x_wconf 86' lang='grc' dir='ltr'>συο-</span> 
     </span>
     <span class='ocr_line' id='line_1_77' title="bbox 2358 2638 3929 2715; baseline 0.005 -22"><span class='ocrx_word' id='word_1_549' title='bbox 2358 2640 2563 2715; x_wconf 76' lang='grc' dir='ltr'>κτονίῃ]</span> <span class='ocrx_word' id='word_1_550' title='bbox 2624 2664 2648 2688; x_wconf 74' lang='grc' dir='ltr'>ι</span> <span class='ocrx_word' id='word_1_551' title='bbox 2684 2638 2963 2697; x_wconf 71' lang='lat' dir='ltr'><strong>Mirificum</strong></span> <span class='ocrx_word' id='word_1_552' title='bbox 3000 2638 3131 2693; x_wconf 88' lang='lat' dir='ltr'><strong>illud</strong></span> <span class='ocrx_word' id='word_1_553' title='bbox 3175 2640 3492 2696; x_wconf 79' lang='lat' dir='ltr'><strong>sacrificium</strong></span> <span class='ocrx_word' id='word_1_554' title='bbox 3551 2658 3661 2696; x_wconf 90' lang='lat' dir='ltr'><strong>non</strong></span> <span class='ocrx_word' id='word_1_555' title='bbox 3717 2640 3929 2701; x_wconf 77' lang='lat' dir='ltr'><strong>videtur</strong></span> 
     </span>
     <span class='ocr_line' id='line_1_78' title="bbox 2358 2717 3926 2795; baseline 0.003 -23"><span class='ocrx_word' id='word_1_556' title='bbox 2358 2718 2631 2791; x_wconf 79' lang='lat' dir='ltr'><strong>Aspendiis</strong></span> <span class='ocrx_word' id='word_1_557' title='bbox 2680 2718 2811 2773; x_wconf 84' lang='lat' dir='ltr'><strong>alius</strong></span> <span class='ocrx_word' id='word_1_558' title='bbox 2859 2717 3187 2785; x_wconf 82' lang='lat' dir='ltr'><strong>attribuisse3</strong></span> <span class='ocrx_word' id='word_1_559' title='bbox 3245 2718 3340 2773; x_wconf 86' lang='lat' dir='ltr'><strong>sed</strong></span> <span class='ocrx_word' id='word_1_560' title='bbox 3383 2720 3587 2793; x_wconf 86' lang='lat' dir='ltr'><strong>optime</strong></span> <span class='ocrx_word' id='word_1_561' title='bbox 3639 2720 3926 2795; x_wconf 76' lang='lat' dir='ltr'><strong>Dionysius</strong></span> 
     </span>
     <span class='ocr_line' id='line_1_79' title="bbox 2358 2796 3924 2873; baseline 0.003 -22"><span class='ocrx_word' id='word_1_562' title='bbox 2358 2800 2619 2864; x_wconf 83' lang='lat' dir='ltr'><strong>meminit,</strong></span> <span class='ocrx_word' id='word_1_563' title='bbox 2658 2796 2809 2869; x_wconf 82' lang='lat' dir='ltr'><strong>cujus</strong></span> <span class='ocrx_word' id='word_1_564' title='bbox 2849 2797 2996 2869; x_wconf 85' lang='lat' dir='ltr'><strong>quasi</strong></span> <span class='ocrx_word' id='word_1_565' title='bbox 3040 2796 3263 2853; x_wconf 76' lang='lat' dir='ltr'><strong>fortuito</strong></span> <span class='ocrx_word' id='word_1_566' title='bbox 3287 2809 3512 2873; x_wconf 86' lang='lat' dir='ltr'><strong>possunt</strong></span> <span class='ocrx_word' id='word_1_567' title='bbox 3548 2797 3752 2853; x_wconf 87' lang='lat' dir='ltr'><strong>indicio</strong></span> <span class='ocrx_word' id='word_1_568' title='bbox 3794 2802 3924 2855; x_wconf 79' lang='lat' dir='ltr'><strong>civi-</strong></span> 
     </span>
     <span class='ocr_line' id='line_1_80' title="bbox 2357 2877 3922 2949; baseline 0.003 -19"><span class='ocrx_word' id='word_1_569' title='bbox 2357 2877 2477 2930; x_wconf 83' lang='lat' dir='ltr'><strong>tatis</strong></span> <span class='ocrx_word' id='word_1_570' title='bbox 2522 2879 2751 2949; x_wconf 80' lang='lat' dir='ltr'><strong>origines</strong></span> <span class='ocrx_word' id='word_1_571' title='bbox 2804 2878 3001 2948; x_wconf 76' lang='lat' dir='ltr'><strong>Argivae</strong></span> <span class='ocrx_word' id='word_1_572' title='bbox 3048 2878 3354 2931; x_wconf 80' lang='lat' dir='ltr'><strong>restaurari.</strong></span> <span class='ocrx_word' id='word_1_573' title='bbox 3399 2879 3642 2949; x_wconf 86' lang='lat' dir='ltr'><strong>Namque</strong></span> <span class='ocrx_word' id='word_1_574' title='bbox 3684 2896 3922 2934; x_wconf 89' lang='lat' dir='ltr'><strong>commo-</strong></span> 
     </span>
     <span class='ocr_line' id='line_1_81' title="bbox 2359 2954 3922 3028; baseline 0.003 -21"><span class='ocrx_word' id='word_1_575' title='bbox 2359 2954 2489 3009; x_wconf 90' lang='lat' dir='ltr'><strong>dum</strong></span> <span class='ocrx_word' id='word_1_576' title='bbox 2533 2956 2807 3011; x_wconf 63' lang='lat' dir='ltr'><strong>Athenaeus</strong></span> <span class='ocrx_word' id='word_1_577' title='bbox 2836 2956 2891 3021; x_wconf 82' lang='lat'><strong>3,</strong></span> <span class='ocrx_word' id='word_1_578' title='bbox 2915 2973 2969 3028; x_wconf 92' lang='lat' dir='ltr'><strong>p.</strong></span> <span class='ocrx_word' id='word_1_579' title='bbox 2997 2958 3087 3027; x_wconf 80' lang='grc'><strong>96,</strong></span> <span class='ocrx_word' id='word_1_580' title='bbox 3120 2954 3179 3017; x_wconf 80' lang='grc' dir='ltr'><strong>Α,</strong></span> <span class='ocrx_word' id='word_1_581' title='bbox 3210 2956 3353 3009; x_wconf 88' lang='lat' dir='ltr'><strong>inter</strong></span> <span class='ocrx_word' id='word_1_582' title='bbox 3378 2955 3481 3010; x_wconf 87' lang='lat' dir='ltr'><strong>alia</strong></span> <span class='ocrx_word' id='word_1_583' title='bbox 3506 2957 3719 3009; x_wconf 86' lang='lat' dir='ltr'><strong>cruenti</strong></span> <span class='ocrx_word' id='word_1_584' title='bbox 3756 2959 3922 3013; x_wconf 85' lang='lat' dir='ltr'><strong>moris</strong></span> 
     </span>
     <span class='ocr_line' id='line_1_82' title="bbox 2357 3031 3923 3103; baseline 0.003 -16"><span class='ocrx_word' id='word_1_585' title='bbox 2357 3034 2675 3091; x_wconf 86' lang='lat' dir='ltr'><strong>documenta</strong></span> <span class='ocrx_word' id='word_1_586' title='bbox 2696 3033 2997 3090; x_wconf 84' lang='lat' dir='ltr'><strong>Callimachi</strong></span> <span class='ocrx_word' id='word_1_587' title='bbox 3035 3031 3275 3103; x_wconf 88' lang='lat' dir='ltr'><strong>prodidit</strong></span> <span class='ocrx_word' id='word_1_588' title='bbox 3300 3033 3723 3089; x_wconf 82' lang='lat' dir='ltr'><strong>observationem</strong></span> <span class='ocrx_word' id='word_1_589' title='bbox 3744 3034 3923 3091; x_wconf 82' lang='lat' dir='ltr'><strong>erudi·</strong></span> 
     </span>
     <span class='ocr_line' id='line_1_83' title="bbox 2360 3105 3921 3186; baseline 0.003 -19"><span class='ocrx_word' id='word_1_590' title='bbox 2360 3124 2467 3167; x_wconf 84' lang='lat' dir='ltr'><strong>tam</strong></span> <span class='ocrx_word' id='word_1_591' title='bbox 2500 3130 2515 3168; x_wconf 86' lang='lat'>:</span> <span class='ocrx_word' id='word_1_592' title='bbox 2544 3113 2750 3186; x_wconf 75' lang='grc' dir='ltr'>Ἀργεῖοι</span> <span class='ocrx_word' id='word_1_593' title='bbox 2782 3111 3029 3185; x_wconf 79' lang='grc' dir='ltr'>Ἀφροδίτῃ</span> <span class='ocrx_word' id='word_1_594' title='bbox 3057 3105 3113 3163; x_wconf 74' lang='grc' dir='ltr'><strong>ὗν</strong></span> <span class='ocrx_word' id='word_1_595' title='bbox 3137 3111 3325 3178; x_wconf 77' lang='grc' dir='ltr'>θύουσι,</span> <span class='ocrx_word' id='word_1_596' title='bbox 3364 3113 3449 3168; x_wconf 84' lang='grc' dir='ltr'><strong>καὶ</strong></span> <span class='ocrx_word' id='word_1_597' title='bbox 3474 3113 3507 3181; x_wconf 75' lang='grc' dir='ltr'>ἡ</span> <span class='ocrx_word' id='word_1_598' title='bbox 3532 3110 3675 3185; x_wconf 66' lang='grc' dir='ltr'>ἑορτὴ</span> <span class='ocrx_word' id='word_1_599' title='bbox 3694 3114 3921 3172; x_wconf 75' lang='grc' dir='ltr'>καλεῖται</span> 
     </span>
     <span class='ocr_line' id='line_1_84' title="bbox 2356 3188 3920 3266; baseline 0.003 -21"><span class='ocrx_word' id='word_1_600' title='bbox 2356 3192 2582 3264; x_wconf 71' lang='grc' dir='ltr'>ὒστήρια.</span> <span class='ocrx_word' id='word_1_601' title='bbox 2614 3220 2637 3242; x_wconf 74' lang='grc' dir='ltr'>ι</span> <span class='ocrx_word' id='word_1_602' title='bbox 2666 3195 2793 3248; x_wconf 73' lang='lat' dir='ltr'><strong>Haec</strong></span> <span class='ocrx_word' id='word_1_603' title='bbox 2824 3188 3213 3262; x_wconf 78' lang='lat' dir='ltr'><strong>Bernhardyus,</strong></span> <span class='ocrx_word' id='word_1_604' title='bbox 3257 3196 3349 3265; x_wconf 88' lang='lat' dir='ltr'><strong>qui</strong></span> <span class='ocrx_word' id='word_1_605' title='bbox 3388 3204 3642 3266; x_wconf 63' lang='lat' dir='ltr'><strong>praterea</strong></span> <span class='ocrx_word' id='word_1_606' title='bbox 3680 3194 3920 3251; x_wconf 87' lang='lat' dir='ltr'><strong>meminit</strong></span> 
     </span>
     <span class='ocr_line' id='line_1_85' title="bbox 2356 3270 3921 3347; baseline -0.001 -22"><span class='ocrx_word' id='word_1_607' title='bbox 2356 3272 2627 3327; x_wconf 83' lang='lat' dir='ltr'><strong>Strabonis</strong></span> <span class='ocrx_word' id='word_1_608' title='bbox 2646 3290 2703 3345; x_wconf 92' lang='lat' dir='ltr'><strong>p.</strong></span> <span class='ocrx_word' id='word_1_609' title='bbox 2718 3274 2820 3338; x_wconf 90' lang='grc'><strong>438</strong></span> <span class='ocrx_word' id='word_1_610' title='bbox 2842 3273 2990 3344; x_wconf 84' lang='grc'>(376,</span> <span class='ocrx_word' id='word_1_611' title='bbox 3012 3271 3073 3332; x_wconf 71' lang='lat' dir='ltr'><strong>tl·</strong></span> <span class='ocrx_word' id='word_1_612' title='bbox 3102 3270 3277 3343; x_wconf 85' lang='lat' dir='ltr'><strong>Did.),</strong></span> <span class='ocrx_word' id='word_1_613' title='bbox 3305 3272 3399 3326; x_wconf 89' lang='lat' dir='ltr'><strong>ubi</strong></span> <span class='ocrx_word' id='word_1_614' title='bbox 3418 3272 3569 3328; x_wconf 79' lang='lat' dir='ltr'><strong>haec:</strong></span> <span class='ocrx_word' id='word_1_615' title='bbox 3594 3270 3921 3347; x_wconf 78' lang='grc' dir='ltr'>Καλλίμαχος</span> 
     </span>
     <span class='ocr_line' id='line_1_86' title="bbox 2360 3346 3917 3427; baseline 0.001 -23"><span class='ocrx_word' id='word_1_616' title='bbox 2360 3350 2445 3424; x_wconf 82' lang='grc' dir='ltr'><strong>μὲν</strong></span> <span class='ocrx_word' id='word_1_617' title='bbox 2474 3346 2563 3405; x_wconf 68' lang='grc' dir='ltr'><strong>οὖν</strong></span> <span class='ocrx_word' id='word_1_618' title='bbox 2589 3370 2735 3425; x_wconf 80' lang='grc' dir='ltr'>φησιν</span> <span class='ocrx_word' id='word_1_619' title='bbox 2759 3351 2811 3407; x_wconf 74' lang='grc' dir='ltr'><strong>ἓν</strong></span> <span class='ocrx_word' id='word_1_620' title='bbox 2836 3355 2942 3417; x_wconf 73' lang='grc' dir='ltr'>τοῖς</span> <span class='ocrx_word' id='word_1_621' title='bbox 2961 3351 3152 3426; x_wconf 73' lang='grc' dir='ltr'>ίάμὸοις</span> <span class='ocrx_word' id='word_1_622' title='bbox 3173 3350 3259 3414; x_wconf 71' lang='grc' dir='ltr'><strong>τὰς</strong></span> <span class='ocrx_word' id='word_1_623' title='bbox 3294 3349 3570 3424; x_wconf 69' lang='grc' dir='ltr'>Ἀφροδίτας</span> <span class='ocrx_word' id='word_1_624' title='bbox 3594 3348 3662 3419; x_wconf 71' lang='grc' dir='ltr'><strong>(ἡ</strong></span> <span class='ocrx_word' id='word_1_625' title='bbox 3689 3351 3799 3417; x_wconf 73' lang='grc' dir='ltr'>θεὸς</span> <span class='ocrx_word' id='word_1_626' title='bbox 3817 3352 3917 3427; x_wconf 75' lang='grc' dir='ltr'><strong>γὰρ</strong></span> 
     </span>
     <span class='ocr_line' id='line_1_87' title="bbox 2356 3429 3912 3504; baseline 0.002 -20"><span class='ocrx_word' id='word_1_627' title='bbox 2356 3429 2415 3484; x_wconf 79' lang='grc' dir='ltr'>οὗ</span> <span class='ocrx_word' id='word_1_628' title='bbox 2438 3430 2559 3503; x_wconf 90' lang='grc' dir='ltr'>μία)</span> <span class='ocrx_word' id='word_1_629' title='bbox 2579 3429 2671 3498; x_wconf 76' lang='grc' dir='ltr'><strong>τήν</strong></span> <span class='ocrx_word' id='word_1_630' title='bbox 2684 3431 2975 3501; x_wconf 77' lang='grc' dir='ltr'>Καστνιῆτιν</span> <span class='ocrx_word' id='word_1_631' title='bbox 2999 3430 3392 3504; x_wconf 72' lang='grc' dir='ltr'>ὓπερὸάλλεσθαι</span> <span class='ocrx_word' id='word_1_632' title='bbox 3410 3430 3571 3493; x_wconf 76' lang='grc' dir='ltr'>πάσας</span> <span class='ocrx_word' id='word_1_633' title='bbox 3590 3434 3663 3503; x_wconf 76' lang='grc' dir='ltr'><strong>τῷ</strong></span> <span class='ocrx_word' id='word_1_634' title='bbox 3692 3434 3912 3503; x_wconf 75' lang='grc' dir='ltr'>φρονεῖν,</span> 
     </span>
     <span class='ocr_line' id='line_1_88' title="bbox 2356 3507 3915 3585; baseline 0.002 -20"><span class='ocrx_word' id='word_1_635' title='bbox 2356 3512 2434 3565; x_wconf 78' lang='grc' dir='ltr'><strong>ὅτι</strong></span> <span class='ocrx_word' id='word_1_636' title='bbox 2460 3510 2590 3580; x_wconf 76' lang='grc' dir='ltr'>μόνη</span> <span class='ocrx_word' id='word_1_637' title='bbox 2612 3511 2938 3585; x_wconf 75' lang='grc' dir='ltr'>παραδέχεται</span> <span class='ocrx_word' id='word_1_638' title='bbox 2950 3508 3040 3578; x_wconf 82' lang='grc' dir='ltr'><strong>τὴν</strong></span> <span class='ocrx_word' id='word_1_639' title='bbox 3058 3516 3157 3566; x_wconf 76' lang='grc' dir='ltr'><strong>τῶν</strong></span> <span class='ocrx_word' id='word_1_640' title='bbox 3188 3507 3288 3563; x_wconf 64' lang='lat' dir='ltr'><strong>{iffi-o</strong></span> <span class='ocrx_word' id='word_1_641' title='bbox 3320 3508 3557 3566; x_wconf 84' lang='grc' dir='ltr'>θυσίαν...</span> <span class='ocrx_word' id='word_1_642' title='bbox 3578 3508 3629 3563; x_wconf 85' lang='grc' dir='ltr'><strong>οί</strong></span> <span class='ocrx_word' id='word_1_643' title='bbox 3649 3509 3696 3563; x_wconf 84' lang='grc' dir='ltr'><strong>δ’</strong></span> <span class='ocrx_word' id='word_1_644' title='bbox 3713 3510 3915 3585; x_wconf 66' lang='grc' dir='ltr'>ὕστερον</span> 
     </span>
     <span class='ocr_line' id='line_1_89' title="bbox 2356 3586 3916 3665; baseline 0.003 -22"><span class='ocrx_word' id='word_1_645' title='bbox 2356 3590 2569 3661; x_wconf 75' lang='grc' dir='ltr'>ἤλεγξαν</span> <span class='ocrx_word' id='word_1_646' title='bbox 2592 3589 2649 3644; x_wconf 75' lang='grc' dir='ltr'>οὗ</span> <span class='ocrx_word' id='word_1_647' title='bbox 2672 3590 2787 3664; x_wconf 84' lang='grc' dir='ltr'>μίαν</span> <span class='ocrx_word' id='word_1_648' title='bbox 2821 3588 3099 3665; x_wconf 71' lang='grc' dir='ltr'>Ἀφροδίτην</span> <span class='ocrx_word' id='word_1_649' title='bbox 3120 3588 3294 3663; x_wconf 78' lang='grc' dir='ltr'>μόνον,</span> <span class='ocrx_word' id='word_1_650' title='bbox 3317 3586 3451 3641; x_wconf 74' lang='grc' dir='ltr'>ἀλλὰ</span> <span class='ocrx_word' id='word_1_651' title='bbox 3467 3587 3553 3643; x_wconf 82' lang='grc' dir='ltr'><strong>καὶ</strong></span> <span class='ocrx_word' id='word_1_652' title='bbox 3568 3587 3764 3654; x_wconf 80' lang='grc' dir='ltr'>πλείους</span> <span class='ocrx_word' id='word_1_653' title='bbox 3790 3588 3916 3647; x_wconf 72' lang='grc' dir='ltr'>ἀπο·</span> 
     </span>
     <span class='ocr_line' id='line_1_90' title="bbox 2354 3665 3913 3745; baseline 0.001 -20"><span class='ocrx_word' id='word_1_654' title='bbox 2354 3665 2647 3745; x_wconf 63' lang='grc' dir='ltr'>δεδεγμένας</span> <span class='ocrx_word' id='word_1_655' title='bbox 2667 3671 2727 3727; x_wconf 73' lang='grc' dir='ltr'><strong>τὸ</strong></span> <span class='ocrx_word' id='word_1_656' title='bbox 2754 3670 2863 3735; x_wconf 69' lang='grc' dir='ltr'>ἔθος</span> <span class='ocrx_word' id='word_1_657' title='bbox 2882 3674 3042 3728; x_wconf 73' lang='grc' dir='ltr'>τοῦτο·</span> <span class='ocrx_word' id='word_1_658' title='bbox 3070 3667 3144 3727; x_wconf 73' lang='grc' dir='ltr'><strong>ὧν</strong></span> <span class='ocrx_word' id='word_1_659' title='bbox 3172 3668 3305 3726; x_wconf 79' lang='grc' dir='ltr'>εἶναι</span> <span class='ocrx_word' id='word_1_660' title='bbox 3325 3669 3411 3725; x_wconf 87' lang='grc' dir='ltr'><strong>καὶ</strong></span> <span class='ocrx_word' id='word_1_661' title='bbox 3436 3668 3526 3738; x_wconf 76' lang='grc' dir='ltr'><strong>τὴν</strong></span> <span class='ocrx_word' id='word_1_662' title='bbox 3546 3667 3599 3724; x_wconf 69' lang='grc' dir='ltr'><strong>ἐν</strong></span> <span class='ocrx_word' id='word_1_663' title='bbox 3630 3673 3695 3744; x_wconf 74' lang='grc' dir='ltr'><strong>τῇ</strong></span> <span class='ocrx_word' id='word_1_664' title='bbox 3712 3670 3913 3745; x_wconf 77' lang='grc' dir='ltr'>Μητρο-</span> 
     </span>
     <span class='ocr_line' id='line_1_91' title="bbox 2354 3750 3915 3827; baseline -0.002 -18"><span class='ocrx_word' id='word_1_665' title='bbox 2354 3751 2498 3809; x_wconf 73' lang='grc' dir='ltr'>πόλει</span> <span class='ocrx_word' id='word_1_666' title='bbox 2521 3751 2829 3826; x_wconf 65' lang='lat' dir='ltr'><strong>(Thessalia</strong></span> <span class='ocrx_word' id='word_1_667' title='bbox 2840 3757 2883 3823; x_wconf 89' lang='lat'><strong>)·</strong></span> <span class='ocrx_word' id='word_1_668' title='bbox 2917 3752 3067 3827; x_wconf 74' lang='grc' dir='ltr'><strong>ταῦτῃ</strong></span> <span class='ocrx_word' id='word_1_669' title='bbox 3084 3750 3139 3807; x_wconf 69' lang='lat' dir='ltr'><strong>Bi</strong></span> <span class='ocrx_word' id='word_1_670' title='bbox 3162 3750 3281 3825; x_wconf 89' lang='grc' dir='ltr'>μίαν</span> <span class='ocrx_word' id='word_1_671' title='bbox 3298 3756 3398 3806; x_wconf 76' lang='grc' dir='ltr'><strong>τῶν</strong></span> <span class='ocrx_word' id='word_1_672' title='bbox 3426 3752 3816 3806; x_wconf 78' lang='grc' dir='ltr'>συνοικισθεισῶν</span> <span class='ocrx_word' id='word_1_673' title='bbox 3844 3752 3915 3817; x_wconf 77' lang='grc' dir='ltr'><strong>εἰς</strong></span> 
     </span>
     <span class='ocr_line' id='line_1_92' title="bbox 2353 3828 3907 3905; baseline 0.001 -19"><span class='ocrx_word' id='word_1_674' title='bbox 2353 3829 2505 3899; x_wconf 74' lang='grc' dir='ltr'>αὐτὴν</span> <span class='ocrx_word' id='word_1_675' title='bbox 2530 3831 2727 3887; x_wconf 75' lang='grc' dir='ltr'>πόλεων</span> <span class='ocrx_word' id='word_1_676' title='bbox 2767 3832 3063 3905; x_wconf 75' lang='grc' dir='ltr'>παραδοῦναι</span> <span class='ocrx_word' id='word_1_677' title='bbox 3102 3829 3162 3885; x_wconf 75' lang='grc' dir='ltr'><strong>το</strong></span> <span class='ocrx_word' id='word_1_678' title='bbox 3190 3828 3315 3895; x_wconf 75' lang='grc' dir='ltr'>ἔθος,</span> <span class='ocrx_word' id='word_1_679' title='bbox 3369 3828 3650 3901; x_wconf 68' lang='grc' dir='ltr'>Ὀνθῦριον.</span> <span class='ocrx_word' id='word_1_680' title='bbox 3679 3833 3813 3900; x_wconf 72' lang='lat' dir='ltr'><strong>Quae</strong></span> <span class='ocrx_word' id='word_1_681' title='bbox 3840 3850 3907 3888; x_wconf 80' lang='lat' dir='ltr'><strong>ex</strong></span> 
     </span>
     <span class='ocr_line' id='line_1_93' title="bbox 2352 3909 3906 3987; baseline 0 -19"><span class='ocrx_word' id='word_1_682' title='bbox 2352 3911 2609 3968; x_wconf 71' lang='lat' dir='ltr'><strong>Athenaeo</strong></span> <span class='ocrx_word' id='word_1_683' title='bbox 2628 3910 2792 3968; x_wconf 87' lang='lat' dir='ltr'><strong>modo</strong></span> <span class='ocrx_word' id='word_1_684' title='bbox 2819 3911 3054 3987; x_wconf 87' lang='lat' dir='ltr'><strong>apposita</strong></span> <span class='ocrx_word' id='word_1_685' title='bbox 3077 3919 3222 3978; x_wconf 81' lang='lat' dir='ltr'><strong>sunt,</strong></span> <span class='ocrx_word' id='word_1_686' title='bbox 3250 3909 3670 3965; x_wconf 86' lang='lat' dir='ltr'><strong>introducuntur</strong></span> <span class='ocrx_word' id='word_1_687' title='bbox 3693 3910 3865 3967; x_wconf 82' lang='lat' dir='ltr'><strong>verbis</strong></span> <span class='ocrx_word' id='word_1_688' title='bbox 3888 3928 3906 3968; x_wconf 77' lang='lat' dir='ltr'><strong>t</strong></span> 
     </span>
    </p>
   </div>
   <div class='ocr_carea' id='block_1_9' title="bbox 2352 3988 3909 4066">
    <p class='ocr_par' dir='ltr' id='par_1_23' title="bbox 2352 3988 3909 4066">
     <span class='ocr_line' id='line_1_94' title="bbox 2352 3988 3909 4066; baseline -0.001 -19"><span class='ocrx_word' id='word_1_689' title='bbox 2352 3995 2593 4066; x_wconf 78' lang='grc' dir='ltr'>μαρτυρεῖ</span> <span class='ocrx_word' id='word_1_690' title='bbox 2610 3992 2931 4065; x_wconf 77' lang='grc' dir='ltr'>Καλλίμαχος</span> <span class='ocrx_word' id='word_1_691' title='bbox 2953 3990 2985 4059; x_wconf 71' lang='grc' dir='ltr'><strong>ἢ</strong></span> <span class='ocrx_word' id='word_1_692' title='bbox 3009 3989 3272 4054; x_wconf 78' lang='grc' dir='ltr'>Ζενόδοτος</span> <span class='ocrx_word' id='word_1_693' title='bbox 3306 3988 3359 4044; x_wconf 70' lang='grc' dir='ltr'><strong>ἕν</strong></span> <span class='ocrx_word' id='word_1_694' title='bbox 3394 3988 3661 4061; x_wconf 73' lang='grc' dir='ltr'>ἱστορικοῖς</span> <span class='ocrx_word' id='word_1_695' title='bbox 3694 3988 3909 4064; x_wconf 71' lang='grc' dir='ltr'>ὑπομνή-</span> 
     </span>
    </p>
   </div>
   <div class='ocr_carea' id='block_1_10' title="bbox 2352 4067 4023 4145">
    <p class='ocr_par' dir='ltr' id='par_1_24' title="bbox 2352 4067 4023 4145">
     <span class='ocr_line' id='line_1_95' title="bbox 2352 4067 4023 4145; baseline -0.001 -21"><span class='ocrx_word' id='word_1_696' title='bbox 2352 4090 2491 4145; x_wconf 82' lang='grc' dir='ltr'>μασι,</span> <span class='ocrx_word' id='word_1_697' title='bbox 2506 4069 2599 4126; x_wconf 81' lang='lat' dir='ltr'><strong>sed</strong></span> <span class='ocrx_word' id='word_1_698' title='bbox 2619 4090 2684 4126; x_wconf 83' lang='lat' dir='ltr'><strong>ex</strong></span> <span class='ocrx_word' id='word_1_699' title='bbox 2691 4070 2963 4127; x_wconf 87' lang='lat' dir='ltr'><strong>Zenodoto</strong></span> <span class='ocrx_word' id='word_1_700' title='bbox 2979 4070 3325 4143; x_wconf 89' lang='lat' dir='ltr'><strong>potiusquam</strong></span> <span class='ocrx_word' id='word_1_701' title='bbox 3346 4086 3379 4123; x_wconf 85' lang='lat' dir='ltr'><strong>e</strong></span> <span class='ocrx_word' id='word_1_702' title='bbox 3398 4067 3719 4123; x_wconf 84' lang='lat' dir='ltr'><strong>Callimacho</strong></span> <span class='ocrx_word' id='word_1_703' title='bbox 3735 4082 3909 4127; x_wconf 84' lang='lat' dir='ltr'><strong>sumta</strong></span> <span class='ocrx_word' id='word_1_704' title='bbox 4018 4119 4023 4123; x_wconf 84' lang='lat'><strong>.</strong></span> 
     </span>
    </p>
   </div>
   <div class='ocr_carea' id='block_1_11' title="bbox 2326 4147 3907 5257">
    <p class='ocr_par' dir='ltr' id='par_1_25' title="bbox 2326 4147 3907 5257">
     <span class='ocr_line' id='line_1_96' title="bbox 2348 4147 3907 4224; baseline -0.001 -15"><span class='ocrx_word' id='word_1_705' title='bbox 2348 4172 2459 4209; x_wconf 86' lang='lat' dir='ltr'><strong>esse</strong></span> <span class='ocrx_word' id='word_1_706' title='bbox 2484 4152 2750 4219; x_wconf 78' lang='lat' dir='ltr'><strong>videntur,</strong></span> <span class='ocrx_word' id='word_1_707' title='bbox 2781 4152 2883 4206; x_wconf 89' lang='lat' dir='ltr'><strong>nisi</strong></span> <span class='ocrx_word' id='word_1_708' title='bbox 2905 4151 3121 4207; x_wconf 77' lang='lat' dir='ltr'><strong>sortasse</strong></span> <span class='ocrx_word' id='word_1_709' title='bbox 3142 4161 3295 4224; x_wconf 73' lang='lat' dir='ltr'><strong>putes</strong></span> <span class='ocrx_word' id='word_1_710' title='bbox 3316 4147 3695 4204; x_wconf 85' lang='lat' dir='ltr'><strong>Callimachum</strong></span> <span class='ocrx_word' id='word_1_711' title='bbox 3721 4147 3819 4205; x_wconf 85' lang='lat' dir='ltr'><strong>alia</strong></span> <span class='ocrx_word' id='word_1_712' title='bbox 3846 4152 3907 4207; x_wconf 84' lang='lat' dir='ltr'><strong>in</strong></span> 
     </span>
     <span class='ocr_line' id='line_1_97' title="bbox 2346 4227 3902 4302; baseline -0.001 -14"><span class='ocrx_word' id='word_1_713' title='bbox 2346 4234 2541 4289; x_wconf 81' lang='lat' dir='ltr'><strong>lambis</strong></span> <span class='ocrx_word' id='word_1_714' title='bbox 2556 4278 2571 4299; x_wconf 90' lang='lat'><strong>,</strong></span> <span class='ocrx_word' id='word_1_715' title='bbox 2598 4232 2699 4289; x_wconf 86' lang='lat' dir='ltr'><strong>alia</strong></span> <span class='ocrx_word' id='word_1_716' title='bbox 2732 4233 2789 4287; x_wconf 86' lang='lat' dir='ltr'><strong>in</strong></span> <span class='ocrx_word' id='word_1_717' title='bbox 2833 4231 3235 4286; x_wconf 77' lang='lat' dir='ltr'><strong>Commentariis</strong></span> <span class='ocrx_word' id='word_1_718' title='bbox 3274 4228 3553 4284; x_wconf 83' lang='lat' dir='ltr'><strong>historicis.</strong></span> <span class='ocrx_word' id='word_1_719' title='bbox 3584 4227 3902 4302; x_wconf 79' lang='lat' dir='ltr'><strong>prodidisse.</strong></span> 
     </span>
     <span class='ocr_line' id='line_1_98' title="bbox 2345 4306 3905 4386; baseline -0.002 -18"><span class='ocrx_word' id='word_1_720' title='bbox 2345 4313 2690 4386; x_wconf 82' lang='lat' dir='ltr'><strong>Onthyrium,</strong></span> <span class='ocrx_word' id='word_1_721' title='bbox 2706 4311 2854 4385; x_wconf 91' lang='lat' dir='ltr'><strong>quod</strong></span> <span class='ocrx_word' id='word_1_722' title='bbox 2866 4310 3157 4366; x_wconf 72' lang='lat' dir='ltr'><strong>Meineltius</strong></span> <span class='ocrx_word' id='word_1_723' title='bbox 3174 4310 3232 4363; x_wconf 87' lang='lat' dir='ltr'><strong>in</strong></span> <span class='ocrx_word' id='word_1_724' title='bbox 3247 4306 3512 4363; x_wconf 77' lang='lat' dir='ltr'><strong>vindiciis</strong></span> <span class='ocrx_word' id='word_1_725' title='bbox 3528 4308 3703 4363; x_wconf 76' lang='lat' dir='ltr'><strong>strab.</strong></span> <span class='ocrx_word' id='word_1_726' title='bbox 3720 4326 3777 4381; x_wconf 88' lang='lat' dir='ltr'><strong>p.</strong></span> <span class='ocrx_word' id='word_1_727' title='bbox 3803 4312 3905 4365; x_wconf 83' lang='lat'><strong>156</strong></span> 
     </span>
     <span class='ocr_line' id='line_1_99' title="bbox 2342 4385 3903 4467; baseline -0.001 -20"><span class='ocrx_word' id='word_1_728' title='bbox 2342 4412 2442 4467; x_wconf 78' lang='lat' dir='ltr'><strong>pro</strong></span> <span class='ocrx_word' id='word_1_729' title='bbox 2472 4392 2726 4467; x_wconf 78' lang='grc' dir='ltr'>Ὀνοῦριον</span> <span class='ocrx_word' id='word_1_730' title='bbox 2756 4391 2916 4448; x_wconf 88' lang='lat' dir='ltr'><strong>codd.</strong></span> <span class='ocrx_word' id='word_1_731' title='bbox 2944 4389 3306 4465; x_wconf 76' lang='lat' dir='ltr'><strong>reponendum</strong></span> <span class='ocrx_word' id='word_1_732' title='bbox 3331 4406 3444 4443; x_wconf 62' lang='lat' dir='ltr'><strong>asse</strong></span> <span class='ocrx_word' id='word_1_733' title='bbox 3467 4385 3619 4452; x_wconf 77' lang='lat' dir='ltr'><strong>vidit,</strong></span> <span class='ocrx_word' id='word_1_734' title='bbox 3644 4386 3903 4461; x_wconf 87' lang='lat' dir='ltr'><strong>oppidum</strong></span> 
     </span>
     <span class='ocr_line' id='line_1_100' title="bbox 2340 4469 3899 4546; baseline -0.001 -20"><span class='ocrx_word' id='word_1_735' title='bbox 2340 4472 2699 4527; x_wconf 82' lang='lat' dir='ltr'><strong>Thessalicum</strong></span> <span class='ocrx_word' id='word_1_736' title='bbox 2719 4482 2831 4527; x_wconf 86' lang='lat' dir='ltr'><strong>erat</strong></span> <span class='ocrx_word' id='word_1_737' title='bbox 2844 4472 2953 4546; x_wconf 82' lang='grc' dir='ltr'>περὶ</span> <span class='ocrx_word' id='word_1_738' title='bbox 2977 4469 3068 4539; x_wconf 73' lang='grc' dir='ltr'><strong>τὴν</strong></span> <span class='ocrx_word' id='word_1_739' title='bbox 3097 4470 3273 4543; x_wconf 77' lang='grc' dir='ltr'>Ἄρνην</span> <span class='ocrx_word' id='word_1_740' title='bbox 3300 4469 3519 4543; x_wconf 81' lang='lat' dir='ltr'><strong>(steph.</strong></span> <span class='ocrx_word' id='word_1_741' title='bbox 3540 4470 3669 4540; x_wconf 79' lang='lat' dir='ltr'><strong>Byz.</strong></span> <span class='ocrx_word' id='word_1_742' title='bbox 3691 4469 3736 4543; x_wconf 92' lang='lat'><strong>).</strong></span> <span class='ocrx_word' id='word_1_743' title='bbox 3766 4472 3899 4525; x_wconf 89' lang='lat' dir='ltr'><strong>For-</strong></span> 
     </span>
     <span class='ocr_line' id='line_1_101' title="bbox 2340 4546 3902 4625; baseline 0 -19"><span class='ocrx_word' id='word_1_744' title='bbox 2340 4554 2489 4607; x_wconf 81' lang='lat' dir='ltr'><strong>tassis</strong></span> <span class='ocrx_word' id='word_1_745' title='bbox 2516 4554 2679 4625; x_wconf 80' lang='lat' dir='ltr'><strong>igitur</strong></span> <span class='ocrx_word' id='word_1_746' title='bbox 2701 4570 2801 4625; x_wconf 90' lang='lat' dir='ltr'><strong>pro</strong></span> <span class='ocrx_word' id='word_1_747' title='bbox 2828 4550 3035 4625; x_wconf 78' lang='grc' dir='ltr'>Ἆργεῗοι</span> <span class='ocrx_word' id='word_1_748' title='bbox 3055 4550 3337 4623; x_wconf 78' lang='lat' dir='ltr'><strong>legendum</strong></span> <span class='ocrx_word' id='word_1_749' title='bbox 3360 4559 3440 4604; x_wconf 86' lang='lat' dir='ltr'><strong>est</strong></span> <span class='ocrx_word' id='word_1_750' title='bbox 3481 4546 3713 4621; x_wconf 80' lang='grc' dir='ltr'>Ἆρναῗοι.</span> <span class='ocrx_word' id='word_1_751' title='bbox 3734 4549 3902 4620; x_wconf 85' lang='lat' dir='ltr'><strong>Quod</strong></span> 
     </span>
     <span class='ocr_line' id='line_1_102' title="bbox 2340 4626 3901 4700; baseline -0.001 -14"><span class='ocrx_word' id='word_1_752' title='bbox 2340 4634 2627 4687; x_wconf 82' lang='lat' dir='ltr'><strong>Castnietin</strong></span> <span class='ocrx_word' id='word_1_753' title='bbox 2648 4634 2913 4689; x_wconf 80' lang='lat' dir='ltr'><strong>Venerem</strong></span> <span class='ocrx_word' id='word_1_754' title='bbox 2958 4632 3162 4697; x_wconf 82' lang='lat' dir='ltr'><strong>attinet,</strong></span> <span class='ocrx_word' id='word_1_755' title='bbox 3202 4630 3343 4687; x_wconf 90' lang='lat' dir='ltr'><strong>hanc</strong></span> <span class='ocrx_word' id='word_1_756' title='bbox 3371 4627 3531 4700; x_wconf 77' lang='lat' dir='ltr'><strong>vulgo</strong></span> <span class='ocrx_word' id='word_1_757' title='bbox 3556 4626 3795 4683; x_wconf 75' lang='lat' dir='ltr'><strong>referunt</strong></span> <span class='ocrx_word' id='word_1_758' title='bbox 3829 4629 3901 4685; x_wconf 84' lang='lat' dir='ltr'><strong>ad</strong></span> 
     </span>
     <span class='ocr_line' id='line_1_103' title="bbox 2340 4706 3899 4782; baseline -0.003 -16"><span class='ocrx_word' id='word_1_759' title='bbox 2340 4712 2661 4766; x_wconf 80' lang='lat' dir='ltr'><strong>Castanaeam</strong></span> <span class='ocrx_word' id='word_1_760' title='bbox 2702 4714 2979 4782; x_wconf 63' lang='lat' dir='ltr'><strong>Magnesia</strong></span> <span class='ocrx_word' id='word_1_761' title='bbox 3018 4708 3279 4782; x_wconf 90' lang='lat' dir='ltr'><strong>oppidum</strong></span> <span class='ocrx_word' id='word_1_762' title='bbox 3320 4709 3464 4763; x_wconf 86' lang='lat' dir='ltr'><strong>Pelio</strong></span> <span class='ocrx_word' id='word_1_763' title='bbox 3504 4706 3677 4761; x_wconf 86' lang='lat' dir='ltr'><strong>monti</strong></span> <span class='ocrx_word' id='word_1_764' title='bbox 3719 4706 3899 4778; x_wconf 86' lang='lat' dir='ltr'><strong>subje-</strong></span> 
     </span>
     <span class='ocr_line' id='line_1_104' title="bbox 2339 4784 3897 4862; baseline -0.003 -17"><span class='ocrx_word' id='word_1_765' title='bbox 2339 4801 2509 4845; x_wconf 86' lang='lat' dir='ltr'><strong>ctum.</strong></span> <span class='ocrx_word' id='word_1_766' title='bbox 2539 4792 2653 4862; x_wconf 78' lang='lat' dir='ltr'><strong>Ego</strong></span> <span class='ocrx_word' id='word_1_767' title='bbox 2678 4793 2853 4846; x_wconf 81' lang='lat' dir='ltr'><strong>nescio</strong></span> <span class='ocrx_word' id='word_1_768' title='bbox 2876 4809 2944 4845; x_wconf 88' lang='lat' dir='ltr'><strong>an</strong></span> <span class='ocrx_word' id='word_1_769' title='bbox 2969 4792 3039 4844; x_wconf 83' lang='lat' dir='ltr'><strong>sit</strong></span> <span class='ocrx_word' id='word_1_770' title='bbox 3064 4807 3127 4843; x_wconf 86' lang='lat' dir='ltr'><strong>ea</strong></span> <span class='ocrx_word' id='word_1_771' title='bbox 3154 4790 3266 4861; x_wconf 84' lang='lat' dir='ltr'><strong>ipsa</strong></span> <span class='ocrx_word' id='word_1_772' title='bbox 3291 4805 3452 4860; x_wconf 84' lang='lat' dir='ltr'><strong>quam</strong></span> <span class='ocrx_word' id='word_1_773' title='bbox 3490 4784 3561 4841; x_wconf 89' lang='lat' dir='ltr'><strong>ad</strong></span> <span class='ocrx_word' id='word_1_774' title='bbox 3596 4784 3897 4857; x_wconf 76' lang='lat' dir='ltr'><strong>Aspendum</strong></span> 
     </span>
     <span class='ocr_line' id='line_1_105' title="bbox 2338 4862 3897 4941; baseline -0.003 -16"><span class='ocrx_word' id='word_1_775' title='bbox 2338 4870 2570 4941; x_wconf 82' lang='lat' dir='ltr'><strong>porcinis</strong></span> <span class='ocrx_word' id='word_1_776' title='bbox 2595 4870 2755 4925; x_wconf 81' lang='lat' dir='ltr'><strong>sacris</strong></span> <span class='ocrx_word' id='word_1_777' title='bbox 2773 4870 2874 4925; x_wconf 90' lang='lat' dir='ltr'><strong>coli</strong></span> <span class='ocrx_word' id='word_1_778' title='bbox 2894 4870 3177 4941; x_wconf 83' lang='lat' dir='ltr'><strong>Dionysius</strong></span> <span class='ocrx_word' id='word_1_779' title='bbox 3200 4865 3379 4931; x_wconf 78' lang='lat' dir='ltr'><strong>refert,</strong></span> <span class='ocrx_word' id='word_1_780' title='bbox 3406 4882 3565 4937; x_wconf 90' lang='lat' dir='ltr'><strong>quem</strong></span> <span class='ocrx_word' id='word_1_781' title='bbox 3591 4862 3897 4921; x_wconf 84' lang='lat' dir='ltr'><strong>Callimachi</strong></span> 
     </span>
     <span class='ocr_line' id='line_1_106' title="bbox 2336 4943 3892 5024; baseline -0.003 -20"><span class='ocrx_word' id='word_1_782' title='bbox 2336 4950 2531 5005; x_wconf 84' lang='lat' dir='ltr'><strong>scrinia</strong></span> <span class='ocrx_word' id='word_1_783' title='bbox 2560 4950 2810 5024; x_wconf 82' lang='lat' dir='ltr'><strong>expilasse</strong></span> <span class='ocrx_word' id='word_1_784' title='bbox 2830 4952 3015 5023; x_wconf 79' lang='lat' dir='ltr'><strong>saepius</strong></span> <span class='ocrx_word' id='word_1_785' title='bbox 3046 4947 3158 5020; x_wconf 80' lang='lat' dir='ltr'><strong>jam</strong></span> <span class='ocrx_word' id='word_1_786' title='bbox 3186 4946 3433 5001; x_wconf 81' lang='lat' dir='ltr'><strong>vidimus.</strong></span> <span class='ocrx_word' id='word_1_787' title='bbox 3469 4943 3633 5015; x_wconf 89' lang='lat' dir='ltr'><strong>Quod</strong></span> <span class='ocrx_word' id='word_1_788' title='bbox 3666 4955 3726 4998; x_wconf 89' lang='lat' dir='ltr'><strong>ut</strong></span> <span class='ocrx_word' id='word_1_789' title='bbox 3760 4963 3892 4999; x_wconf 86' lang='lat' dir='ltr'><strong>con·-</strong></span> 
     </span>
     <span class='ocr_line' id='line_1_107' title="bbox 2326 5022 3889 5102; baseline -0.003 -20"><span class='ocrx_word' id='word_1_790' title='bbox 2326 5029 2532 5101; x_wconf 84' lang='lat' dir='ltr'><strong>jiciam,</strong></span> <span class='ocrx_word' id='word_1_791' title='bbox 2566 5028 2962 5102; x_wconf 77' lang='lat' dir='ltr'><strong>facit-Stephani</strong></span> <span class='ocrx_word' id='word_1_792' title='bbox 2994 5029 3118 5099; x_wconf 83' lang='lat' dir='ltr'><strong>Byz.</strong></span> <span class='ocrx_word' id='word_1_793' title='bbox 3150 5026 3297 5081; x_wconf 89' lang='lat' dir='ltr'><strong>locus</strong></span> <span class='ocrx_word' id='word_1_794' title='bbox 3348 5044 3362 5081; x_wconf 91' lang='lat'>:</span> <span class='ocrx_word' id='word_1_795' title='bbox 3394 5024 3656 5088; x_wconf 78' lang='grc' dir='ltr'>Κάστνιον,</span> <span class='ocrx_word' id='word_1_796' title='bbox 3688 5024 3798 5095; x_wconf 78' lang='grc' dir='ltr'>ὄρος</span> <span class='ocrx_word' id='word_1_797' title='bbox 3836 5022 3889 5080; x_wconf 71' lang='grc' dir='ltr'><strong>ἐν</strong></span> 
     </span>
     <span class='ocr_line' id='line_1_108' title="bbox 2341 5102 3890 5181; baseline -0.003 -18"><span class='ocrx_word' id='word_1_798' title='bbox 2341 5107 2582 5181; x_wconf 76' lang='grc' dir='ltr'>Ἀσπίνδῳ</span> <span class='ocrx_word' id='word_1_799' title='bbox 2602 5112 2689 5177; x_wconf 81' lang='grc' dir='ltr'><strong>τῆς</strong></span> <span class='ocrx_word' id='word_1_800' title='bbox 2715 5107 3019 5181; x_wconf 76' lang='grc' dir='ltr'>Παμφυλίας,</span> <span class='ocrx_word' id='word_1_801' title='bbox 3048 5106 3107 5159; x_wconf 75' lang='grc' dir='ltr'><strong>τὸ</strong></span> <span class='ocrx_word' id='word_1_802' title='bbox 3134 5104 3325 5161; x_wconf 76' lang='grc' dir='ltr'>ἔθνικὸν</span> <span class='ocrx_word' id='word_1_803' title='bbox 3354 5104 3591 5166; x_wconf 57' lang='lat' dir='ltr'><strong>namne,</strong></span> <span class='ocrx_word' id='word_1_804' title='bbox 3620 5102 3706 5156; x_wconf 84' lang='grc' dir='ltr'><strong>καὶ</strong></span> <span class='ocrx_word' id='word_1_805' title='bbox 3730 5102 3890 5159; x_wconf 74' lang='grc' dir='ltr'>Κάστ-</span> 
     </span>
     <span class='ocr_line' id='line_1_109' title="bbox 2332 5181 3888 5257; baseline -0.003 -15"><span class='ocrx_word' id='word_1_806' title='bbox 2332 5207 2459 5254; x_wconf 89' lang='grc' dir='ltr'>νιον,</span> <span class='ocrx_word' id='word_1_807' title='bbox 2486 5186 2535 5251; x_wconf 69' lang='grc' dir='ltr'><strong>ἐξ</strong></span> <span class='ocrx_word' id='word_1_808' title='bbox 2556 5182 2712 5243; x_wconf 69' lang='grc' dir='ltr'>οὔκαὶ</span> <span class='ocrx_word' id='word_1_809' title='bbox 2726 5186 3043 5254; x_wconf 77' lang='grc' dir='ltr'>Καστνιήτης.</span> <span class='ocrx_word' id='word_1_810' title='bbox 3068 5184 3327 5257; x_wconf 62' lang='grc'>[1-854.</span> <span class='ocrx_word' id='word_1_811' title='bbox 3354 5181 3674 5255; x_wconf 77' lang='grc' dir='ltr'>Παμφυλίδος</span> <span class='ocrx_word' id='word_1_812' title='bbox 3704 5183 3888 5241; x_wconf 81' lang='lat' dir='ltr'><strong>CGNb</strong></span> 
     </span>
    </p>
   </div>
   <div class='ocr_carea' id='block_1_12' title="bbox 670 5258 3889 5419">
    <p class='ocr_par' dir='ltr' id='par_1_26' title="bbox 670 5258 3889 5419">
     <span class='ocr_line' id='line_1_110' title="bbox 671 5258 3887 5340; baseline 0.001 -27"><span class='ocrx_word' id='word_1_813' title='bbox 671 5260 718 5313; x_wconf 78' lang='grc' dir='ltr'><strong>δ’</strong></span> <span class='ocrx_word' id='word_1_814' title='bbox 761 5258 932 5332; x_wconf 72' lang='grc' dir='ltr'>ἔσαθρ.</span> <span class='ocrx_word' id='word_1_815' title='bbox 981 5277 1091 5314; x_wconf 79' lang='lat' dir='ltr'><strong>var.</strong></span> <span class='ocrx_word' id='word_1_816' title='bbox 1135 5260 1257 5315; x_wconf 89' lang='lat' dir='ltr'><strong>lect.</strong></span> <span class='ocrx_word' id='word_1_817' title='bbox 1304 5277 1390 5333; x_wconf 85' lang='lat' dir='ltr'><strong>ap.</strong></span> <span class='ocrx_word' id='word_1_818' title='bbox 1421 5259 1639 5316; x_wconf 80' lang='lat' dir='ltr'><strong>Salmas.</strong></span> <span class='ocrx_word' id='word_1_819' title='bbox 1690 5260 1759 5314; x_wconf 85' lang='lat' dir='ltr'><strong>ad</strong></span> <span class='ocrx_word' id='word_1_820' title='bbox 1805 5261 1968 5316; x_wconf 82' lang='lat' dir='ltr'><strong>Sol&#39;n.</strong></span> <span class='ocrx_word' id='word_1_821' title='bbox 2000 5279 2057 5334; x_wconf 91' lang='lat' dir='ltr'><strong>p.</strong></span> <span class='ocrx_word' id='word_1_822' title='bbox 2099 5265 2236 5336; x_wconf 86' lang='lat'><strong>549;</strong></span> <span class='ocrx_word' id='word_1_823' title='bbox 2316 5268 2457 5340; x_wconf 49' lang='grc' dir='ltr'>,χλ-ος</span> <span class='ocrx_word' id='word_1_824' title='bbox 2481 5277 2533 5319; x_wconf 87' lang='lat' dir='ltr'><strong>et</strong></span> <span class='ocrx_word' id='word_1_825' title='bbox 2553 5284 2639 5339; x_wconf 89' lang='lat' dir='ltr'><strong>pr.</strong></span> <span class='ocrx_word' id='word_1_826' title='bbox 2668 5284 2830 5322; x_wconf 86' lang='lat' dir='ltr'><strong>manu</strong></span> <span class='ocrx_word' id='word_1_827' title='bbox 2857 5270 2947 5329; x_wconf 74' lang='lat' dir='ltr'><strong>x,·</strong></span> <span class='ocrx_word' id='word_1_828' title='bbox 2974 5264 3139 5327; x_wconf 80' lang='grc' dir='ltr'>πόλιες</span> <span class='ocrx_word' id='word_1_829' title='bbox 3179 5268 3265 5320; x_wconf 82' lang='lat' dir='ltr'><strong>Co.</strong></span> <span class='ocrx_word' id='word_1_830' title='bbox 3322 5265 3526 5318; x_wconf 84' lang='lat' dir='ltr'><strong>Vocem</strong></span> <span class='ocrx_word' id='word_1_831' title='bbox 3568 5260 3719 5331; x_wconf 71' lang='grc' dir='ltr'>ἑξείης</span> <span class='ocrx_word' id='word_1_832' title='bbox 3742 5261 3789 5315; x_wconf 83' lang='lat' dir='ltr'><strong>si</strong></span> <span class='ocrx_word' id='word_1_833' title='bbox 3816 5261 3887 5317; x_wconf 84' lang='lat' dir='ltr'><strong>ad</strong></span> 
     </span>
     <span class='ocr_line' id='line_1_111' title="bbox 670 5337 3889 5419; baseline 0 -26"><span class='ocrx_word' id='word_1_834' title='bbox 670 5340 800 5394; x_wconf 77' lang='grc' dir='ltr'>κεῖθι</span> <span class='ocrx_word' id='word_1_835' title='bbox 830 5338 877 5393; x_wconf 85' lang='grc' dir='ltr'><strong>δ’</strong></span> <span class='ocrx_word' id='word_1_836' title='bbox 915 5337 993 5412; x_wconf 70' lang='grc' dir='ltr'><strong>ἄρ’</strong></span> <span class='ocrx_word' id='word_1_837' title='bbox 1021 5337 1135 5412; x_wconf 68' lang='lat' dir='ltr'><strong>dep.</strong></span> <span class='ocrx_word' id='word_1_838' title='bbox 1181 5358 1248 5415; x_wconf 85' lang='lat' dir='ltr'><strong>oq</strong></span> <span class='ocrx_word' id='word_1_839' title='bbox 1258 5362 1282 5403; x_wconf 90' lang='grc'>,·</span> <span class='ocrx_word' id='word_1_840' title='bbox 1323 5339 1461 5412; x_wconf 73' lang='grc' dir='ltr'>ὑπεὶρ</span> <span class='ocrx_word' id='word_1_841' title='bbox 1503 5338 1646 5394; x_wconf 75' lang='grc' dir='ltr'>ἅλιον</span> <span class='ocrx_word' id='word_1_842' title='bbox 1691 5346 1819 5407; x_wconf 87' lang='lat' dir='ltr'><strong>AB,</strong></span> <span class='ocrx_word' id='word_1_843' title='bbox 1851 5340 1966 5414; x_wconf 62' lang='grc' dir='ltr'>ὅπερ</span> <span class='ocrx_word' id='word_1_844' title='bbox 1985 5342 2127 5397; x_wconf 75' lang='grc' dir='ltr'>ἅλιον</span> <span class='ocrx_word' id='word_1_845' title='bbox 2165 5350 2234 5414; x_wconf 85' lang='lat' dir='ltr'><strong>F,</strong></span> <span class='ocrx_word' id='word_1_846' title='bbox 2331 5345 2653 5419; x_wconf 84' lang='lat' dir='ltr'><strong>oppidorum</strong></span> <span class='ocrx_word' id='word_1_847' title='bbox 2675 5346 2916 5402; x_wconf 88' lang='lat' dir='ltr'><strong>ordinem</strong></span> <span class='ocrx_word' id='word_1_848' title='bbox 2947 5346 3351 5418; x_wconf 76' lang='lat' dir='ltr'><strong>geographicum</strong></span> <span class='ocrx_word' id='word_1_849' title='bbox 3392 5354 3547 5415; x_wconf 86' lang='lat' dir='ltr'><strong>poeta</strong></span> <span class='ocrx_word' id='word_1_850' title='bbox 3584 5341 3770 5396; x_wconf 78' lang='lat' dir='ltr'><strong>referri</strong></span> <span class='ocrx_word' id='word_1_851' title='bbox 3798 5357 3889 5395; x_wconf 73' lang='lat' dir='ltr'><strong>vo-</strong></span> 
     </span>
    </p>
   </div>
   <div class='ocr_carea' id='block_1_13' title="bbox 4462 394 4504 2947">
    <p class='ocr_par' dir='ltr' id='par_1_27' title="bbox 4462 394 4504 2947">
     <span class='ocr_line' id='line_1_112' title="bbox 4462 394 4504 2947; baseline 0 0"><span class='ocrx_word' id='word_1_852' title='bbox 4462 394 4504 2947; x_wconf 95' lang='lat' dir='ltr'><strong> </strong></span> 
     </span>
    </p>
   </div>
   <div class='ocr_carea' id='block_1_14' title="bbox 4475 3612 4491 4508">
    <p class='ocr_par' dir='ltr' id='par_1_28' title="bbox 4475 3612 4491 4508">
     <span class='ocr_line' id='line_1_113' title="bbox 4475 3612 4491 4508; baseline 0 0"><span class='ocrx_word' id='word_1_853' title='bbox 4475 3612 4491 4508; x_wconf 95' lang='lat' dir='ltr'><strong> </strong></span> 
     </span>
    </p>
   </div>
   <div class='ocr_carea' id='block_1_15' title="bbox 4477 5172 4492 5987">
    <p class='ocr_par' dir='ltr' id='par_1_29' title="bbox 4477 5172 4492 5987">
     <span class='ocr_line' id='line_1_114' title="bbox 4477 5172 4492 5987; baseline 0 0"><span class='ocrx_word' id='word_1_854' title='bbox 4477 5172 4492 5987; x_wconf 95' lang='lat' dir='ltr'><strong> </strong></span> 
     </span>
    </p>
   </div>
  </div>
 </body>
</html>
