4584 6284
830 499 939 551 520

2115 484 2395 546 '101'an
2437 483 2663 544 omns

744 616 797 677 A
810 618 987 689 aliqua
1014 618 1320 689 impostura,
1350 614 1439 670 sed
1466 618 1821 687 unusquisque
1846 634 2031 670 eorum
2060 616 2160 669 hoc
2182 633 2235 668 se
2252 613 2392 688 pol-
2444 611 2643 665 mundo
2661 611 2769 665 sola
2793 612 2996 665 ebartas
3019 621 3236 677 emittit,
3260 628 3417 683 quam
3443 618 3664 686 speeiem
3687 615 3803 670 licet
3830 618 3977 673 vilem

818 703 1003 757 licetur
1043 701 1258 773 implere
1298 702 1440 773 quod
1486 712 1626 755 certe
1666 720 1721 755 se
1751 702 1901 756 novit
1941 702 2104 767 scire;
2145 712 2358 774 propter

814 785 957 859 quod
984 805 1089 841 nou
1126 805 1307 841 omnes
1332 789 1603 852 omnium,
1634 786 1727 841 sed
1758 788 2119 860 unusquisque
2145 806 2238 842 sua
2264 804 2359 861 per

811 890 955 926 suam
980 872 1303 944 disciplinam
1330 885 1483 927 ornat
1506 874 1733 943 negotia.

880 957 967 1013 35.
999 956 1311 1011 Alexandria
1350 968 1552 1023 autem,
1584 976 1745 1029 quam
1790 960 2030 1030 superius
2068 960 2356 1012 nominavi·

810 1062 958 1107 mus,
1006 1043 1185 1097 civitas
1244 1054 1298 1098 et
1323 1043 1469 1099 valde
1491 1045 1722 1098 maxima
1758 1054 1812 1097 et
1838 1045 2075 1098 eminens
2098 1047 2151 1099 in
2188 1044 2358 1116 dispo-

807 1131 1024 1195 sitione,
1056 1128 1329 1183 abundans
1350 1131 1593 1184 omnibus
1636 1130 1789 1184 bonis
1830 1141 1883 1184 et
1920 1133 2083 1200 escis3
2131 1148 2248 1184 nam
2276 1132 2356 1203 pi·

806 1219 971 1271 scium
993 1218 1093 1271 tria
1119 1235 1309 1287 genera
1336 1216 1582 1281 comedit,
1603 1217 1749 1289 quod
1769 1217 1927 1272 altera
1952 1220 2221 1289 provincia
2248 1237 2354 1272 non

805 1302 989 1369 habet,
1032 1302 1291 1373 stagnale,
1344 1304 1599 1357 marinum
1642 1314 1695 1357 et
1739 1303 2026 1358 fluminale.
2071 1306 2197 1358 Haec
2232 1322 2352 1357 cum

805 1390 952 1444 Indis
978 1401 1032 1443 et
1051 1390 1292 1444 Barbaris
1316 1391 1517 1461 negotia
1544 1392 1677 1461 gerit
1704 1408 1816 1444 mei
1818 1393 1919 1455 ιω
1952 1402 2181 1445 aromata
2199 1403 2249 1445 et
2267 1392 2349 1444 di-

808 1494 977 1530 versas
1024 1477 1218 1547 species
1254 1476 1501 1549 pretiosas
1528 1476 1775 1531 omnibus
1820 1476 2119 1546 regionibus
2174 1479 2352 1536 mittit.

808 1563 926 1631 (36)
975 1560 1075 1615 Sed
1120 1571 1174 1615 et
1197 1562 1253 1614 in
1301 1561 1401 1615 boc
1442 1560 1586 1615 valde
1616 1560 1873 1616 laudanda
1899 1573 1978 1616 cst
2018 1564 2164 1634 quod
2202 1566 2348 1618 omni

730 1716 775 1775 B
804 1716 1063 1771 mundum
1084 1718 1212 1789 AEgJ·
1215 1728 1333 1789 ptus
1350 1716 1598 1772 abundat.
1618 1717 1724 1789 [In]
1747 1718 2071 1792 metrcfpolt]
2086 1722 2225 1773 enim
2243 1720 2355 1790 ejus

806 1803 1119 1859 Alexandria
1130 1822 1339 1857 omnem
1354 1816 1555 1875 gentem
1571 1806 1798 1858 invenies
1816 1805 1907 1877 [et]
1926 1805 2352 1879 philosophorum

807 1908 1024 1944 omnem
1052 1889 1363 1944 doctrinam.
1391 1892 1573 1962 Itaque
1598 1890 1879 1962 aliquando
1906 1892 2189 1946 certamine
2219 1892 2354 1947 facto

804 1978 1167 2050 AEgyptiorum
1222 1987 1276 2030 et
1322 1979 1627 2031 Graecorum
1647 2018 1661 2040 ,
1716 1978 1833 2049 quis
1880 1996 2066 2033 eorum
2118 1982 2344 2035 musium

804 2066 1051 2139 accipiat,
1074 2066 1353 2136 argutiores
1378 2077 1431 2119 et
1454 2064 1784 2137 perfectiores
1809 2066 2009 2120 inventi
2036 2067 2264 2139 AEgyptii
2299 2080 2352 2123 et

808 2152 1045 2206 vicerunt
1064 2162 1116 2205 et
1125 2152 1350 2204 musium
1367 2149 1433 2204 ad
1446 2168 1535 2205 eos
1538 2149 1830 2221 judicatum
1847 2162 1949 2217 est3
1972 2162 2024 2207 et
2041 2152 2357 2225 impossibile

806 2248 885 2293 est
928 2239 985 2292 in
1032 2256 1339 2310 quacunque
1396 2256 1453 2292 re
1508 2238 1731 2291 volueris
1784 2239 2016 2294 invenire
2066 2241 2350 2311 sapientem

806 2324 1075 2397 quomodo
1100 2326 1393 2397 AEgyptium
1412 2345 1427 2390 ;
1449 2335 1502 2379 et
1526 2324 1647 2379 ideo
1668 2342 1849 2379 omnes
1873 2325 2166 2399 philosophi
2187 2338 2238 2382 et
2258 2329 2348 2399 qui

806 2412 1112 2483 sapientiam
1140 2410 1402 2464 literarum
1426 2412 1643 2465 scientes
1670 2410 1743 2464 ibi
1770 2429 1973 2483 semper
1999 2413 2185 2467 morati
2204 2424 2347 2477 sunt,

806 2498 1047 2553 meliores
1074 2498 1313 2563 suerunt,
1337 2516 1441 2553 non
1468 2500 1607 2552 enim
1630 2509 1710 2551 est
1726 2498 1793 2551 ad
1810 2516 1897 2551 eos
1922 2499 2024 2553 ulla
2042 2501 2348 2571 impostura,

805 2583 899 2637 sed
938 2583 1125 2654 singuli
1172 2601 1356 2637 eorum
1399 2583 1541 2655 quod
1607 2582 1917 2654 pollicentur
1961 2594 2101 2637 certe
2144 2586 2347 2651 sciunt;

804 2679 1019 2741 propter
1046 2669 1189 2742 quod
1219 2688 1327 2724 non
1362 2687 1543 2723 omnes
1584 2671 1821 2724 omnium
1839 2709 1856 2737 ,
1888 2669 1981 2724 sed
2008 2672 2227 2744 quisque
2258 2691 2350 2727 sua

806 2772 901 2826 per
927 2771 1072 2807 suam
1099 2753 1423 2826 disciplinam
1443 2772 1635 2809 ornans
1660 2754 1863 2828 perficit
1888 2756 2110 2825 negotia.

874 2839 961 2895 35.
1004 2838 1312 2893 Alexandria
1340 2849 1512 2893 autem
1546 2840 1727 2893 civitas
1753 2852 1832 2894 est
1858 2841 2009 2895 valde
2036 2843 2261 2897 maxima
2295 2855 2346 2897 et

800 2925 1036 2977 eminens
1062 2924 1117 2977 in
1148 2923 1486 2995 dispositione
1511 2935 1565 2979 et
1587 2924 1861 2979 abundans
1888 2926 2134 2981 omnibus
2161 2927 2313 2982 bonis
2330 2970 2345 2994 ,

804 3022 857 3065 et
892 3012 1023 3065 escis
1046 3009 1191 3064 dives
1207 3031 1221 3075 ς
1263 3012 1483 3083 piscium
1511 3012 1653 3065 enim
1694 3014 1794 3066 tria
1821 3031 2009 3083 genera
2036 3013 2348 3081 manducat,

802 3094 949 3167 quod
973 3094 1128 3149 altera
1151 3098 1422 3165 provincia
1442 3114 1547 3150 non
1572 3098 1748 3160 babet,
1776 3097 2059 3163 fluminale,
2080 3109 2352 3170 stagnense

800 3192 854 3235 et
889 3183 1145 3235 marinum
1204 3186 1401 3236 Omnes
1445 3193 1621 3236 autem
1661 3183 1857 3255 speeies
1900 3195 1993 3238 aut
2035 3186 2353 3242 aromatibus

800 3268 893 3323 aiat
916 3268 1175 3340 aliquibus
1208 3268 1426 3337 negotiis
1458 3268 1741 3322 barbaricis
1768 3269 1821 3321 in
1857 3286 1919 3321 ea
1944 3268 2244 3338 abundant;
2271 3289 2356 3324 su·

802 3374 899 3428 pra
926 3340 1084 3426 caput
1108 3356 1253 3407 enim
1276 3354 1471 3408 babens
1510 3355 1794 3408 Thebaidis
1817 3354 2074 3410 Indorum
2114 3375 2277 3426 genus
2303 3369 2357 3412 et

804 3441 1064 3512 accipiens
1102 3440 1283 3493 omnia
1325 3449 1529 3512 praestat
1574 3440 1841 3496 omnibus.
1882 3442 1953 3494 Et
1992 3439 2066 3494 dii
2111 3442 2357 3497 coluntur

806 3525 1115 3588 eminenter,
1149 3533 1203 3577 et
1228 3524 1479 3596 templum
1521 3525 1727 3597 Serapis
1764 3525 1837 3580 ibi
1864 3536 1972 3592 est,
2002 3544 2168 3581 unum
2195 3539 2249 3582 et
2272 3547 2356 3584 so-

809 3610 922 3665 lum
951 3608 1298 3683 spectaculum
1340 3627 1534 3664 novum
1561 3612 1617 3664 in
1657 3611 1803 3667 omni
1836 3610 2070 3680 mundo;
2100 3632 2356 3686 nusquam

814 3698 958 3752 enim
978 3708 1129 3756 ,term
1157 3709 1250 3752 aut
1275 3697 1551 3753 aedilicium
1575 3698 1740 3772 [eale]
1768 3711 1858 3754 aut
1882 3701 2155 3774 dispositio
2182 3704 2356 3776 templi

811 3794 906 3838 aut
934 3783 1196 3854 religionis
1240 3784 1521 3848 invenitur,
1552 3784 1785 3857 undique
1820 3798 1992 3843 autem
2037 3790 2263 3843 musium
2308 3792 2355 3844 ei

810 3871 985 3927 redire
1017 3871 1273 3927 vidntur.
1304 3874 1420 3943 (36)
1458 3871 1695 3933 Possidet
1717 3892 1837 3927 cum
1882 3876 2125 3930 omnibus
2166 3876 2356 3948 quibus

809 3959 967 4015 babet
1006 3960 1158 4014 bonis
1208 3971 1262 4015 et
1317 3978 1473 4015 unam
1514 3978 1648 4026 rem,
1681 3978 1797 4032 quae
1843 3979 2101 4034 nusquam
2146 3964 2246 4016 nisi
2299 3964 2353 4016 in

811 4044 1123 4101 Alexandria
1148 4058 1200 4100 et
1225 4046 1435 4116 regione
1460 4044 1570 4116 ejus
1593 4046 1650 4099 fit
1668 4085 1685 4112 ,
1715 4044 1865 4118 cujus
1892 4050 1917 4077 *
1958 4066 2127 4119 neque
2155 4047 2352 4119 judicia

808 4150 979 4205 neque
1016 4134 1216 4206 privata
1262 4135 1463 4204 negotia
1506 4136 1615 4204 regi
1658 4146 1907 4207 possunt.
1936 4134 2029 4190 sed
2068 4154 2217 4207 paene
2258 4154 2352 4208 per

2443 699 2558 753 sed.
2565 701 2724 753 nimis
2747 700 2928 755 utilem
2971 711 3026 754 et
3054 701 3396 754 necessariam
3439 703 3493 754 in
3536 701 3675 756 nulla
3713 706 3977 777 provincia

2441 787 2544 841 nisi
2572 796 2776 841 tantum
2812 786 2955 860 apud
3007 787 3372 843 Alexandriam
3411 790 3641 844 invenies
3682 790 3976 859 abundare;

2441 874 2552 927 sine
2579 893 2682 946 qua
2703 874 2856 929 nullae
2871 893 3068 940 eausae,
3100 876 3242 930 nulla
3275 887 3496 948 possunt
3532 878 3736 949 impleri
3757 883 3978 951 negotia.

2443 962 2593 1014 Hanc
2617 962 2778 1032 igitur
2799 963 3042 1017 universo
3081 963 3197 1016 orbi
3225 964 3528 1018 ministrans
3561 964 3844 1036 plurimum
3883 970 3980 1022 uti·

2442 1046 2597 1100 litatis
2621 1058 2862 1119 praestare
2889 1046 3109 1106 videtur.
3144 1048 3306 1121 Cujus
3333 1048 3621 1121 adjacentia
3652 1051 3772 1105 Nilo
3788 1054 3982 1122 rigante

2441 1134 2672 1203 copiosas
2699 1132 2924 1186 elserunt
2947 1132 3146 1203 fruges,
3177 1134 3266 1188 ubi
3287 1152 3392 1189 una
3417 1152 3660 1188 mensura
3691 1140 3983 1192 centenario

2443 1216 2616 1273 fructu
2647 1220 2985 1292 multiplicata
3010 1220 3321 1293 responden
3347 1221 3488 1275 unde
3514 1223 3984 1295 Constantinopolis

2441 1306 2676 1360 Thracia!
2700 1316 2752 1360 et
2786 1309 2956 1361 omnis
2977 1309 3164 1363 Oriens
3199 1319 3505 1381 pascuntur.
3535 1310 3651 1379 (37)
3671 1306 3751 1336 '‘²'‘
3771 1310 3946 1363 Nam
3931 1329 3983 1365 m

2445 1392 2531 1447 illa
2557 1393 2764 1448 civitate
2787 1404 3003 1467 propter
3040 1395 3220 1467 populi
3259 1395 3550 1450 libertatem
3580 1414 3702 1450 cum
3729 1397 3916 1450 timore
3935 1408 3988 1452 et.

2446 1492 2674 1535 tremore
2703 1480 2897 1551 iudices
2935 1500 3016 1535 res
3044 1481 3274 1555 publicas
3319 1482 3716 1549 administrant3
3755 1484 3988 1555 quisquis

2449 1568 2592 1621 enim
2613 1565 2853 1638 judicum
2899 1566 3093 1621 ibidem
3113 1586 3144 1622 a
3173 1566 3376 1639 justitia
3420 1567 3728 1633 declinavit,
3757 1570 3988 1625 motione

2445 1723 2575 1794 quid
2603 1734 2684 1777 est
2715 1723 2859 1795 quod
2883 1726 2960 1778 sie
3000 1742 3031 1778 a
3056 1725 3210 1780 nobis
3252 1724 3524 1779 laudatur?
3562 1726 3788 1793 Charta,
3830 1744 3988 1797 quam

2443 1809 2552 1880 ipsa
2575 1807 2766 1862 faciens
2800 1820 2852 1864 et
2877 1811 3018 1863 omni
3046 1808 3247 1865 mundo
3284 1812 3526 1864 emittens
3549 1810 3730 1864 utilem
3764 1813 3988 1883 speciem

2443 1896 2688 1950 omnibus
2711 1897 2965 1963 ostendit,
2993 1896 3101 1953 sola
3134 1898 3239 1953 hoc
3262 1916 3422 1971 supra
3446 1917 3629 1953 omnes
3655 1899 3990 1971 civitatesque

2440 1992 2494 2035 et
2533 1983 2827 2053 provincias
2863 1982 3161 2055 possidens,
3209 1982 3302 2038 sed
3341 1986 3454 2039 sine
3503 1984 3701 2040 invidia
3740 1996 3989 2058 praestans

2439 2085 2657 2121 suorum
2704 2067 2996 2132 bonorum,
3041 2080 3095 2124 et
3137 2069 3242 2124 Nili
3279 2080 3456 2125 autem
3507 2070 3795 2125 bonitatem
3832 2088 3991 2143 supra

2440 2172 2649 2209 omnem
2666 2156 2988 2228 provinciam
3005 2154 3307 2227 possidens;
3327 2157 3421 2228 qui
3443 2157 3594 2215 Nilus
3619 2158 3810 2212 fluvius
3835 2168 3988 2213 aesta·

2438 2242 2505 2294 tis
2531 2241 2662 2295 bora
2687 2240 3004 2296 descendens
3031 2244 3164 2313 rigat
3188 2262 3400 2298 omnem
3428 2253 3620 2297 terram
3652 2253 3707 2298 et
3733 2242 3798 2298 ad
3823 2246 3982 2297 semi-

2439 2327 2702 2381 nationem
2743 2337 2919 2399 parat,
2960 2346 3116 2401 quam
3153 2328 3392 2383 seminati
3424 2328 3756 2383 abundanter
3801 2348 3990 2401 magna

2439 2411 2810 2467 benedictione
2837 2414 3149 2487 implentur;
3189 2413 3257 2468 ad
3293 2432 3385 2468 eos
3419 2416 3560 2468 enim
3601 2432 3708 2469 una
3745 2432 3992 2469 mensura

2441 2510 2657 2553 centum
2684 2509 2737 2553 et
2763 2510 2975 2554 centum
3003 2502 3187 2571 viginti
3217 2517 3489 2555 mensuras
3517 2500 3664 2565 sacit5
3693 2512 3748 2555 et
3784 2503 3860 2555 sic
3894 2519 3992 2573 per

2437 2584 2702 2655 singulum
2729 2603 2923 2639 annum
2952 2595 3092 2639 terra
3117 2584 3342 2639 reddens
3367 2596 3420 2639 et
3443 2586 3554 2639 aliis
3582 2586 3866 2658 provinciis
3890 2589 3994 2641 uti-

2438 2668 2500 2723 lis
2545 2680 2643 2727 est.
2675 2669 3151 2743 Constantinopolis
3187 2672 3329 2724 enim
3355 2672 3592 2725 Thraciae
3627 2671 3694 2725 ab
3727 2690 3788 2726 ea
3829 2690 3994 2743 quam

2437 2755 2663 2828 plurime
2715 2757 2966 2828 pascitur,
3017 2756 3254 2809 similiter
3320 2766 3375 2810 et
3435 2756 3728 2813 orientales
3778 2773 3954 2830 partoe
3970 2800 3989 2824 ,

2436 2844 2665 2897 maxime
2711 2854 2927 2917 propter
2989 2844 3277 2897 exercitum
3328 2844 3654 2915 imperatoris
3700 2854 3754 2898 et
3795 2845 3994 2899 bellum

2438 2931 2760 2995 Persarum,
2805 2940 3082 3001 propterea
3125 2947 3234 2983 non
3273 2946 3428 3001 posse
3472 2928 3626 2983 aliam
3666 2932 3992 3003 provinciam

2438 3013 2678 3068 sufficere
2701 3015 2800 3069 nisi
2831 3014 3063 3069 divinam
3095 3014 3394 3087 AEgyptum.
3428 3015 3604 3083 Quam
3629 3026 3682 3069 et
3711 3018 3994 3071 nominans

2438 3119 2469 3155 a
2496 3100 2597 3153 diis
2623 3100 2738 3173 plus
2763 3118 2873 3154 mse
2897 3111 3056 3173 puto,
3091 3100 3181 3154 ubi
3209 3098 3370 3165 deos,
3397 3102 3472 3155 uti
3493 3100 3833 3172 praediximus
3852 3141 3869 3165 ,
3901 3118 3994 3155 co·

2441 3185 2605 3239 lentes
2641 3186 2776 3239 bene
2802 3186 3032 3239 historiae
3057 3186 3284 3239 maxime
3329 3186 3576 3242 offerunt.
3615 3188 3683 3239 Et
3704 3196 3826 3239 sunt
3845 3204 3994 3240 sacra

2443 3272 2623 3325 omnia
2649 3282 2704 3325 et
2747 3269 2938 3344 templa
2979 3270 3224 3325 omnibus
3261 3282 3480 3341 ornata3
3514 3270 3732 3335 aeditimi
3769 3272 3911 3325 euim
3937 3282 3996 3325 et

2445 3356 2741 3411 sacerdotes
2768 3368 2820 3412 et
2861 3357 3085 3411 ministri
3113 3366 3166 3410 et
3192 3358 3454 3429 aruspices
3499 3368 3553 3412 et
3595 3357 3895 3413 adoratores
3938 3370 3995 3413 et

2445 3441 2614 3495 divini
2643 3442 2828 3515 optimi
2872 3440 3177 3508 abundant,
3219 3454 3272 3498 et.
3296 3444 3355 3498 fit
3397 3447 3574 3499 omnia
3617 3442 3830 3511 ordine;
3875 3464 3992 3500 aras

2451 3529 2632 3600 itaque
2657 3530 2886 3583 invenies
2912 3547 3116 3603 semper
3145 3531 3264 3601 igne
3289 3530 3617 3603 splendentes
3639 3543 3692 3587 et
3713 3532 3994 3587 sacrificio·

2451 3634 2570 3671 rum
2597 3628 2652 3672 et
2695 3629 2812 3672 ture
2856 3616 3061 3690 plenas,
3104 3618 3254 3672 vittas
3287 3617 3445 3672 simul
3484 3630 3536 3673 et
3571 3620 3805 3675 turibula
3835 3619 3994 3692 plena

2446 3704 2767 3759 aromatibus
2807 3702 3048 3757 divinum
3083 3702 3298 3760 odorem
3327 3706 3594 3777 spirantia.
3637 3706 3752 3778 (37)
3793 3709 3907 3760 Jam
3937 3718 3994 3762 et

2445 3792 2706 3846 civitatem
2741 3790 3007 3861 judicibus
3033 3790 3164 3845 bene
3187 3803 3448 3862 regentem
3484 3794 3714 3847 invenies
3725 3814 3742 3859 3
3771 3794 3826 3847 in
3860 3813 3993 3848 con-

2449 3889 2648 3950 temptu
2673 3880 2914 3951 (semen)
2954 3878 3094 3931 solus
3134 3879 3362 3951 populus
3410 3878 3761 3949 Alexandriae3
3783 3880 3992 3952 judices

2445 3967 2588 4019 enim
2624 3966 2680 4018 in
2717 3965 2801 4019 illa
2821 3966 3030 4020 civitate
3066 3984 3189 4019 cum
3211 3967 3402 4021 timore
3427 3978 3483 4021 et
3510 3978 3736 4022 tremore
3758 3970 3989 4034 intrant,

2445 4048 2626 4123 populi
2648 4048 2902 4121 justitiam
2930 4051 3196 4118 timentes,
3225 4050 3293 4106 ad
3321 4070 3414 4106 eos
3441 4054 3583 4107 enim
3621 4054 3757 4125 ignis
3783 4066 3835 4108 et
3859 4054 3993 4127 lapi-

2445 4135 2571 4190 dum
2607 4137 2816 4191 emissio
2841 4135 2907 4191 ad
2929 4148 3198 4209 peccantes
3227 4134 3434 4209 judica
3461 4157 3570 4194 non
3599 4140 3788 4195 tardat.
3821 4140 3886 4194 Et
3909 4152 3992 4195 ωε

809 4221 972 4292 ipsam
1004 4238 1115 4274 rem
1138 4221 1311 4275 omnis
1339 4221 1609 4276 hominum
1638 4234 1821 4276 natura
1856 4234 1993 4277 stare
2028 4222 2248 4278 videtur.
2280 4224 2349 4277 Et
2436 4224 2490 4277 in
2523 4224 2768 4278 omnibus
2808 4235 2861 4278 et
2903 4226 3081 4278 civitas
3127 4236 3180 4279 et
3221 4227 3364 4295 regio
3404 4226 3902 4299 inreprehensibilis,
3935 4238 3991 4282 et

848 4326 875 4333 —
886 4326 959 4335 .—-.

880 4378 910 4443 S
940 4376 1027 4428 35.
1050 4375 1278 4448 piscium
1320 4378 1427 4430 tria
1452 4396 1636 4444 genem
1652 4418 1667 4441 ,
1698 4376 1837 4449 quod
1873 4378 2041 4431 altera
2071 4377 2353 4450 provincia

811 4471 914 4507 non
956 4452 1187 4525 habet]-
1164 4456 1424 4519 -,1mmo
1452 4473 1515 4508 eo
1537 4472 1749 4527 quoque
1788 4458 2001 4508 nomine
2026 4456 2352 4510 Antiochiam

814 4529 1145 4584 commendat
1190 4532 1475 4586 Libanius‘
1462 4553 1513 4587 ιιι
1544 4533 1851 4587 Antiochico
1872 4552 1928 4606 p.
1960 4533 2059 4588 385
2082 4533 2151 4587 de
2178 4535 2350 4605 piscu-

813 4606 1075 4661 lentorum
1087 4607 1161 4661 ibi
1174 4611 1321 4681 copia
1334 4628 1521 4680 agens:
1544 4613 1809 4682 πορίζουσα
1829 4611 1910 4679 ἣ
1885 4612 2013 4682 τύχη
2032 4612 2093 4665 τὰ
2106 4614 2352 4685 πρόσφορα

814 4684 1008 4756 ἱκάστῳ
1030 4686 1235 4742 διεῖλεν·
1263 4687 1329 4751 εἰς
1352 4689 1435 4760 μὲν
1461 4690 1571 4753 τοὺς
1595 4690 1883 4763 εὐδαίμονας
1917 4689 2008 4757 τὴν
2034 4689 2129 4745 ἀπὸ
2157 4694 2243 4758 τῆς
2265 4692 2352 4743 θα-

811 4763 995 4833 λάττης
1012 4763 1184 4837 φορὰν,
1202 4764 1267 4829 εἰς
1281 4766 1333 4820 δὲ
1346 4768 1455 4830 τοὺς
1472 4767 1656 4841 ἐτέρους
1670 4767 1756 4837 τήν
1768 4767 1863 4823 ἐπὸ
1874 4768 2166 4841 τῆςλίμνης,
2180 4766 2351 4835 κοινὴν

808 4842 864 4897 δὲ
891 4842 1077 4916 ἀμφοῖν
1108 4844 1263 4899 ἔδωκε
1288 4846 1375 4901 τὸν
1402 4849 1641 4919 ποταμόν.
1667 4846 1827 4917 Quod
1851 4866 1915 4901 eo
1954 4848 2117 4918 magis
2158 4848 2350 4901 mirum

810 4921 1051 4977 videatur
1076 4923 1222 4977 bunc
1247 4934 1508 4979 auctorem
1536 4944 1639 4980 non
1667 4937 1899 4990 notasse,
1916 4928 1959 4979 si
1984 4925 2143 4980 modo
2171 4943 2349 4979 verum

804 5010 883 5053 est
899 5017 1023 5053 eum
1039 5004 1425 5057 Antiochenum
1443 5006 1605 5058 civem
1633 5017 1722 5059 aut
1748 5005 1969 5058 incolam
1991 5003 2167 5058 fuisse.
2194 5030 2217 5052 ι
2242 5006 2350 5059 Go-

801 5094 1140 5132 rnonznns.
1174 5080 1197 5149 ΙΙ
1220 5110 1293 5121 -
1318 5081 1524 5153 merito]
1552 5100 1619 5135 an
1660 5092 1921 5136 mercam?
1951 5081 2124 5151 gerim·
2154 5082 2352 5136 medica

802 5167 1043 5209 ammata
1070 5156 1137 5211 de
1160 5157 1301 5229 conj.
1330 5178 1431 5215 scr.
1457 5164 1522 5215 A.
1550 5161 1677 5215 Mai.
1709 5161 1729 5230 ΙΙ
1752 5191 1822 5202 --
1838 5163 1901 5213 In
1920 5162 1964 5213 B
1986 5177 2001 5214 ε
2029 5180 2185 5213 unum
2204 5172 2255 5214 et
2273 5179 2352 5215 so·

805 5230 930 5301 lum]
960 5250 1115 5286 unum
1132 5246 1211 5289 est
1228 5236 1397 5290 solum
1415 5236 1534 5292 cod.
1562 5238 1583 5307 Ι]
1607 5268 1679 5279 -
1697 5237 1941 5310 menium]
1968 5240 2216 5310 μουσεῖον,
2240 5241 2276 5295 i.
2299 5258 2348 5293 e.

2441 4379 2786 4450 principatus,
2812 4380 3102 4450 praemium.
3147 4383 3280 4448 Quze
3327 4382 3466 4434 vocis
3511 4380 3818 4451 significatio
3858 4400 3990 4435 num

2439 4457 2649 4512 aliunde
2689 4458 2899 4529 probari
2923 4459 3118 4529 possit,
3151 4458 3345 4515 nescio.
3385 4460 3407 4528 ΙΙ
3434 4489 3498 4500 -
3523 4459 3710 4531 redire]
3749 4459 3985 4525 reddire,

2437 4547 2488 4590 et
2510 4554 2573 4590 ex
2587 4548 2882 4590 correctura
2897 4534 3068 4599 reddi,
3091 4536 3277 4593 codex.
3303 4538 3326 4607 ΙΙ
3344 4568 3416 4579 -
3434 4541 3467 4607 S
3491 4538 3578 4592 36.
3604 4556 3708 4591 mm
3725 4540 3861 4611 quoe]
3883 4557 3992 4592 rem

2436 4612 2606 4687 quod,
2643 4616 2778 4668 sicut
2823 4632 2945 4668 mox
2989 4614 3176 4668 charta
3218 4616 3388 4688 quod,
3429 4614 3550 4672 cod.
3587 4617 3608 4687 ΙΙ
3635 4646 3708 4657 -
3737 4616 3988 4688 attendit]

2438 4692 2698 4746 ostendere
2717 4692 2818 4746 cod
2829 4694 2953 4763 .11—
2969 4691 3312 4765 civitatesque
3327 4694 3717 4766 “provincia-5]
3742 4694 3992 4749 civitates

2441 4788 2557 4843 quar
2581 4782 2632 4823 ee
2640 4769 2932 4843 pruvincia·
2951 4769 3071 4826 cod.
3099 4772 3122 4841 1]
3146 4800 3218 4812 —
3239 4770 3471 4825 historice
3496 4770 3742 4843 max-itae]
3765 4770 3992 4825 historia

2443 4850 2679 4904 maxima
2714 4848 2832 4903 cod.
2875 4849 2896 4918 ss
2927 4878 3000 4889 —
3034 4852 3064 4917 S
3097 4849 3182 4919 37.
3213 4851 3373 4904 Initio
3405 4850 3560 4921 hujus
3591 4850 3838 4920 segminis
3863 4851 3917 4904 in
3941 4853 3988 4903 A

2441 4927 2692 4981 nonnulla
2729 4926 3008 4980 desiderari
3039 4937 3195 4999 patet.
3227 4928 3428 4982 Deinde
3465 4931 3518 4983 in
3559 4933 3600 4982 A
3648 4928 3848 4982 lacunis
3893 4929 3986 4983 ab·

2439 5015 2611 5059 sumta
2647 5017 2771 5059 sunt
2797 5006 2994 5059 verba.
3007 5005 3227 5079 publica
3252 5006 3686 5061 administram..
3697 5006 3989 5061 ,declim-

2439 5082 2558 5137 vit.
2592 5082 2917 5140 ,occidimn
2946 5086 2967 5155 ΙΙ
2996 5114 3062 5124 -
3079 5084 3308 5157 populus
3343 5084 3763 5156 ΑΙα-αιιτῖήω]ι
3740 5084 3873 5138 -Cs.
3897 5086 3989 5139 Se·

2441 5179 2566 5215 neca
2594 5160 2676 5215 Ad
2710 5161 2830 5219 Alb.
2855 5182 2903 5216 c.
2933 5162 3072 5216 ult..
3060 5168 3323 5235 ·!.oquax
3348 5176 3399 5217 et
3428 5162 3690 5231 ingeniosa
3722 5161 3776 5216 in
3802 5176 3986 5216 coatu-

2439 5240 2620 5295 melias
2635 5240 3000 5314 praefectorum
3010 5259 3148 5314 prov
3153 5241 3322 5308 incia,
3344 5261 3399 5298 ,tn
3417 5262 3521 5315 qua
3542 5242 3702 5297 ceiam
3731 5243 3826 5316 qm'
3843 5244 3983 5297 vita-
