4584 6284
666 555 742 607 80

1880 548 2227 613 DIONYSH
2268 554 2467 616 BYZA
2476 558 2521 617 N
2525 559 2635 619 111

666 693 789 731 rum
822 685 875 729 et
907 674 1131 749 puellam
1144 715 1161 744 ,
1194 694 1259 731 ex
1287 694 1353 730 eo
1404 678 1551 750 quod
1590 678 1657 733 ad
1705 690 1946 736 mutuum
1988 700 2215 737 amorem
2306 686 2562 742 valliculas
2580 727 2596 754 ,
2620 700 2674 744 et
2711 691 2861 745 sinus
2898 705 3204 766 portuosus,
3243 716 3400 771 quem
3425 703 3584 761 efficit
3607 724 3864 780 promon-

664 764 974 819 exarsissent
987 803 1004 833 ‚
1054 780 1111 818 se
1151 782 1215 818 ex
1273 766 1495 862 Bospori
1558 768 1806 839 angustiis
1852 770 2216 843 praecipitasse.
2307 774 2424 828 torii
2459 772 2742 848 projecti03
2797 776 2866 831 ab
2913 781 3114 836 cliente
3147 782 3303 840 habet
3349 788 3572 847 clausam
3613 796 3864 869 utrinque

664 850 1007 907 Philostratus
1030 851 1172 905 enim
1206 852 1363 923 hujus
1384 854 1604 924 picturae
1629 853 1922 927 symbolum
1964 858 2217 931 interpre-
2307 860 2520 916 vallibus
2557 864 2814 918 cervicem
2849 877 3118 937 angustam
3133 907 3150 936 ,
3183 888 3286 943 qua
3311 875 3454 930 molli
3490 888 3546 933 et
3579 882 3861 955 semiplum

664 950 806 995 tatur
829 939 1013 1012 positae
1048 940 1105 993 in
1131 936 1295 995 domo
1329 938 1557 1012 quadam
1600 942 1839 1015 Neapolis
1872 944 2061 1000 Italicae
2084 964 2101 1001 z
2124 947 2217 1020 qui

660 1037 777 1081 tum
796 1027 841 1081 si
860 1024 1073 1082 vidisset
1096 1038 1407 1099 praesentem
1433 1031 1725 1103 Bosporum
1738 1070 1755 1097 ,
1780 1048 1903 1085 cum
1926 1050 2043 1087 eam
2059 1034 2218 1089 inter·

658 1113 963 1189 pretabatur
986 1114 1205 1189 Neapoli
1232 1116 1439 1190 pueris,
1466 1134 1575 1172 non
1602 1117 1854 1175 attulisset
1881 1118 2077 1196 lapides
2103 1121 2215 1177 illos

659 1204 853 1262 domus
882 1206 1019 1261 cerei
1046 1204 1238 1261 coloris
1264 1224 1374 1261 esse
1398 1224 1461 1261 ex
1493 1224 1587 1274 eo,
1627 1208 1769 1280 quod
1810 1220 2018 1265 montes
2052 1210 2216 1285 Pbry-

658 1294 756 1363 gioe
782 1292 975 1348 similes
999 1293 1188 1350 ferant.
1212 1293 1293 1349 mi
1316 1294 1460 1348 enim
1495 1294 1637 1351 illinc
1662 1295 1958 1369 longissime
1988 1297 2211 1366 absunt,

659 1378 863 1453 quales,
898 1398 1021 1436 cum
1043 1380 1492 1454 proficisceremur
1515 1391 1699 1438 contra
1729 1400 1902 1454 regem
1940 1386 2215 1440 Persarum

659 1468 715 1522 in
786 1470 1045 1527 Tauricen
1083 1468 1267 1523 urbem
1305 1467 1525 1535 Mediae,
1556 1468 1664 1524 vidi
1700 1472 1755 1525 in
1802 1470 2046 1538 Galatiae,
2098 1491 2217 1546 quae

660 1570 845 1625 magna
862 1553 1088 1626 Phrygia
1102 1564 1252 1609 antea
1274 1553 1563 1619 dicebatur,
1586 1555 1719 1610 urbe
1740 1568 2039 1630 nuncupata
2063 1559 2212 1623 Bolo,

657 1638 1029 1712 antiquitatum
1058 1640 1211 1712 plena
1226 1680 1241 1706 ,
1268 1658 1299 1694 a
1320 1657 1424 1713 qua
1448 1658 1557 1695 non
1583 1640 1738 1713 longe
1759 1652 1884 1697 sunt
1922 1642 2104 1699 balnea
2124 1664 2217 1700 na-

659 1736 782 1782 tura
811 1725 977 1781 calida
991 1766 1007 1795 ,
1046 1725 1303 1799 ejusmodi
1336 1728 1531 1801 lapides
1568 1729 1845 1785 efficientia
1859 1772 1873 1794 ,
1918 1731 2094 1803 quales
2125 1733 2214 1786 de·

662 1813 847 1869 scribit
868 1814 1227 1870 Philostratus.
1254 1821 1325 1871 At
1363 1817 1504 1891 apud
1526 1819 1822 1890 Bosporum
1844 1836 1953 1873 non
1980 1837 2045 1873 ex
2078 1838 2213 1892 aqua

661 1899 790 1957 tales
807 1899 971 1966 fiunt,
999 1898 1092 1954 sed
1112 1901 1287 1973 potius
1311 1904 1490 1976 cyanei
1520 1902 1709 1957 coloris
1740 1919 1754 1958 ε
1784 1904 1883 1958 nisi
1910 1902 2124 1960 fortasse
2144 1907 2216 1961 ita

662 1984 1007 2041 Philostratus
1029 1986 1357 2059 interpretari
1384 1990 1637 2059 potuisset
1661 1988 1921 2061 picturam
1948 1989 2103 2058 illam,
2134 2002 2215 2047 to-

664 2082 880 2145 tamque
916 2073 1205 2129 attribuere
1246 2074 1605 2131 sacerdotibus
1642 2078 1846 2148 Magnae
1874 2078 2055 2133 Matris
2092 2078 2216 2136 deo·

659 2178 779 2213 rum
803 2200 820 2228 ,
852 2178 971 2233 quae
1010 2160 1281 2216 colebatur
1314 2163 1371 2217 in
1397 2161 1521 2218 fano
1565 2164 1853 2237 Europaeo„
1888 2182 2048 2237 supra
2072 2165 2214 2238 quod

655 2258 771 2302 erat
805 2247 1003 2322 pharus
1028 2250 1241 2321 antiqua
1259 2290 1275 2315 ,
1308 2261 1361 2304 et
1369 2248 1593 2321 juvenes
1614 2251 1729 2305 illos
1755 2270 1941 2307 navem
1964 2251 2217 2326 trajecisse

656 2354 722 2389 ex
741 2336 865 2391 Asia
882 2336 937 2391 in
956 2337 1223 2409 Europam
1242 2336 1310 2391 ad
1328 2337 1774 2411 repraesenmndos
1790 2338 2045 2413 quosdam
2070 2352 2215 2397 actus

655 2424 839 2479 Matris
864 2421 1087 2479 deorum
1131 2424 1399 2479 amoribus
1426 2425 1732 2481 insanientis
1758 2427 1814 2481 in
1850 2430 2023 2501 Atyn,
2072 2428 2213 2483 colo·

658 2527 876 2583 remque
906 2528 1118 2565 cereum
1154 2510 1319 2565 videri
1364 2513 1419 2566 in
1453 2510 1718 2586 lapidibus
1751 2530 1815 2567 ex
1846 2512 1931 2569 illa
1974 2516 2208 2583 ratione,

656 2613 761 2667 qua
796 2596 1081 2669 Dionysius
1108 2595 1330 2670 appellat
1354 2598 1543 2652 Milton
1576 2599 2000 2671 promontorium
2044 2618 2211 2675 oppo-

656 2686 816 2739 situm
829 2686 973 2739 Fano
989 2685 1153 2741 Jovis.
1178 2683 1281 2741 Sed
1306 2686 1463 2741 etiam
1484 2686 1624 2742 hanc
1640 2686 1899 2761 picturam
1912 2686 2210 2743 Philostrati

656 2769 805 2825 attuli
822 2809 839 2838 ,
868 2781 929 2826 ut
954 2788 1020 2825 ex
1039 2789 1100 2826 ea
1121 2772 1330 2843 colligas
1351 2774 1481 2827 Fani
1506 2774 1697 2837 situm,
1734 2783 1787 2827 et
1807 2774 2031 2848 Bospori
2051 2792 2213 2847 angu-

655 2856 780 2911 stias
800 2856 939 2931 apud
958 2858 1161 2915 Fanum
1184 2876 1293 2912 esse
1310 2869 1536 2932 quatuor
1553 2858 1863 2926 stadiorum,
1884 2860 2213 2934 pharumque

656 2946 926 3020 antiquam
951 2945 1112 3002 fuisse
1137 2948 1195 3000 in
1228 2959 1514 3020 conspectu
1552 2948 1712 3014 Fani,
1751 2958 1932 3004 contra
1960 2966 2117 3021 quam
2144 2952 2213 3004 sit

654 3048 836 3088 recens
888 3034 1087 3108 pharus
1129 3036 1295 3107 posita
1346 3046 1495 3090 extra
1542 3046 1809 3109 aspectum
1858 3038 2211 3108 angustiarum

660 3118 826 3188 Fani,
856 3130 911 3174 et
936 3130 998 3174 ut
1014 3120 1153 3175 circa
1180 3122 1383 3175 Fanum
1414 3130 1586 3176 essent
1606 3121 1889 3189 columnae,
1921 3134 2081 3195 utque
2114 3124 2215 3177 sub

662 3206 807 3261 Fano
828 3205 1115 3278 praeoipitia
1147 3207 1439 3260 eminerent
1474 3207 1531 3260 in
1552 3224 1727 3273 mare,
1764 3218 1821 3261 ut
1858 3210 1914 3261 in
1951 3208 2213 3263 radicibus

658 3291 1011 3367 promontorii
1051 3291 1180 3344 Fani
1220 3290 1465 3345 existeret
1497 3291 1688 3347 domus
1726 3292 1859 3346 bene
1887 3295 2087 3347 munita
2100 3333 2115 3360 ‚
2155 3305 2217 3348 ut

660 3374 869 3431 Fanum
890 3385 1023 3429 esset
1044 3375 1323 3447 oppidum.

736 3459 839 3513 Sed
864 3471 928 3514 ut
946 3458 1151 3533 planius
1179 3459 1497 3530 intelligatur
1514 3461 1645 3515 Fani
1668 3461 1817 3528 situs,
1842 3459 2128 3517 describam
2157 3474 2217 3517 ut

666 3560 812 3599 nunc
832 3555 927 3599 est.
964 3535 1127 3617 Ἱερὸν
1172 3546 1461 3599 etiamnum
1504 3564 1535 3599 a
1577 3545 1773 3599 Graecis
1815 3546 2144 3619 appellatum,
2186 3567 2217 3601 a

667 3632 869 3687 Latinis
918 3632 1149 3695 Fanum,
1178 3647 1399 3703 parvum
1442 3630 1708 3685 castellum
1754 3640 1943 3687 natura
1974 3642 2028 3687 et
2060 3650 2214 3687 muro

668 3717 966 3783 munitum,
1006 3734 1037 3772 a
1081 3716 1201 3772 solis
1228 3716 1417 3771 Turcis
1450 3716 1775 3783 habitatum,-
1823 3718 1983 3774 situm
2028 3729 2108 3774 est
2158 3720 2213 3774 in

667 3802 775 3857 alto
809 3802 1086 3877 supercilio
1127 3803 1514 3876 promontorii,
1556 3801 1707 3874 cujus
1734 3801 1971 3876 projectu
2015 3808 2214 3879 Bospo-

665 3908 757 3948 rus
800 3890 857 3945 in
900 3890 1150 3949 maximas
1190 3890 1349 3946 totius
1380 3892 1485 3946 oris
1534 3890 1733 3964 pontici
1765 3893 2023 3963 angustias
2066 3909 2213 3949 coar·—

663 3988 853 4035 ctatur.
926 3976 1209 4051 Projicitur
1253 3980 1395 4034 enim
1427 3996 1460 4034 a
1504 3977 1627 4033 solis
1660 3990 1783 4034 ortu
1833 3978 1900 4034 ad
1939 3998 2207 4047 occasum;

662 4076 718 4121 at
762 4066 1079 4141 Europoeum
1132 4066 1587 4140 promontorium,
1640 4066 1695 4122 in
1751 4084 1859 4139 quo
1920 4078 2043 4123 ante
2098 4066 2208 4124 dixi

661 4150 818 4210 sunm
858 4169 1003 4207 nunc
1051 4162 1247 4207 restare
1291 4152 1501 4224 vestigia
1545 4153 1749 4225 antiqui
1786 4152 1893 4209 fani
1936 4155 2204 4227 Europaei,

658 4256 974 4311 procurrens
1006 4256 1039 4294 a
1085 4238 1525 4312 septentrionibus
1562 4238 1629 4294 ad
1682 4240 1956 4296 meridiem
2001 4241 2205 4297 easdem

658 4326 917 4398 angustias
950 4327 1143 4402 premit
1177 4327 1506 4400 stringitque.
1538 4325 1674 4382 mud
1702 4327 1989 4383 Asiaticum
2031 4327 2205 4383 Ptole-

660 4430 821 4467 maeus
874 4411 949 4481 (⁵
967 4452 985 4480 ,
1030 4413 1101 4485 1)
1153 4412 1378 4487 appellat
1421 4412 1681 4486 Bithyniae
1726 4414 2141 4488 promontorium
2158 4412 2202 4479 3,

660 4498 805 4571 quod
838 4499 1025 4572 triplici
1054 4498 1187 4553 clivo
1210 4496 1469 4565 subsidet3
1502 4517 1668 4554 unum
1700 4498 1844 4555 valde
1878 4518 2104 4573 pronum
2137 4498 2205 4554 ad

660 4582 933 4639 meridiem
970 4579 1163 4640 clau‘dit
1198 4583 1337 4639 vallis
1380 4603 1681 4649 nemorosa,
1721 4585 1884 4640 divisa
1920 4588 1973 4639 in
2018 4584 2205 4641 multas

731 4772 782 4827 3.
815 4771 1071 4843 Bithynia
1083 4772 1527 4849 promontorium]
1547 4775 1619 4830 V.
1644 4792 1802 4847 supra
1827 4785 1938 4830 not.
1966 4792 2116 4847 p.77,
2146 4779 2199 4841 4.

726 4855 781 4915 4.
824 4850 999 4906 Limes
1032 4848 1203 4907 distat
1228 4852 1297 4906 ab
1329 4869 1447 4908 ame
1477 4852 1693 4911 circiter
1718 4852 1941 4929 quinque
1980 4853 2200 4927 stadia]

654 4929 859 4999 Quodsi
886 4928 1261 4986 recentioribus
1296 4930 1484 4988 tabulis
1509 4932 1667 4989 fidem
1694 4933 1884 4990 habere
1915 4934 2035 4991 licet
2048 4973 2065 5001 ,
2094 4933 2205 4989 haec

650 5010 888 5081 quinque
911 5006 1199 5065 stadim-um
1225 5006 1468 5065 distantia
1488 5029 1595 5066 non
1622 5010 1759 5067 cadit
1779 5013 1878 5068 nisi
1904 5014 1962 5070 in
1992 5011 2205 5067 daeoen·

647 5102 770 5218 :ium
789 5088 883 5159 qui
898 5085 967 5141 ab
987 5105 1107 5222 aurive
1122 5098 1397 5223 emersus
1410 5088 1759 5156 occidentem3
1786 5108 1963 5145 versus
1986 5089 2201 5145 boream

686 5182 929 5221 escensus
955 5184 1013 5222 m
1070 5178 1125 5224 to
1246 5170 1361 5223 vior
1385 5178 1479 5223 est.

720 5240 773 5298 5.
799 5243 959 5299 Hunc
978 5245 1141 5301 situm
1156 5244 1395 5301 locorum
1412 5256 1741 5321 representat
1758 5248 1927 5320 imago
1945 5249 1999 5302 in
2016 5246 2203 5303 Clarke

648 5320 867 5377 vaels
909 5322 965 5377 ἰη
1006 5324 1227 5381 various
1254 5324 1514 5381 cous-eries
1552 5324 1831 5401 (london,
1881 5328 2029 5385 1813.
2075 5330 2135 5391 [θ’
2155 5326 2197 5401 ),

645 5408 775 5459 tom.
809 5402 863 5469 1,
890 5418 939 5457 c.
970 5408 1059 5457 26.
1100 5422 1155 5477 p.
1197 5407 1321 5461 680.
1355 5404 1593 5461 Clarkius
1619 5424 1782 5479 quum
1822 5406 1876 5460 in
1909 5406 2203 5478 Argyronio

2303 950 2606 1021 pervenitur
2639 952 2695 1006 in
2719 955 3070 1024 promontorii
3103 954 3293 1030 jugum
3327 960 3564 1033 planum.
3591 968 3864 1026 &cunctus

2305 1034 2465 1090 olivus
2510 1035 2828 1109 deprimitur
2863 1039 2931 1096 ad
2965 1045 3344 1116 septentriones
3380 1068 3610 1124 praeceps
3631 1065 3688 1109 et-
3725 1074 3860 1128 pene

2305 1120 2532 1177 directus
2545 1164 2561 1187 ,
2593 1122 2742 1198 cujus
2770 1124 2972 1181 radicas
3015 1147 3247 1187 summas
3282 1132 3478 1189 claudit
3509 1137 3653 1193 vallis
3673 1140 3860 1197 decur-

2305 1228 2423 1265 rens
2446 1229 2476 1265 a
2515 1229 2726 1266 summo
2750 1218 3102 1286 promontorii
3125 1215 3258 1291 jugo
3283 1220 3348 1275 ad
3375 1223 3698 1296 Bosporum,
3731 1228 3864 1283 imas

2307 1315 2428 1351 vero
2451 1298 2614 1369 cingit
2637 1296 2776 1353 idem
2809 1300 3103 1373 Bosporus,
3124 1307 3404 1361 retinentes
3427 1310 3639 1379 vestigia
3659 1311 3864 1385 antiqui

2304 1384 2542 1455 aedilicii,
2573 1384 2722 1458 cujus
2759 1385 3100 1447 fundamenta
3139 1394 3194 1446 in
3229 1394 3403 1449 littore
3438 1394 3580 1468 jacta
3620 1400 3860 1471 perspexi

2301 1490 2435 1547 pene
2451 1475 2659 1547 penitus
2679 1472 2870 1543 effodi,
2895 1488 2948 1531 et
2981 1484 3240 1554 tympanis
3260 1501 3293 1538 a
3315 1484 3506 1539 Turcis
3533 1484 3712 1539 efferri
3739 1504 3865 1543 saxa

2303 1560 2556 1633 quadrata
2633 1562 2882 1634 ingentia.
2939 1567 3236 1623 AEditicium
3311 1570 3483 1627 Graeci
3538 1572 3860 1646 appellabant

2303 1640 2618 1721 περιὸολήν,
2669 1649 2754 1703 alii
2789 1643 3156 1725 περιὸολίτην,
3209 1657 3356 1727 quasi
3394 1657 3642 1723 hortum,
3671 1668 3734 1713 ut
3761 1659 3866 1731 ipsi

2301 1733 2556 1807 putabant
2585 1733 2660 1789 ibi
2701 1734 2828 1789 olim
2874 1736 3056 1807 suisse;
3101 1760 3198 1812 ego
3245 1743 3399 1797 altius
3443 1742 3662 1797 ductum
3698 1754 3860 1817 puto,

2301 1816 2446 1888 quasi
2485 1813 2831 1875 Ποσειδώνιον
2853 1861 2866 1885 ,
2893 1817 2994 1874 hoc
3011 1830 3118 1885 cst,
3147 1820 3400 1892 templum
3431 1822 3699 1894 Neptuni3
3737 1840 3860 1877 nam

2302 1894 2485 1953 hortus
2508 1900 2605 1972 qui
2638 1918 2748 1955 esse
2773 1900 2948 1973 potuit
2987 1900 3040 1952 in
3085 1898 3262 1953 littore
3299 1897 3609 1971 confragoso
3633 1901 3859 1976 rupibus

2301 1988 2611 2061 praeruptis?
2631 1986 2784 2043 Adde
2805 1986 2950 2060 quod
2974 1986 3124 2059 juxta
3141 2004 3286 2042 mare
3314 1985 3570 2059 templum
3595 1989 3859 2060 Neptuni,

2302 2073 2446 2146 quod
2492 2072 2649 2148 juxta
2696 2075 2790 2131 has
2843 2074 3104 2146 angustias
3157 2071 3411 2129 Aristides
3453 2072 3615 2128 tradit
3629 2113 3646 2141 ,
3701 2076 3863 2129 situm

2304 2160 2458 2218 fuisse
2483 2164 2756 2231 convenit,
2778 2172 2937 2235 atque
2957 2162 3102 2217 Jovis
3141 2159 3425 2233 templum,
3467 2180 3573 2215 non
3595 2171 3770 2217 autem
3802 2161 3862 2216 in

2300 2266 2443 2316 arce,
2473 2248 2576 2303 boc
2601 2259 2712 2315 est,
2746 2250 3036 2304 insummo
3073 2248 3467 2321 promontorio,
3503 2248 3597 2303 sed
3635 2250 3856 2316 in-imo,

2301 2346 2359 2390 ut
2377 2355 2502 2397 cum
2522 2354 2587 2391 ex
2609 2335 2883 2392 antedictis
2910 2336 3148 2408 Dionysii
3172 2335 3424 2409 conjicio,
3455 2346 3569 2391 tum
3602 2356 3668 2393 ex
3695 2336 3863 2412 Apol·

2300 2422 2442 2477 lonio
2467 2421 2706 2478 tradente
2725 2426 3056 2495 Argonautas
3096 2421 3152 2476 in
3187 2421 3364 2478 littore
3399 2440 3542 2478 aram
3578 2422 3859 2479 duodecim

2299 2508 2399 2564 diis
2432 2510 2708 2575 excitasse;
2737 2520 2793 2563 at
2811 2510 2957 2564 littus
2984 2507 3142 2563 distat
3164 2508 3233 2563 ab
3253 2526 3371 2563 arce
3393 2510 3602 2565 circiter
3623 2511 3860 2583 quinque

2299 2592 2462 2649 stadia
2487 2595 2541 2661 ⁴5
2579 2612 2806 2666 veroque
2830 2596 3134 2667 proximum
3167 2612 3280 2648 esse
3319 2593 3548 2667 videtur,
3579 2613 3744 2669 prope
3770 2595 3855 2650 lit-

2299 2690 2380 2735 tus
2403 2679 2558 2736 suisse
2575 2680 2647 2735 ob
2671 2680 3100 2736 commoditatem
3123 2682 3476 2754 navigantium
3491 2722 3507 2747 ‚
3534 2692 3691 2755 atque
3708 2692 3856 2738 extra

2297 2785 2466 2823 arcem
2481 2808 2495 2831 ‚
2521 2786 2589 2822 ne
2614 2778 2812 2841 pateret
2827 2768 3056 2822 externis
3071 2786 3306 2823 acoessus
3317 2769 3384 2823 ad
3403 2768 3713 2841 capiendam
3734 2770 3862 2825 insi·

2297 2852 2397 2908 diis
2434 2871 2630 2909 arcem.
2655 2854 2864 2907 Tertius
2899 2853 3252 2925 promontorii
3285 2854 3448 2909 clivus
3474 2854 3612 2909 velut
3637 2854 3854 2911 dorsum

2297 2944 2526 2997 excurrit
2555 2960 2588 2997 a
2613 2959 2820 2996 summo
2835 2939 2967 3012 jugo
2984 2942 3040 2996 in
3065 2939 3421 3009 occidentem,
3447 2959 3614 3015 usque
3639 2942 3708 2997 ad
3733 2945 3862 2999 Bos-

2297 3031 2414 3105 pori
2439 3047 2672 3085 summas
2707 3029 2970 3100 angustias
2981 3069 3002 3100 ,
3041 3028 3215 3102 primo
3239 3026 3454 3100 quidem
3479 3030 3664 3084 leniter
3687 3048 3744 3085 se
3769 3049 3856 3085 re-

2299 3116 2460 3171 mittit
2479 3115 2547 3170 ah
2567 3123 2685 3169 aree
2697 3132 2862 3187 usque
2883 3112 3047 3168 ferme
3061 3112 3129 3169 ad
3147 3116 3438 3186 Bosporum
3460 3115 3628 3187 spatio
3638 3114 3853 3187 quidem

2300 3202 2507 3258 circiter
2552 3212 2777 3274 quatuor
2820 3199 3108 3256 stadiorum
3126 3240 3143 3267 ,
3186 3200 3333 3273 quod
3379 3198 3555 3255 adhuc
3605 3203 3854 3275 utrinque

2301 3288 2561 3343 moeuibus
2587 3288 2812 3359 antiquis
2843 3285 3025 3359 oppidi
3052 3287 3183 3341 Fani
3209 3286 3438 3341 cinctum
3464 3298 3726 3361 spectatur
3737 3288 3851 3360 jam

2300 3374 2505 3445 penitus
2532 3372 2720 3428 deserti
2745 3384 2799 3428 et
2817 3372 2980 3427 vineis
3014 3374 3201 3429 consiti
3219 3373 3240 3411 ⁵
3268 3389 3282 3429 ε
3311 3372 3504 3429 deinde
3537 3376 3636 3429 sub
3669 3377 3856 3431 moeni-

2302 3459 2398 3515 bus
2443 3461 2672 3533 antiquis
2715 3458 2864 3514 valde
2902 3458 3195 3533 propendet
3237 3478 3404 3533 usque
3445 3459 3513 3515 ad
3557 3463 3853 3534 Bosporum

2301 3548 2461 3603 clivus
2486 3547 2716 3603 efficiens
2737 3566 3045 3603 mucronem
3070 3549 3417 3621 promontorii
3433 3589 3449 3612 ‚
3475 3548 3611 3603 altus
3645 3550 3858 3605 circiter

2300 3644 2510 3689 centum
2551 3650 2732 3708 passus
2750 3673 2767 3701 ,
2812 3632 2947 3689 latus
2983 3632 3100 3707 plus
3139 3635 3312 3689 minus
3349 3643 3636 3703 trecentos,
3673 3634 3766 3690 ubi
3793 3636 3850 3690 in

2299 3722 2472 3777 littore
2488 3720 2824 3780 fundamenta
2851 3720 3098 3776 videntur
3122 3720 3370 3777 aedificata
3387 3762 3402 3788 ,
3427 3723 3620 3795 partim
3655 3722 3710 3777 in
3733 3740 3851 3779 sco-

2300 3808 2422 3881 pulo
2448 3808 2660 3864 distanti
2684 3826 2713 3862 a
2735 3808 3023 3863 continenti
3057 3809 3264 3863 circiter
3281 3808 3496 3879 triginta
3513 3826 3722 3883 passus,
3763 3826 3854 3869 re·

2297 3894 2602 3969 spondentia
2615 3895 2738 3951 moli
2752 3894 3057 3951 substructa
3077 3898 3132 3949 in
3149 3895 3324 3951 littore
3340 3898 3600 3970 Europaeo
3616 3894 3851 3969 subjecto

2296 3982 2394 4037 sub
2420 3983 2624 4037 Fanum
2642 3980 2954 4055 Europaeum
2977 3996 2993 4035 ε
3015 3982 3155 4035 inter
3174 3998 3302 4054 quas
3335 3978 3550 4053 quidem
3579 3980 3742 4037 moles
3773 4000 3858 4037 ca·

2296 4080 2413 4125 tena
2440 4068 2838 4134 extendebatur,
2867 4086 2936 4123 ne
2955 4069 3075 4142 quis
3102 4070 3318 4124 munitis
3335 4070 3492 4127 Fanis
3510 4070 3732 4143 Bospori
3757 4088 3852 4125 an-

2294 4156 2484 4227 gustias
2509 4156 2772 4214 namin-et.
2817 4154 2930 4208 Sub
2968 4156 3128 4210 imam
3157 4153 3340 4209 vallem
3373 4174 3405 4209 a
3444 4154 3658 4211 cardine
3693 4156 3850 4211 meri-

2291 4240 2448 4297 diano
2469 4240 2793 4297 claudentem
2829 4242 2958 4296 Fani
2991 4241 3205 4297 Asiatici
3233 4244 3657 4314 promontorium
3674 4282 3691 4309 ,
3721 4241 3846 4297 sub·

2285 4324 2456 4399 jectus
2483 4338 2562 4382 est
2581 4338 2766 4401 portus
2791 4327 3023 4399 optimus
3037 4366 3054 4393 ,
3081 4337 3134 4381 et
3161 4326 3308 4381 valde
3342 4326 3661 4401 profundus,
3691 4346 3848 4401 quem

2288 4431 2322 4469 a
2363 4413 2728 4487 septentrionis
2753 4424 2806 4469 et
2831 4412 3050 4468 orientis
3087 4412 3254 4467 ventis
3295 4424 3467 4467 tutum
3522 4412 3684 4469 efficit
3721 4432 3857 4487 pro--

2289 4502 2611 4555 montorium
2642 4500 2770 4555 Fani
2798 4517 3074 4572 nunquam
3110 4496 3218 4553 sere
3254 4499 3475 4554 navibus
3517 4510 3778 4557 carentem
3826 4520 3844 4558 t

2288 4604 2396 4661 quo
2415 4587 2571 4643 simili
2592 4598 2752 4662 portu
2777 4597 2920 4642 caret
2942 4587 3146 4641 Fanum
3168 4588 3516 4664 Europaeum3
3541 4587 3718 4660 itaque
3747 4587 3856 4643 ho-

2289 4792 2487 4847 prom.,
2524 4776 2611 4829 cui
2649 4773 2888 4829 Herculis
2925 4772 3087 4827 lectus
3103 4812 3121 4841 ,
3160 4791 3316 4846 quem
3362 4772 3642 4847 Dionysius
3684 4773 3840 4837 dicit,

2290 4850 2604 4927 superjacet,
2651 4869 2993 4925 permagnum
3037 4851 3296 4907 columna
3336 4852 3520 4906 ionicoe
3560 4850 3849 4923 capitulum

2288 4934 2594 5006 reperisset,
2633 4930 2848 4986 sortasse
2886 4930 2959 4985 ibi
2993 4930 3138 4986 Jovis
3169 4930 3284 4985 Urii
3322 4928 3572 5001 templum
3613 4930 3840 5003 positum

2290 5029 2400 5066 esse
2443 5012 2764 5084 suspicatur3
2795 5008 2938 5082 quod
2977 5020 3039 5064 ut
3075 5008 3188 5064 fieri
3227 5006 3417 5081 possit,
3457 5025 3652 5064 nomen
3690 5006 3841 5081 Ἱερὸν

2289 5090 2514 5163 χωρίον
2541 5090 2828 5159 (Marcian.
2853 5098 2906 5142 et
2924 5086 3106 5160 Polyb.
3129 5085 3148 5159 )
3168 5085 3236 5141 ad
3255 5096 3418 5141 totam
3438 5086 3704 5157 regionem
3726 5104 3846 5161 quae

2290 5167 2560 5240 hucusque
2577 5168 2826 5240 pertinet,
2847 5164 3181 5220 referendum
3199 5182 3309 5219 esse
3330 5174 3498 5237 putat.
3521 5163 3713 5220 Clarkii
3730 5178 3845 5218 sen·

2290 5248 2503 5302 tentiam
2527 5246 2795 5320 adoptasse
2818 5245 3025 5299 videtur
3048 5244 3333 5316 Kiepertus,
3353 5253 3609 5315 quantum
3633 5260 3698 5297 ex
3719 5260 3852 5316 par-

2290 5325 2407 5381 vula
2435 5326 2655 5399 Bospori
2686 5323 2863 5379 tabula
2879 5364 2894 5389 ,
2935 5340 3091 5395 quam
3123 5322 3278 5377 Ponti
3304 5322 3499 5377 Euxini
3538 5338 3738 5395 mappae
3761 5322 3852 5375 vir

2289 5403 2618 5459 doctissimus
2640 5402 2884 5469 inseruit,
2910 5400 3192 5472 intelligere
3217 5400 3354 5455 licet.
