4584 6284
656 588 733 640 60
1900 568 2232 633 DlONYSll
2278 568 2638 631 BYzANTn

644 710 839 765 fluvius
862 709 917 761 in
942 708 1117 761 sinum
1133 745 1148 772 ,
1175 714 1325 761 ortus
1342 722 1375 759 a
1396 705 1591 759 vertice
1608 702 1753 758 collis
1770 702 2047 757 eminentis
2066 718 2224 773 supra

645 797 833 853 vallem
875 795 1287 870 Chrysorrhoas,
1320 794 1378 847 in
1413 810 1523 866 quo
1562 791 1676 846 dixi
1704 791 1971 862 antiquam
2001 788 2223 861 pharum

646 885 774 941 olim
799 884 961 939 fuisse
975 923 993 952 ,
1012 894 1064 938 et
1094 901 1127 937 a
1158 881 1397 937 fontibus
1417 880 1590 954 pergit
1612 898 1643 933 a
1675 876 1894 932 meridie
1932 874 2000 931 ad
2022 886 2224 949 septen·

645 976 846 1031 triones
864 1015 880 1041 ,
930 974 988 1027 in
1024 968 1418 1044 longitudinem
1463 970 1675 1023 circiter
1720 978 1947 1039 quatuor
1980 964 2228 1019 miliario-

644 1084 769 1121 rum
792 1086 809 1133 ς
835 1062 963 1120 inde
998 1059 1069 1115 ad
1091 1060 1355 1116 orientem
1379 1054 1670 1130 procedens
1693 1055 1899 1109 circiter
1921 1064 2041 1108 octo
2059 1051 2224 1107 stadia

643 1151 945 1226 ingreditur
986 1150 1166 1203 sinum
1204 1144 1557 1219 Myrleauum.
1636 1142 1798 1197 Omni
1826 1142 1952 1197 anni
1990 1150 2225 1215 tempore

647 1243 771 1298 fluit
794 1235 1033 1313 liquidus
1061 1246 1116 1291 et
1141 1235 1343 1300 clarus,
1382 1250 1492 1305 quo
1531 1230 1727 1286 factum
1750 1241 1855 1297 est,
1884 1238 1947 1285 ut
1966 1229 2123 1290 sinus.
2139 1228 2227 1284 hic

647 1349 787 1403 soepe
810 1348 843 1385 a
862 1326 1086 1382 diversis
1114 1323 1380 1380 habitatus
1402 1320 1587 1386 fucrit,
1623 1321 1857 1393 primum
1878 1336 1911 1374 a
1934 1317 2226 1374 Thracibus

648 1418 858 1474 Phineo
884 1413 998 1485 regi
1042 1410 1297 1477 subditis,
1336 1407 1531 1465 deinde
1567 1426 1601 1463 a
1644 1408 1848 1481 Lyciis,
1887 1416 2155 1480 postremo
2194 1426 2225 1461 a

650 1502 940 1576 Myrleanis
952 1540 969 1567 ,
1002 1497 1147 1554 unde
1178 1499 1325 1553 sinus
1362 1494 1647 1570 appellatus
1686 1495 1971 1568 Lyciorum
1986 1532 2003 1559 ,
2033 1491 2226 1548 deinde

648 1594 1069 1665 Myrleanorum.
1145 1584 1451 1643 Profundus
1490 1597 1569 1641 est
1597 1594 1651 1639 et
1677 1601 1984 1656 magnarum
2009 1586 2224 1638 navium

650 1698 846 1753 capax,
873 1676 1113 1750 undique
1150 1674 1261 1730 sere
1297 1684 1461 1728 tutus.
1534 1672 1623 1729 Ab
1662 1681 1783 1726 ortu
1808 1672 1933 1727 solis
1958 1681 2141 1726 contra
2170 1689 2228 1726 se

648 1772 815 1827 habet
833 1772 1011 1825 sinum
1048 1765 1205 1837 vulgo
1232 1764 1565 1819 nominatum
1593 1762 1723 1816 Dios
1745 1779 1919 1828 εισι-ας
1950 1759 2063 1833 ejus
2101 1778 2225 1816 saxa

651 1869 781 1914 sunt
804 1856 1029 1913 obscure
1046 1853 1273 1927 Cyanes,
1295 1849 1389 1905 ubi
1412 1859 1538 1905 sunt
1558 1850 1721 1904 totius
1738 1848 1954 1921 Bospori
1975 1849 2226 1905 viciniora

652 1951 851 2005 Ponto.
919 1948 1038 2001 Jam
1066 1959 1193 1998 vero
1218 1941 1313 1997 ubi
1353 1940 1511 1995 suerit
1535 1934 1914 2011 Aphrodisium
1932 1978 1948 2005 ,
1978 1937 2126 2011 quod
2160 1957 2225 1993 ex

654 2035 918 2109 Dionysio
956 2042 1079 2088 ante
1109 2030 1264 2104 posui
1291 2030 1430 2084 inter
1460 2038 1648 2103 portus
1670 2025 2017 2098 Ephesiorum
2038 2036 2092 2081 et
2119 2029 2221 2100 Ly·

653 2124 900 2181 ciorum?
922 2120 987 2177 Id
1004 2120 1248 2177 existimo
1283 2118 1444 2173 fuisse
1463 2118 1682 2193 propius
1702 2127 1914 2190 portum
1940 2115 2224 2189 Lyciorum

654 2231 819 2287 quam
841 2209 1215 2285 Ephesiorum.
1289 2207 1365 2261 Ut
1388 2206 1530 2260 enim
1558 2202 1780 2278 Ephesii,
1798 2204 2022 2258 Dianam
2048 2203 2223 2258 colen-

651 2312 733 2356 tes
758 2295 1037 2356 verisimile
1058 2306 1138 2351 est
1158 2296 1386 2349 Dianam
1408 2291 1755 2366 Phosphoron
1792 2291 2025 2364 posuisse
2058 2308 2226 2365 prope

650 2400 871 2465 portum
886 2389 1253 2459 Bosporanum
1288 2380 1637 2455 Ephesiorum
1664 2378 1863 2435 dictum
1894 2399 1907 2437 :
1936 2381 2007 2435 ita
2036 2383 2224 2455 Lycios

650 2477 899 2533 existimo
930 2473 1171 2529 statuisse
1194 2487 1392 2545 propre
1412 2480 1625 2543 portum
1646 2469 1728 2523 sui
1748 2469 1978 2523 nominis
2000 2478 2222 2523 statuam

648 2566 909 2631 Veneris,
941 2579 1102 2636 quam
1127 2560 1275 2616 cultu
1295 2558 1492 2614 eximio
1518 2558 1990 2631 prosequebantur,
2036 2568 2095 2611 ut
2118 2560 2223 2630 Ly-

649 2657 856 2711 ciorum
876 2654 1132 2726 reginam,
1154 2649 1391 2705 versibus
1402 2647 1731 2704 decantatam
1749 2648 1919 2704 Procli
1938 2648 2084 2722 Lycii
2103 2649 2223 2722 phi-

646 2742 875 2817 losophi.
948 2742 1121 2813 Prope
1155 2739 1298 2793 enim
1338 2737 1621 2809 Myrelium
1649 2734 2000 2791 formidabilia
2035 2738 2221 2809 praeci-

646 2832 777 2905 pitia
793 2872 809 2897 ,
858 2846 1091 2904 quorum
1148 2828 1254 2881 ima
1296 2843 1418 2899 pars
1471 2823 1709 2880 subsidet
1770 2835 1823 2879 et
1879 2822 2217 2892 subducitur,

643 2938 851 2976 summa
874 2917 1174 2992 projicitur,
1194 2925 1257 2970 ut
1275 2913 1561 2970 domorum
1584 2911 1819 2987 projecta
1847 2924 2003 2981 tecta,
2026 2916 2223 2987 quibus

640 3018 813 3063 statua
849 3022 1047 3078 araque
1072 3003 1298 3058 Veneris
1314 3041 1331 3069 ,
1356 3010 1419 3057 ut
1462 3003 1537 3057 ait
1564 3003 1879 3075 Dionysius,
1924 3001 2217 3073 tegebatur.

638 3099 825 3168 Itaque
842 3093 1037 3149 rectius
1053 3088 1514 3164 interpretandum
1537 3090 1725 3162 putavi
1743 3090 2081 3163 Dionysium,
2099 3108 2221 3145 cum

640 3186 755 3240 ait:
787 3173 873 3237 ἐπ’
902 3175 1045 3255 αὐτῷ
1085 3172 1211 3254 [τῷ]
1234 3180 1255 3207 ²
1294 3168 1471 3249 λιμένι
1509 3166 1724 3231 Λυκίων
1756 3169 2044 3252 Μυρίλειόν
2080 3172 2217 3245 ἔστι,

640 3290 809 3347 supra
826 3270 961 3325 hunc
989 3279 1205 3342 portum
1228 3267 1505 3340 &itionem
1535 3278 1615 3322 est
1634 3266 1967 3337 Hyr-Heium,
1993 3285 2151 3340 quam
2180 3270 2222 3322 si

641 3360 969 3433 interpretati
996 3358 1273 3412 fuissemus
1310 3376 1324 3414 :
1356 3368 1487 3432 post
1521 3356 1661 3412 laune
1692 3368 1911 3430 portum
1946 3355 2222 3429 Lyciorum

663 3459 744 3501 est
769 3445 1075 3517 Hyr-Heium
1092 3467 1111 3508 ‚·
1130 3463 1252 3499 nam
1274 3454 1390 3498 tum
1411 3445 1700 3517 Lyciorum
1720 3454 1906 3516 portus
1930 3454 2067 3499 esset
2084 3464 2227 3517 mag-

648 3551 752 3588 nus
769 3532 1089 3605 Aphosiatis,
1110 3540 1161 3585 et
1178 3528 1531 3603 Aphodisium
1552 3529 1736 3586 suisset
1756 3531 1811 3585 in
1827 3533 2220 3604 promontorio,

650 3618 803 3693 quod
846 3635 1069 3692 parvum
1112 3616 1425 3691 Aphosiatin
1482 3635 1514 3671 a
1546 3635 1740 3689 magno
1775 3616 1967 3672 dividit
2010 3635 2024 3673 :
2067 3630 2119 3673 at
2153 3619 2224 3673 ibi

660 3707 1045 3783 Aphrodisium
1074 3725 1182 3763 nou
1212 3716 1409 3762 tectum
1433 3706 1615 3762 suisset
1638 3706 1957 3763 formidabili
1985 3710 2224 3782 praecipi-

655 3798 766 3864 tio;
811 3793 941 3851 illud
987 3795 1130 3851 enim
1191 3813 1299 3850 non
1342 3792 1411 3849 ab
1454 3796 1565 3849 imo
1610 3793 1947 3863 subducitur,
1988 3814 2161 3869 neque
2196 3815 2225 3851 a

654 3904 867 3943 summo
892 3884 1187 3960 projicitur,
1208 3882 1303 3940 sed
1327 3885 1579 3957 dirigitur
1596 3882 1666 3939 ad
1687 3883 2149 3959 perpendiculum.

654 4057 828 4113 xxn.
866 4058 945 4109 De
977 4052 1235 4129 Gypopoli
1259 4064 1311 4108 et
1339 4052 1403 4107 de
1438 4052 1582 4109 aulis
1613 4051 1805 4108 Phinei
1832 4063 1883 4108 ee
1906 4052 2102 4123 Amyci
2129 4057 2225 4108 Be-

1334 4141 1527 4213 boris.

723 4291 1151 4348 Promontorium
1166 4331 1184 4358 ,
1226 4288 1371 4363 quod
1405 4307 1436 4344 a
1462 4291 1907 4364 septentrionibus
1938 4291 2135 4348 claudit
2156 4294 2226 4347 si-

656 4398 787 4437 num
814 4378 1089 4454 Myrleium
1112 4418 1129 4446 ,
1173 4387 1346 4432 totum
1372 4394 1587 4432 saxeum
1624 4387 1678 4432 et
1704 4395 1891 4451 parum
1918 4378 2083 4434 latum
2116 4382 2229 4435 exi-

658 4470 770 4538 stit,
788 4482 849 4525 ut
859 4468 1003 4543 quod
1027 4470 1118 4536 (in
1138 4484 1389 4541 passuum
1406 4466 1793 4538 longitudinem
1815 4468 1934 4543 plus
1952 4470 2225 4542 minusve)

659 4558 985 4615 latitudinem
1013 4575 1260 4631 passuum
1282 4575 1391 4612 non
1418 4556 1637 4613 excedat
1657 4556 1809 4613 aliam
1848 4546 2224 4626 ducentorum,

661 4646 818 4701 aliam
856 4655 1229 4700 trecentorum.
1257 4646 1339 4699 Ex
1377 4644 1545 4700 tribus
1578 4644 1819 4718 partibus
1844 4646 1978 4701 mari
2010 4658 2103 4701 aut
2126 4648 2227 4701 ssu-

662 4736 809 4792 mine
827 4731 1204 4801 circumdatur,
1228 4752 1260 4788 a
1274 4732 1495 4788 meridie
1513 4733 1727 4807 quidem
1754 4736 1871 4789 sinu
1890 4735 2157 4809 Myrleano
2178 4748 2232 4791 et

2315 700 2506 771 primas
2533 701 2754 772 Bospori
2798 700 2970 754 fauces
3009 711 3062 754 et
3103 704 3330 756 Pontum
3367 702 3590 777 rupibus
3637 704 3878 773 excelsis,

2311 787 2586 859 praeruptis
2620 786 2950 858 propendere
2981 785 3196 843 directis
3222 806 3253 842 a
3278 805 3491 844 summo
3519 792 3874 862 promontorii

2315 874 2502 927 vertice
2527 872 2596 927 ad
2633 874 2763 928 imas
2780 872 2983 929 radices
3016 893 3162 929 mare
3186 876 3496 946 attingentes
3513 916 3530 943 ,
3563 894 3682 949 quae
3709 896 3879 934 reces-

2313 979 2398 1015 sus
2419 961 2705 1017 admittunt
2720 980 2909 1036 parvos
2921 1003 2937 1030 ,
2957 962 3178 1020 refertos
3191 964 3493 1035 ingentibus
3509 967 3664 1034 saxis,
3686 966 3883 1040 abrup-

2313 1052 2378 1104 tis
2402 1069 2467 1106 ex
2507 1052 2722 1124 antiqua
2747 1054 2934 1120 ruina,
2965 1050 3260 1108 desinentes
3286 1054 3341 1107 in
3375 1054 3648 1127 speluncas
3675 1058 3877 1128 promi-

2315 1140 2554 1196 nentibus
2575 1140 2798 1215 rupibus
2819 1151 2998 1208 tectas,
3024 1159 3249 1214 quarum
3275 1160 3378 1197 una
3409 1161 3627 1215 vergens
3655 1144 3724 1199 ad
3754 1145 3879 1201 solis

2311 1239 2488 1284 ortum
2517 1231 2571 1283 iu
2599 1248 2781 1285 omnes
2801 1241 2976 1303 partes
3009 1242 3152 1304 patet
3178 1233 3360 1304 viginti
3397 1234 3635 1306 quinque
3658 1251 3874 1307 passus,

2315 1334 2428 1371 eam
2457 1316 2583 1371 olim
2611 1316 2843 1372 arbitror
2870 1319 3138 1373 Thracum
3180 1320 3463 1391 agrestium
3489 1319 3759 1376 latronum
3782 1321 3880 1378 do-

2315 1402 2564 1458 micilium
2591 1404 2830 1460 naturale
2852 1405 3036 1474 fuisse,
3061 1408 3365 1481 priusquam
3393 1408 3614 1464 aedificia
3647 1410 3876 1466 incolere

2312 1492 2580 1547 assuefacti
2602 1504 2790 1550 assent.
2820 1494 2962 1549 Olim
2985 1495 3208 1568 majores
3228 1495 3502 1569 speluncas
3524 1496 3682 1553 fuisse
3701 1507 3877 1554 osten-

2313 1577 2447 1635 dunt
2467 1580 2652 1634 crebra
2682 1581 3016 1654 ingentiaque
3037 1600 3160 1637 saxa
3181 1593 3301 1637 ante
3323 1584 3596 1655 speluncas
3620 1583 3878 1657 projecta,

2313 1668 2379 1722 ab
2419 1667 2846 1747 impendentibus
2905 1671 3132 1725 ruinosis
3185 1670 3408 1743 rupibus
3458 1671 3682 1745 abrupta
3725 1674 3883 1746 longa

2313 1759 2562 1830 temporis
2589 1768 2860 1813 vetustate.
2890 1760 3026 1813 Nam
3050 1768 3247 1813 veteres
3261 1757 3494 1813 Thraces
3515 1777 3578 1813 ex
3599 1758 3879 1816 latrocinio

2313 1844 2540 1899 viventes
2561 1854 2900 1899 externorum
2927 1844 3058 1899 adeo
3083 1843 3320 1899 crudeles
3354 1844 3529 1899 hostes
3558 1843 3790 1913 suerunt,
3819 1858 3881 1902 ut

2313 1930 2380 1985 de
2404 1950 2502 1987 suo
2543 1931 2598 1988 in
2636 1941 2882 1986 externos
2925 1930 3049 1986 odio
3090 1948 3382 2003 cognomen
3423 1928 3666 1986 dederint
3707 1934 3884 1990 Ponto

2313 2038 2420 2075 non
2467 2020 2631 2076 modo
2675 2019 3096 2093 inhospitalitatis
3140 2017 3414 2092 cujusdam
3432 2060 3448 2087 ,
3497 2019 3589 2074 sed
3630 2025 3874 2096 perpetui

2311 2105 2421 2161 odii
2455 2109 2569 2162 sine
2595 2109 2904 2181 exceptione
2933 2124 3146 2162 omnem
3188 2106 3662 2179 peregrinationem
3697 2111 3880 2180 praeci·

2312 2191 2515 2261 dentis;
2549 2186 2750 2255 ἄξεινον
2793 2213 2978 2250 omnes
3008 2194 3364 2269 appellarunt,
3413 2195 3694 2268 Sophocles
3739 2190 3878 2249 ἀπό-

2312 2272 2471 2342 ξεινον
2489 2320 2506 2349 ,
2526 2284 2845 2357 Lycophron
2866 2274 3188 2352 κακόξιινον,
3215 2304 3335 2339 cum
3363 2286 3433 2341 ob
3466 2285 3578 2358 ejus
3602 2288 3880 2360 navigandi

2311 2370 2700 2443 difficultatem,
2730 2384 2852 2429 tum·
2874 2373 2946 2428 ob
2976 2370 3209 2444 ejusdem
3237 2371 3436 2429 accolas
3466 2373 3740 2443 barbaros,
3783 2378 3876 2449 qui

2311 2460 2602 2536 Bosporum
2627 2462 2703 2517 sic
2731 2463 2965 2518 clausum
2993 2472 3276 2516 tenuerunt
3293 2502 3310 2529 ,
3337 2472 3399 2517 ut
3413 2464 3584 2537 poetis
3606 2465 3878 2519 materiam

2311 2546 2551 2603 dederint
2573 2548 2807 2621 fingendi
2832 2559 3006 2623 petras
3023 2550 3253 2622 Cyaneas
3279 2548 3416 2604 inter
3434 2568 3491 2603 se
3513 2552 3840 2605 concurrisse
3856 2589 3875 2617 ,

2312 2652 2502 2708 easque
2525 2646 2648 2690 ante
2673 2638 2919 2691 Jasonem
2943 2653 3178 2708 unquam
3213 2646 3418 2709 apertas
3449 2635 3625 2691 fuisse.
3661 2637 3778 2691 Hoc
3797 2637 3881 2691 in-

2314 2726 2586 2798 terpretari
2615 2742 2900 2792 possumus
2931 2726 3178 2798 utrinque
3205 2724 3433 2779 latrones
3470 2728 3767 2798 Bosporum
3801 2736 3883 2781 to-

2310 2823 2425 2869 tum
2442 2813 2570 2869 olim
2602 2814 2835 2887 Cyaneas
2861 2812 3174 2887 appellatum
3214 2812 3502 2868 accolentes
3546 2814 3882 2887 intercepisse

2312 2903 2611 2975 navigantes
2633 2903 2689 2957 in
2716 2905 2946 2960 Pontum
2967 2941 2982 2969 ,
3021 2900 3546 2973 commodiorcmque
3566 2899 3716 2973 juxta
3750 2902 3878 2955 Bos-

2308 3006 2500 3063 porum
2513 2988 2694 3045 sedem
2714 2988 2908 3045 habere
2929 3007 3036 3043 non
3054 2988 3287 3061 potuisse
3302 2986 3370 3043 ad
3390 2985 3706 3043 obsidendas
3723 2988 3880 3045 Ponti

2309 3086 2487 3149 portas
2524 3094 2687 3149 quam
2723 3076 2868 3131 hunc
2907 3076 3082 3131 locum
3125 3076 3284 3129 situm
3326 3074 3385 3129 in
3423 3075 3612 3148 primis
3641 3071 3880 3129 saucibus

2311 3166 2566 3239 Bospori,
2587 3165 2870 3221 habentem
2907 3163 3177 3239 speluncas
3200 3182 3378 3219 saxeas
3401 3162 3678 3228 naturales,
3705 3162 3883 3235 quales

2315 3261 2553 3324 tempora
2594 3251 2679 3306 illa
2705 3250 3069 3325 postulabant,
3114 3269 3232 3323 quoe
3266 3250 3389 3304 alibi
3421 3252 3476 3304 in
3513 3258 3627 3303 toto
3663 3248 3882 3322 Bospori

2311 3340 2486 3395 littore
2525 3332 2790 3414 Europaeo
2825 3340 2978 3395 nulla!
3002 3339 3115 3395 aliae
3148 3350 3271 3394 sunt
3311 3356 3474 3411 quam
3505 3338 3604 3403 hae,
3633 3336 3884 3391 habentes

2311 3428 2615 3500 proximum
2658 3427 2881 3482 fluvium
2907 3444 3194 3499 perennem
3234 3436 3288 3481 et
3325 3424 3612 3498 potabilem
3652 3434 3890 3478 tantum·

2311 3532 2448 3587 que,
2478 3526 2708 3587 quantus
2746 3514 2920 3569 nullus
2944 3513 3100 3586 longo
3145 3511 3416 3567 intervallo
3453 3510 3746 3583 reperitur3
3772 3527 3884 3565 non

2311 3604 2626 3659 Scletrineus
2642 3643 2657 3670 ,
2678 3604 2770 3676 qui
2794 3602 3147 3675 propinquior
3158 3612 3236 3657 ωε
3249 3641 3266 3669 ,
3281 3618 3390 3655 non
3408 3598 3568 3654 ceteri
3593 3614 3778 3652 omnes
3794 3596 3880 3651 lit-

2313 3691 2442 3747 toris
2463 3691 2710 3764 Europaei
2739 3688 2962 3763 majores
2990 3690 3234 3744 defluunt
3257 3688 3313 3742 in
3336 3688 3656 3759 Bosporum.
3679 3686 3883 3755 Quam-

2313 3777 2498 3834 obrem
2525 3778 2694 3833 miror
2718 3778 3033 3851 Dionysium
3061 3777 3204 3831 hunc
3235 3774 3574 3849 praeteriisse,
3596 3790 3719 3827 cum
3755 3771 3884 3827 alios

2313 3868 2543 3923 minores
2565 3877 2618 3920 et
2640 3875 2752 3920 toto
2773 3883 2914 3919 anno
2941 3865 3159 3918 minime
3189 3881 3446 3937 perennes
3473 3860 3884 3934 haudquaquam

2282 3945 2286 3948 ⁵
2313 3954 2641 4027 praeterierit.
2670 3952 2767 4007 11ae
2798 3969 2957 4027 rupes
2985 3952 3094 4005 suis
3129 3949 3396 4016 radicibus
3437 3947 3506 4003 ad
3541 3966 3688 4003 mare
3712 3946 3888 4003 adhae·

2315 4050 2574 4096 reseentes
2611 4040 2846 4093 eminent
2879 4054 3038 4112 supra
3064 4056 3208 4092 mare
3245 4037 3302 4090 in
3327 4034 3717 4108 longitudinem
3744 4033 3886 4089 mille

2313 4145 2560 4201 passum
2569 4126 2817 4199 praecisse,
2837 4124 3070 4192 directae,
3085 4125 3282 4196 ubique
3300 4126 3438 4179 inter
3453 4142 3510 4178 se
3531 4123 3882 4189 continentes,

2313 4224 2534 4286 excepto
2570 4213 2761 4283 exiguo
2801 4213 2924 4267 sinu
2966 4210 3308 4277 intermediO,
3337 4228 3402 4263 ex
3449 4228 3559 4281 quo
3587 4207 3888 4263 ascenditur

2312 4304 2368 4356 in
2388 4298 2580 4373 jugum
2599 4299 2952 4373 promontorii
2970 4296 3278 4369 depressum
3295 4297 3436 4350 inter
3457 4312 3615 4368 rupes
3639 4295 3889 4367 utrinque

2312 4390 2602 4445 eminentes
2676 4387 2856 4443 multis
2929 4384 3344 4459 projectionibus
3366 4423 3381 4450 ,
3451 4380 3889 4455 subsidentasque

2315 4480 2494 4535 multis
2520 4476 2971 4534 contractionibus
3011 4476 3066 4529 in
3102 4474 3298 4529 multos
3335 4472 3554 4527 vertices
3585 4470 3886 4543 fastigiatas,

2317 4576 2376 4621 ut
2411 4566 2618 4621 castella
2646 4562 2888 4637 q'uaedam
2929 4564 3150 4634 agrestia
3186 4557 3748 4635 praeternavigantibus
3773 4576 3888 4615 esse

2317 4652 2611 4715 videantur,
2660 4652 2898 4706 turribus
2927 4649 3091 4716 elata,
3140 4658 3353 4721 aspectu
3392 4643 3616 4702 horrido
3642 4654 3695 4699 et
3736 4645 3889 4718 plane

2318 4742 2612 4796 barbarico.
2639 4740 2760 4796 Non
2782 4757 2894 4793 uno
2911 4735 3084 4811 lapide
3111 4736 3210 4791 311ae
3241 4745 3480 4790 constare
3502 4731 3770 4799 videntur,
3795 4730 3890 4787 sed

662 4824 907 4883 flumine.
944 4822 1093 4878 Illius
1140 4840 1325 4878 mucro
1363 4841 1473 4877 non
1514 4823 1668 4891 latior
1706 4822 1946 4878 ducentis
1994 4825 2233 4897 passibus
2321 4828 2659 4885 multitudine
2697 4826 2932 4901 lapidum
2991 4827 3130 4879 inter
3189 4842 3246 4877 se
3299 4830 3697 4895 compactorum
3750 4829 3891 4873 terra

664 4913 899 4987 Cingitur
928 4914 1153 4987 BOSPOfi
1190 4922 1413 4985 flnss'usto
1440 4912 1603 4967 &⁰³¹5
1632 4928 1645 4966 Ξ
1675 4922 1728 4967 81
1750 4912 1817 4967 ab
1848 4914 2094 4986 aquilone
2120 4912 2231 4987 jam
2322 4920 2528 4991 Cyanea
2570 4934 2823 4971 conversa
2869 4916 2928 4970 in
2966 4932 3088 4969 saxa
3113 4910 3312 4983 fragilia
3327 4950 3344 4977 ,
3385 4917 3638 4964 vetustate
3671 4907 3812 4961 inter
3836 4924 3893 4961 se

662 5001 945 5058 latioribus
965 5000 1153 5074 primis
1178 4998 1415 5055 saucibus
1448 5002 1669 5073 Bospori
1697 5000 1977 5056 clauditur.
2018 5001 2102 5057 Ab
2129 5004 2233 5057 hu·
2322 5004 2637 5058 cohaerentia
2655 5043 2671 5070 ,
2702 5004 2911 5076 Cyanee
2933 4999 3150 5073 quidem
3183 4998 3358 5053 colore
3377 5036 3392 5061 ,
3424 4994 3520 5050 sed
3560 4994 3889 5066 aliquantum

658 5088 749 5163 jus
789 5088 1007 5163 quidem
1052 5089 1404 5161 promontorii
1449 5106 1699 5143 mucrone
1739 5106 2044 5161 progressus
2077 5091 2237 5163 paulo
2326 5091 2504 5156 vario;
2535 5090 2634 5143 alia
2651 5090 2794 5144 enim
2832 5088 3169 5152 obscuriora,
3197 5085 3294 5139 alia
3315 5083 3569 5137 dilutiora
3589 5080 3632 5135 3.
3663 5082 3770 5135 Has
3797 5099 3891 5135 ru·

664 5176 895 5249 amplius
920 5176 1190 5247 sexaginta
1208 5192 1419 5248 passus,
1449 5172 1593 5229 vides
1616 5172 1728 5247 ejus
1758 5176 1890 5231 latus
1919 5193 2135 5247 vergens
2169 5175 2238 5231 ad
2327 5194 2438 5249 pes,
2467 5194 2612 5230 arcas
2639 5175 2854 5241 Phinei,
2887 5172 3104 5247 pulchre
3131 5170 3379 5225 describit
3405 5167 3712 5240 Dionysius.

662 5375 763 5435 sed
786 5377 1084 5450 Myrice-am.
1121 5376 1143 5447 11
1185 5405 1259 5417 -
1289 5390 1343 5430 2.
1380 5380 1452 5449 τῷ
1485 5372 1687 5429 addidi.
1730 5374 1850 5445 11-
1878 5376 1929 5430 3.
1963 5378 2045 5430 De
2085 5386 2274 5431 natura
2307 5375 2500 5430 horum
2541 5391 2789 5429 saxorum
2831 5390 2880 5425 v.
2917 5370 3218 5443 Antlreossy
3258 5369 3296 5426 l.
3327 5368 3362 5425 l.
3407 5386 3463 5441 p.
3506 5384 3607 5438 91;
3637 5367 3898 5419 Hammer

670 5454 1157 5530 Constantinopolis
1186 5473 1241 5509 u.
1272 5453 1367 5509 dee·
1386 5457 1680 5530 Bmpmm,
1712 5465 1840 5509 tom.
1872 5471 1925 5522 a,
1946 5472 2003 5529 p.
2031 5460 2157 5529 269.
