<?xml version="1.0" encoding="UTF-8"?>
<!DOCTYPE html PUBLIC "-//W3C//DTD XHTML 1.0 Transitional//EN"
    "http://www.w3.org/TR/xhtml1/DTD/xhtml1-transitional.dtd">
<html xmlns="http://www.w3.org/1999/xhtml" xml:lang="en" lang="en">
 <head>
  <title>
</title>
<meta http-equiv="Content-Type" content="text/html;charset=utf-8" />
  <meta name='ocr-system' content='tesseract 3.04.00' />
  <meta name='ocr-capabilities' content='ocr_page ocr_carea ocr_par ocr_line ocrx_word'/>
</head>
<body>
  <div class='ocr_page' id='page_1' title='image "./geographigraeci05mlgoog_0221.png"; bbox 0 0 4584 6284; ppageno 0'>
   <div class='ocr_carea' id='block_1_1' title="bbox 1957 534 2696 599">
    <p class='ocr_par' dir='ltr' id='par_1_1' title="bbox 1957 534 2696 599">
     <span class='ocr_line' id='line_1_1' title="bbox 1957 534 2696 599; baseline 0.005 -6"><span class='ocrx_word' id='word_1_1' title='bbox 1957 534 2179 595; x_wconf 73' lang='lat' dir='ltr'><strong>omns</strong></span> <span class='ocrx_word' id='word_1_2' title='bbox 2223 534 2696 599; x_wconf 81' lang='lat' dir='ltr'><strong>DESCRlPTlO.</strong></span> 
     </span>
    </p>
   </div>
   <div class='ocr_carea' id='block_1_2' title="bbox 789 666 2300 1882">
    <p class='ocr_par' dir='ltr' id='par_1_2' title="bbox 789 666 2297 1097">
     <span class='ocr_line' id='line_1_2' title="bbox 789 666 2297 747; baseline -0.001 -18"><span class='ocrx_word' id='word_1_3' title='bbox 789 692 870 733; x_wconf 77' lang='lat' dir='ltr'><strong>wo</strong></span> <span class='ocrx_word' id='word_1_4' title='bbox 912 666 1002 727; x_wconf 82' lang='grc' dir='ltr'><strong>καὶ</strong></span> <span class='ocrx_word' id='word_1_5' title='bbox 1031 666 1396 747; x_wconf 78' lang='grc' dir='ltr'>Καμαριτᾶων</span> <span class='ocrx_word' id='word_1_6' title='bbox 1421 668 1581 747; x_wconf 69' lang='grc' dir='ltr'>φῦλον</span> <span class='ocrx_word' id='word_1_7' title='bbox 1612 666 1750 743; x_wconf 80' lang='grc' dir='ltr'>μέγα</span> <span class='ocrx_word' id='word_1_8' title='bbox 1769 710 1784 737; x_wconf 93' lang='grc'>,</span> <span class='ocrx_word' id='word_1_9' title='bbox 1812 666 1894 725; x_wconf 87' lang='grc' dir='ltr'><strong>τοί</strong></span> <span class='ocrx_word' id='word_1_10' title='bbox 1921 689 2048 726; x_wconf 82' lang='grc' dir='ltr'>ποτε</span> <span class='ocrx_word' id='word_1_11' title='bbox 2085 666 2297 747; x_wconf 43' lang='lat' dir='ltr'><strong>Bam-ov</strong></span> 
     </span>
     <span class='ocr_line' id='line_1_3' title="bbox 906 752 2102 833; baseline -0.003 -18"><span class='ocrx_word' id='word_1_12' title='bbox 906 754 1085 815; x_wconf 82' lang='grc' dir='ltr'>Ἰνδῶν</span> <span class='ocrx_word' id='word_1_13' title='bbox 1107 757 1166 813; x_wconf 74' lang='grc' dir='ltr'>ἔκ</span> <span class='ocrx_word' id='word_1_14' title='bbox 1185 753 1438 831; x_wconf 79' lang='grc' dir='ltr'>πολέμοιο</span> <span class='ocrx_word' id='word_1_15' title='bbox 1465 754 1761 833; x_wconf 73' lang='grc' dir='ltr'>δεδεγμένοι</span> <span class='ocrx_word' id='word_1_16' title='bbox 1789 752 2070 821; x_wconf 70' lang='grc' dir='ltr'>ἐξείνισσαν</span> <span class='ocrx_word' id='word_1_17' title='bbox 2083 798 2102 827; x_wconf 95' lang='grc'>,</span> 
     </span>
     <span class='ocr_line' id='line_1_4' title="bbox 903 838 2100 921; baseline -0.001 -20"><span class='ocrx_word' id='word_1_18' title='bbox 903 841 995 901; x_wconf 76' lang='grc' dir='ltr'><strong>καὶ</strong></span> <span class='ocrx_word' id='word_1_19' title='bbox 1019 841 1153 919; x_wconf 72' lang='grc' dir='ltr'>μετὰ</span> <span class='ocrx_word' id='word_1_20' title='bbox 1181 841 1410 913; x_wconf 79' lang='grc' dir='ltr'>Ληνᾶων</span> <span class='ocrx_word' id='word_1_21' title='bbox 1440 838 1580 920; x_wconf 71' lang='grc' dir='ltr'>ἱερὸν</span> <span class='ocrx_word' id='word_1_22' title='bbox 1599 840 1756 921; x_wconf 75' lang='grc' dir='ltr'>χορὸν</span> <span class='ocrx_word' id='word_1_23' title='bbox 1785 842 2068 914; x_wconf 70' lang='grc' dir='ltr'>ἐστήσαντο</span> <span class='ocrx_word' id='word_1_24' title='bbox 2078 884 2100 911; x_wconf 84' lang='grc'>,</span> 
     </span>
     <span class='ocr_line' id='line_1_5' title="bbox 907 927 2217 1008; baseline -0.002 -21"><span class='ocrx_word' id='word_1_25' title='bbox 907 930 1130 1005; x_wconf 80' lang='grc' dir='ltr'>ζώματα</span> <span class='ocrx_word' id='word_1_26' title='bbox 1159 928 1251 990; x_wconf 75' lang='grc' dir='ltr'><strong>καὶ</strong></span> <span class='ocrx_word' id='word_1_27' title='bbox 1278 927 1521 1008; x_wconf 68' lang='grc' dir='ltr'>νεὸρῖδας</span> <span class='ocrx_word' id='word_1_28' title='bbox 1551 931 1639 987; x_wconf 80' lang='grc' dir='ltr'>ἐπὶ</span> <span class='ocrx_word' id='word_1_29' title='bbox 1663 928 1908 1000; x_wconf 70' lang='grc' dir='ltr'>στήθεσσι</span> <span class='ocrx_word' id='word_1_30' title='bbox 1939 928 2217 1007; x_wconf 82' lang='grc' dir='ltr'>βαλόντες,</span> 
     </span>
     <span class='ocr_line' id='line_1_6' title="bbox 913 1014 2280 1097; baseline -0.001 -22"><span class='ocrx_word' id='word_1_31' title='bbox 913 1019 1025 1076; x_wconf 76' lang='grc' dir='ltr'>εὐοῖ</span> <span class='ocrx_word' id='word_1_32' title='bbox 1051 1015 1236 1095; x_wconf 77' lang='grc' dir='ltr'>Βάκχε</span> <span class='ocrx_word' id='word_1_33' title='bbox 1265 1016 1532 1091; x_wconf 84' lang='grc' dir='ltr'>λε’γοντες·</span> <span class='ocrx_word' id='word_1_34' title='bbox 1553 1020 1582 1075; x_wconf 83' lang='grc' dir='ltr'><strong>ὁ</strong></span> <span class='ocrx_word' id='word_1_35' title='bbox 1605 1014 1660 1075; x_wconf 62' lang='grc' dir='ltr'><strong>δὲ</strong></span> <span class='ocrx_word' id='word_1_36' title='bbox 1687 1016 1837 1097; x_wconf 74' lang='grc' dir='ltr'>φρεσὶ</span> <span class='ocrx_word' id='word_1_37' title='bbox 1873 1015 2060 1097; x_wconf 72' lang='grc' dir='ltr'>φίλατο</span> <span class='ocrx_word' id='word_1_38' title='bbox 2079 1016 2280 1092; x_wconf 79' lang='grc' dir='ltr'>δαίμων</span> 
     </span>
    </p>

    <p class='ocr_par' dir='ltr' id='par_1_3' title="bbox 789 1102 2300 1537">
     <span class='ocr_line' id='line_1_7' title="bbox 789 1102 2102 1185; baseline -0.005 -18"><span class='ocrx_word' id='word_1_39' title='bbox 789 1127 870 1167; x_wconf 75' lang='lat' dir='ltr'><strong>7oe</strong></span> <span class='ocrx_word' id='word_1_40' title='bbox 911 1103 1100 1164; x_wconf 82' lang='grc' dir='ltr'>κείνων</span> <span class='ocrx_word' id='word_1_41' title='bbox 1125 1102 1418 1185; x_wconf 78' lang='grc' dir='ltr'>ἀνθρώπων</span> <span class='ocrx_word' id='word_1_42' title='bbox 1446 1102 1633 1182; x_wconf 78' lang='grc' dir='ltr'>γενεὴν</span> <span class='ocrx_word' id='word_1_43' title='bbox 1663 1102 1752 1163; x_wconf 79' lang='grc' dir='ltr'><strong>καὶ</strong></span> <span class='ocrx_word' id='word_1_44' title='bbox 1779 1104 1908 1175; x_wconf 83' lang='grc' dir='ltr'>ἤθεα</span> <span class='ocrx_word' id='word_1_45' title='bbox 1933 1102 2102 1181; x_wconf 80' lang='grc' dir='ltr'>γαίης.</span> 
     </span>
     <span class='ocr_line' id='line_1_8' title="bbox 903 1190 2142 1273; baseline -0.002 -20"><span class='ocrx_word' id='word_1_46' title='bbox 903 1194 1030 1261; x_wconf 80' lang='grc' dir='ltr'>Τοῖς</span> <span class='ocrx_word' id='word_1_47' title='bbox 1057 1194 1103 1251; x_wconf 79' lang='grc' dir='ltr'><strong>δ’</strong></span> <span class='ocrx_word' id='word_1_48' title='bbox 1137 1190 1228 1251; x_wconf 68' lang='grc' dir='ltr'><strong>ἔπι</strong></span> <span class='ocrx_word' id='word_1_49' title='bbox 1255 1190 1474 1264; x_wconf 84' lang='grc' dir='ltr'>Κασπίη</span> <span class='ocrx_word' id='word_1_50' title='bbox 1505 1190 1811 1267; x_wconf 83' lang='grc' dir='ltr'>κυμαίνεται</span> <span class='ocrx_word' id='word_1_51' title='bbox 1833 1191 2142 1273; x_wconf 69' lang='grc' dir='ltr'>ἀμφιτρίτη.</span> 
     </span>
     <span class='ocr_line' id='line_1_9' title="bbox 906 1276 2300 1359; baseline -0.004 -18"><span class='ocrx_word' id='word_1_52' title='bbox 906 1280 1058 1341; x_wconf 86' lang='grc' dir='ltr'><strong>Ῥεῖα</strong></span> <span class='ocrx_word' id='word_1_53' title='bbox 1087 1276 1148 1336; x_wconf 73' lang='grc' dir='ltr'><strong>δέ</strong></span> <span class='ocrx_word' id='word_1_54' title='bbox 1172 1300 1256 1337; x_wconf 86' lang='grc' dir='ltr'><strong>τοι</strong></span> <span class='ocrx_word' id='word_1_55' title='bbox 1286 1278 1378 1336; x_wconf 86' lang='grc' dir='ltr'><strong>καὶ</strong></span> <span class='ocrx_word' id='word_1_56' title='bbox 1405 1278 1558 1349; x_wconf 77' lang='grc' dir='ltr'>τήνδε</span> <span class='ocrx_word' id='word_1_57' title='bbox 1580 1280 1978 1359; x_wconf 74' lang='grc' dir='ltr'>καταγράψαιμι</span> <span class='ocrx_word' id='word_1_58' title='bbox 2005 1278 2300 1355; x_wconf 72' lang='grc' dir='ltr'>θάλασσαν,</span> 
     </span>
     <span class='ocr_line' id='line_1_10' title="bbox 907 1364 2299 1447; baseline -0.004 -20"><span class='ocrx_word' id='word_1_59' title='bbox 907 1369 968 1427; x_wconf 83' lang='grc' dir='ltr'><strong>οὗ</strong></span> <span class='ocrx_word' id='word_1_60' title='bbox 999 1366 1096 1443; x_wconf 72' lang='grc' dir='ltr'><strong>μὶν</strong></span> <span class='ocrx_word' id='word_1_61' title='bbox 1127 1366 1254 1425; x_wconf 72' lang='grc' dir='ltr'>ἰδὼν</span> <span class='ocrx_word' id='word_1_62' title='bbox 1299 1367 1555 1425; x_wconf 73' lang='grc' dir='ltr'>ἀπάνευθε</span> <span class='ocrx_word' id='word_1_63' title='bbox 1581 1365 1798 1447; x_wconf 81' lang='grc' dir='ltr'>πόρους,</span> <span class='ocrx_word' id='word_1_64' title='bbox 1837 1370 1896 1426; x_wconf 84' lang='grc' dir='ltr'><strong>οὖ</strong></span> <span class='ocrx_word' id='word_1_65' title='bbox 1929 1364 2016 1440; x_wconf 67' lang='grc' dir='ltr'><strong>νηὶ</strong></span> <span class='ocrx_word' id='word_1_66' title='bbox 2042 1364 2299 1446; x_wconf 75' lang='grc' dir='ltr'>περήσας·</span> 
     </span>
     <span class='ocr_line' id='line_1_11' title="bbox 910 1453 2104 1537; baseline -0.004 -21"><span class='ocrx_word' id='word_1_67' title='bbox 910 1457 970 1516; x_wconf 81' lang='grc' dir='ltr'><strong>οὗ</strong></span> <span class='ocrx_word' id='word_1_68' title='bbox 1001 1455 1104 1537; x_wconf 77' lang='grc' dir='ltr'>γάρ</span> <span class='ocrx_word' id='word_1_69' title='bbox 1134 1476 1224 1531; x_wconf 81' lang='grc' dir='ltr'><strong>μοι</strong></span> <span class='ocrx_word' id='word_1_70' title='bbox 1245 1454 1354 1533; x_wconf 84' lang='grc' dir='ltr'>βίος</span> <span class='ocrx_word' id='word_1_71' title='bbox 1382 1455 1494 1513; x_wconf 72' lang='grc' dir='ltr'>ἐστὶ</span> <span class='ocrx_word' id='word_1_72' title='bbox 1515 1456 1808 1533; x_wconf 70' lang='grc' dir='ltr'>μελαινάων</span> <span class='ocrx_word' id='word_1_73' title='bbox 1828 1453 1912 1513; x_wconf 74' lang='grc' dir='ltr'>ἐπὶ</span> <span class='ocrx_word' id='word_1_74' title='bbox 1935 1457 2104 1527; x_wconf 80' lang='grc' dir='ltr'>νηῶν,</span> 
     </span>
    </p>

    <p class='ocr_par' dir='ltr' id='par_1_4' title="bbox 789 1540 2295 1882">
     <span class='ocr_line' id='line_1_12' title="bbox 789 1540 2218 1623; baseline -0.005 -17"><span class='ocrx_word' id='word_1_75' title='bbox 789 1565 872 1606; x_wconf 80' lang='lat' dir='ltr'><strong>‘no</strong></span> <span class='ocrx_word' id='word_1_76' title='bbox 913 1543 1034 1603; x_wconf 78' lang='grc' dir='ltr'>οὖδέ</span> <span class='ocrx_word' id='word_1_77' title='bbox 1062 1564 1151 1620; x_wconf 81' lang='grc' dir='ltr'><strong>μοι</strong></span> <span class='ocrx_word' id='word_1_78' title='bbox 1179 1541 1402 1621; x_wconf 73' lang='grc' dir='ltr'>ἕμπορίη</span> <span class='ocrx_word' id='word_1_79' title='bbox 1425 1540 1720 1623; x_wconf 82' lang='grc' dir='ltr'>πατρώιος,</span> <span class='ocrx_word' id='word_1_80' title='bbox 1747 1544 1851 1601; x_wconf 78' lang='grc' dir='ltr'>οὐδ’</span> <span class='ocrx_word' id='word_1_81' title='bbox 1877 1540 1964 1601; x_wconf 67' lang='grc' dir='ltr'>ἰπὶ</span> <span class='ocrx_word' id='word_1_82' title='bbox 2003 1542 2218 1618; x_wconf 76' lang='grc' dir='ltr'>Γάγγην</span> 
     </span>
     <span class='ocr_line' id='line_1_13' title="bbox 910 1620 2292 1710; baseline -0.001 -21"><span class='ocrx_word' id='word_1_83' title='bbox 910 1630 1163 1710; x_wconf 77' lang='grc' dir='ltr'>ἔρχομαι,</span> <span class='ocrx_word' id='word_1_84' title='bbox 1195 1620 1280 1688; x_wconf 74' lang='grc' dir='ltr'>οἶοί</span> <span class='ocrx_word' id='word_1_85' title='bbox 1303 1650 1360 1686; x_wconf 85' lang='grc' dir='ltr'>τε</span> <span class='ocrx_word' id='word_1_86' title='bbox 1387 1630 1590 1702; x_wconf 83' lang='grc' dir='ltr'>πολλοὶ,</span> <span class='ocrx_word' id='word_1_87' title='bbox 1617 1628 1928 1709; x_wconf 80' lang='grc' dir='ltr'>Ἐρυθραίου</span> <span class='ocrx_word' id='word_1_88' title='bbox 1955 1628 2042 1688; x_wconf 67' lang='grc' dir='ltr'><strong>διὰ</strong></span> <span class='ocrx_word' id='word_1_89' title='bbox 2063 1627 2260 1688; x_wconf 82' lang='grc' dir='ltr'>πόντου</span> <span class='ocrx_word' id='word_1_90' title='bbox 2276 1672 2292 1699; x_wconf 87' lang='grc'>,</span> 
     </span>
     <span class='ocr_line' id='line_1_14' title="bbox 910 1714 2295 1882; baseline -0.003 -21"><span class='ocrx_word' id='word_1_91' title='bbox 910 1714 2295 1882; x_wconf 50' lang='lat'><strong>335533312‘22135012‘235333152332&#39;3:215?</strong></span> 
     </span>
    </p>
   </div>
   <div class='ocr_carea' id='block_1_3' title="bbox 737 1965 2304 3451">
    <p class='ocr_par' dir='ltr' id='par_1_5' title="bbox 737 1965 2304 3451">
     <span class='ocr_line' id='line_1_15' title="bbox 747 1965 2299 2041; baseline -0.002 -20"><span class='ocrx_word' id='word_1_92' title='bbox 747 1980 1070 2040; x_wconf 65' lang='lat' dir='ltr'><strong>‹pantopere</strong></span> <span class='ocrx_word' id='word_1_93' title='bbox 1089 1965 1321 2041; x_wconf 85' lang='lat' dir='ltr'><strong>pondere</strong></span> <span class='ocrx_word' id='word_1_94' title='bbox 1342 1978 1554 2021; x_wconf 62' lang='lat' dir='ltr'><strong>careant</strong></span> <span class='ocrx_word' id='word_1_95' title='bbox 1569 2007 1585 2031; x_wconf 91' lang='lat'><strong>,</strong></span> <span class='ocrx_word' id='word_1_96' title='bbox 1605 1968 1853 2021; x_wconf 87' lang='lat' dir='ltr'><strong>similium</strong></span> <span class='ocrx_word' id='word_1_97' title='bbox 1877 1978 2299 2021; x_wconf 87' lang='lat' dir='ltr'><strong>commentorum</strong></span> 
     </span>
     <span class='ocr_line' id='line_1_16' title="bbox 746 2042 2299 2119; baseline -0.001 -20"><span class='ocrx_word' id='word_1_98' title='bbox 746 2047 1132 2119; x_wconf 82' lang='lat' dir='ltr'><strong>comparatione</strong></span> <span class='ocrx_word' id='word_1_99' title='bbox 1171 2042 1328 2099; x_wconf 88' lang='lat' dir='ltr'><strong>docet</strong></span> <span class='ocrx_word' id='word_1_100' title='bbox 1348 2045 1581 2099; x_wconf 70' lang='lat' dir='ltr'><strong>Ukenus</strong></span> <span class='ocrx_word' id='word_1_101' title='bbox 1601 2046 1793 2115; x_wconf 88' lang='lat' dir='ltr'><strong>Geogr.</strong></span> <span class='ocrx_word' id='word_1_102' title='bbox 1832 2045 1885 2110; x_wconf 83' lang='lat'><strong>3,</strong></span> <span class='ocrx_word' id='word_1_103' title='bbox 1911 2060 1964 2108; x_wconf 68' lang='grc' dir='ltr'>α,</span> <span class='ocrx_word' id='word_1_104' title='bbox 1995 2062 2052 2116; x_wconf 92' lang='lat' dir='ltr'><strong>p.</strong></span> <span class='ocrx_word' id='word_1_105' title='bbox 2091 2060 2153 2114; x_wconf 85' lang='lat'><strong>¹9</strong></span> <span class='ocrx_word' id='word_1_106' title='bbox 2182 2060 2299 2114; x_wconf 88' lang='lat' dir='ltr'><strong>sqq.</strong></span> 
     </span>
     <span class='ocr_line' id='line_1_17' title="bbox 752 2120 2301 2195; baseline -0.004 -16"><span class='ocrx_word' id='word_1_107' title='bbox 752 2126 774 2194; x_wconf 90' lang='grc' dir='ltr'><strong>ΙΙ</strong></span> <span class='ocrx_word' id='word_1_108' title='bbox 805 2154 876 2165; x_wconf 93' lang='grc'>-</span> <span class='ocrx_word' id='word_1_109' title='bbox 903 2140 1027 2191; x_wconf 88' lang='grc'><strong>700.</strong></span> <span class='ocrx_word' id='word_1_110' title='bbox 1055 2123 1387 2195; x_wconf 78' lang='grc' dir='ltr'>Μακαριτάων</span> <span class='ocrx_word' id='word_1_111' title='bbox 1418 2127 1486 2185; x_wconf 88' lang='lat' dir='ltr'><strong>H,</strong></span> <span class='ocrx_word' id='word_1_112' title='bbox 1513 2123 1875 2193; x_wconf 80' lang='grc' dir='ltr'>Μακαριτάτων</span> <span class='ocrx_word' id='word_1_113' title='bbox 1905 2139 2088 2192; x_wconf 86' lang='lat' dir='ltr'><strong>margo</strong></span> <span class='ocrx_word' id='word_1_114' title='bbox 2113 2124 2162 2186; x_wconf 73' lang='grc' dir='ltr'>ζς</span> <span class='ocrx_word' id='word_1_115' title='bbox 2189 2120 2301 2190; x_wconf 86' lang='grc' dir='ltr'>τοι]</span> 
     </span>
     <span class='ocr_line' id='line_1_18' title="bbox 743 2200 2302 2274; baseline -0.003 -19"><span class='ocrx_word' id='word_1_116' title='bbox 743 2203 794 2255; x_wconf 81' lang='grc' dir='ltr'><strong>οἵ</strong></span> <span class='ocrx_word' id='word_1_117' title='bbox 811 2208 916 2265; x_wconf 68' lang='lat' dir='ltr'><strong>bs,-</strong></span> <span class='ocrx_word' id='word_1_118' title='bbox 945 2202 1130 2274; x_wconf 75' lang='grc' dir='ltr'>Βάκχιρ</span> <span class='ocrx_word' id='word_1_119' title='bbox 1155 2218 1204 2255; x_wconf 86' lang='grc'><strong>0.</strong></span> <span class='ocrx_word' id='word_1_120' title='bbox 1235 2201 1550 2255; x_wconf 79' lang='lat' dir='ltr'><strong>Ammianus</strong></span> <span class='ocrx_word' id='word_1_121' title='bbox 1578 2200 1808 2255; x_wconf 77' lang='lat' dir='ltr'>Marcell.</span> <span class='ocrx_word' id='word_1_122' title='bbox 1833 2218 1920 2264; x_wconf 80' lang='lat'><strong>22,</strong></span> <span class='ocrx_word' id='word_1_123' title='bbox 1947 2203 2002 2265; x_wconf 81' lang='lat'><strong>8,</strong></span> <span class='ocrx_word' id='word_1_124' title='bbox 2041 2216 2110 2254; x_wconf 68' lang='grc' dir='ltr'><strong>αα</strong></span> <span class='ocrx_word' id='word_1_125' title='bbox 2147 2200 2302 2253; x_wconf 83' lang='lat' dir='ltr'><strong>Ponti</strong></span> 
     </span>
     <span class='ocr_line' id='line_1_19' title="bbox 743 2279 2299 2353; baseline -0.004 -18"><span class='ocrx_word' id='word_1_126' title='bbox 743 2291 922 2353; x_wconf 86' lang='lat' dir='ltr'><strong>gentes</strong></span> <span class='ocrx_word' id='word_1_127' title='bbox 969 2297 1284 2334; x_wconf 75' lang='lat' dir='ltr'>enumerans</span> <span class='ocrx_word' id='word_1_128' title='bbox 1319 2289 1598 2351; x_wconf 81' lang='lat' dir='ltr'><strong>postquam</strong></span> <span class='ocrx_word' id='word_1_129' title='bbox 1639 2280 1998 2334; x_wconf 76' lang='lat' dir='ltr'><strong>nominaverat</strong></span> <span class='ocrx_word' id='word_1_130' title='bbox 2047 2279 2264 2348; x_wconf 63' lang='lat' dir='ltr'><strong>Byzeres</strong></span> <span class='ocrx_word' id='word_1_131' title='bbox 2283 2318 2299 2340; x_wconf 87' lang='lat'><strong>,</strong></span> 
     </span>
     <span class='ocr_line' id='line_1_20' title="bbox 742 2355 2299 2433; baseline -0.004 -19"><span class='ocrx_word' id='word_1_132' title='bbox 742 2362 946 2433; x_wconf 67' lang='lat' dir='ltr'><strong>Sapires</strong></span> <span class='ocrx_word' id='word_1_133' title='bbox 964 2359 1298 2425; x_wconf 84' lang='lat' dir='ltr'><strong>,Tibarenos‚</strong></span> <span class='ocrx_word' id='word_1_134' title='bbox 1321 2360 1700 2433; x_wconf 79' lang='lat' dir='ltr'><strong>Mossynoecos,</strong></span> <span class='ocrx_word' id='word_1_135' title='bbox 1721 2360 1996 2413; x_wconf 74' lang='lat' dir='ltr'>Macrones</span> <span class='ocrx_word' id='word_1_136' title='bbox 2009 2396 2025 2422; x_wconf 92' lang='lat'><strong>,</strong></span> <span class='ocrx_word' id='word_1_137' title='bbox 2047 2355 2299 2427; x_wconf 78' lang='lat' dir='ltr'><strong>Philyres,</strong></span> 
     </span>
     <span class='ocr_line' id='line_1_21' title="bbox 745 2436 2303 2511; baseline -0.001 -20"><span class='ocrx_word' id='word_1_138' title='bbox 745 2440 912 2511; x_wconf 81' lang='lat' dir='ltr'><strong>pergit</strong></span> <span class='ocrx_word' id='word_1_139' title='bbox 930 2438 1076 2492; x_wconf 86' lang='lat' dir='ltr'><strong>hunc</strong></span> <span class='ocrx_word' id='word_1_140' title='bbox 1094 2438 1148 2491; x_wconf 87' lang='lat' dir='ltr'><strong>in</strong></span> <span class='ocrx_word' id='word_1_141' title='bbox 1173 2436 1394 2491; x_wconf 87' lang='lat' dir='ltr'><strong>modum</strong></span> <span class='ocrx_word' id='word_1_142' title='bbox 1423 2457 1436 2493; x_wconf 78' lang='lat' dir='ltr'><strong>t</strong></span> <span class='ocrx_word' id='word_1_143' title='bbox 1473 2438 1834 2493; x_wconf 74' lang='lat' dir='ltr'><strong>Proeteoeursis</strong></span> <span class='ocrx_word' id='word_1_144' title='bbox 1848 2437 2100 2511; x_wconf 73' lang='lat' dir='ltr'><strong>partibus</strong></span> <span class='ocrx_word' id='word_1_145' title='bbox 2122 2454 2303 2490; x_wconf 81' lang='lat' dir='ltr'><strong>memo-</strong></span> 
     </span>
     <span class='ocr_line' id='line_1_22' title="bbox 743 2515 2304 2586; baseline -0.001 -15"><span class='ocrx_word' id='word_1_146' title='bbox 743 2531 902 2583; x_wconf 77' lang='lat' dir='ltr'><strong>rans,</strong></span> <span class='ocrx_word' id='word_1_147' title='bbox 929 2517 1130 2571; x_wconf 77' lang='lat' dir='ltr'><strong>Aulion</strong></span> <span class='ocrx_word' id='word_1_148' title='bbox 1151 2528 1362 2571; x_wconf 79' lang='lat' dir='ltr'><strong>antrum</strong></span> <span class='ocrx_word' id='word_1_149' title='bbox 1380 2530 1458 2571; x_wconf 76' lang='lat' dir='ltr'><strong>est</strong></span> <span class='ocrx_word' id='word_1_150' title='bbox 1484 2527 1534 2570; x_wconf 81' lang='lat' dir='ltr'><strong>ee</strong></span> <span class='ocrx_word' id='word_1_151' title='bbox 1552 2517 1750 2580; x_wconf 76' lang='lat' dir='ltr'><strong>fluenta</strong></span> <span class='ocrx_word' id='word_1_152' title='bbox 1777 2516 2054 2569; x_wconf 71' lang='lat' dir='ltr'><strong>Calliclem-i</strong></span> <span class='ocrx_word' id='word_1_153' title='bbox 2070 2534 2136 2569; x_wconf 76' lang='lat' dir='ltr'><strong>ex</strong></span> <span class='ocrx_word' id='word_1_154' title='bbox 2144 2515 2304 2586; x_wconf 79' lang='lat' dir='ltr'><strong>sacto</strong></span> 
     </span>
     <span class='ocr_line' id='line_1_23' title="bbox 745 2594 2303 2671; baseline -0.001 -20"><span class='ocrx_word' id='word_1_155' title='bbox 745 2598 1100 2667; x_wconf 73' lang='lat' dir='ltr'><strong>cognominati</strong></span> <span class='ocrx_word' id='word_1_156' title='bbox 1116 2637 1133 2664; x_wconf 91' lang='lat'><strong>,</strong></span> <span class='ocrx_word' id='word_1_157' title='bbox 1151 2596 1294 2671; x_wconf 83' lang='lat' dir='ltr'><strong>quod</strong></span> <span class='ocrx_word' id='word_1_158' title='bbox 1310 2636 1324 2663; x_wconf 94' lang='lat'><strong>,</strong></span> <span class='ocrx_word' id='word_1_159' title='bbox 1349 2595 1616 2670; x_wconf 77' lang='lat' dir='ltr'><strong>superatis</strong></span> <span class='ocrx_word' id='word_1_160' title='bbox 1637 2608 1763 2669; x_wconf 82' lang='lat' dir='ltr'><strong>post</strong></span> <span class='ocrx_word' id='word_1_161' title='bbox 1791 2596 2069 2649; x_wconf 79' lang='lat' dir='ltr'><strong>triennium</strong></span> <span class='ocrx_word' id='word_1_162' title='bbox 2096 2594 2303 2649; x_wconf 76' lang='lat' dir='ltr'><strong>Indicu-</strong></span> 
     </span>
     <span class='ocr_line' id='line_1_24' title="bbox 746 2674 2303 2745; baseline -0.001 -16"><span class='ocrx_word' id='word_1_163' title='bbox 746 2676 1054 2731; x_wconf 77' lang='lat' dir='ltr'><strong>emtiouibus</strong></span> <span class='ocrx_word' id='word_1_164' title='bbox 1070 2715 1086 2740; x_wconf 88' lang='lat'><strong>,</strong></span> <span class='ocrx_word' id='word_1_165' title='bbox 1127 2674 1202 2729; x_wconf 82' lang='lat' dir='ltr'><strong>ad</strong></span> <span class='ocrx_word' id='word_1_166' title='bbox 1223 2694 1310 2730; x_wconf 82' lang='lat' dir='ltr'><strong>eos</strong></span> <span class='ocrx_word' id='word_1_167' title='bbox 1333 2687 1531 2729; x_wconf 77' lang='lat' dir='ltr'><strong>tractus</strong></span> <span class='ocrx_word' id='word_1_168' title='bbox 1558 2674 1714 2729; x_wconf 78' lang='lat' dir='ltr'><strong>Liber</strong></span> <span class='ocrx_word' id='word_1_169' title='bbox 1735 2693 1918 2729; x_wconf 80' lang='lat' dir='ltr'><strong>vet-sees</strong></span> <span class='ocrx_word' id='word_1_170' title='bbox 1933 2714 1948 2741; x_wconf 91' lang='lat'><strong>,</strong></span> <span class='ocrx_word' id='word_1_171' title='bbox 1979 2675 2122 2728; x_wconf 80' lang='lat' dir='ltr'><strong>circa</strong></span> <span class='ocrx_word' id='word_1_172' title='bbox 2146 2674 2303 2745; x_wconf 77' lang='lat' dir='ltr'><strong>hujus</strong></span> 
     </span>
     <span class='ocr_line' id='line_1_25' title="bbox 747 2753 2301 2829; baseline 0 -22"><span class='ocrx_word' id='word_1_173' title='bbox 747 2757 896 2829; x_wconf 74' lang='lat' dir='ltr'><strong>riJm</strong></span> <span class='ocrx_word' id='word_1_174' title='bbox 912 2754 1114 2809; x_wconf 74' lang='lat' dir='ltr'><strong>virides</strong></span> <span class='ocrx_word' id='word_1_175' title='bbox 1135 2764 1186 2807; x_wconf 79' lang='lat' dir='ltr'><strong>et</strong></span> <span class='ocrx_word' id='word_1_176' title='bbox 1200 2770 1395 2829; x_wconf 81' lang='lat' dir='ltr'><strong>opacas</strong></span> <span class='ocrx_word' id='word_1_177' title='bbox 1415 2754 1564 2823; x_wconf 75' lang='lat' dir='ltr'><strong>orgia</strong></span> <span class='ocrx_word' id='word_1_178' title='bbox 1575 2753 1812 2826; x_wconf 78' lang='lat' dir='ltr'><strong>pristina</strong></span> <span class='ocrx_word' id='word_1_179' title='bbox 1827 2772 2014 2827; x_wconf 78' lang='lat' dir='ltr'><strong>repam</strong></span> <span class='ocrx_word' id='word_1_180' title='bbox 2021 2753 2098 2807; x_wconf 82' lang='lat' dir='ltr'><strong>vit</strong></span> <span class='ocrx_word' id='word_1_181' title='bbox 2115 2764 2166 2807; x_wconf 81' lang='lat' dir='ltr'><strong>ee</strong></span> <span class='ocrx_word' id='word_1_182' title='bbox 2183 2754 2301 2807; x_wconf 81' lang='lat' dir='ltr'><strong>cho-</strong></span> 
     </span>
     <span class='ocr_line' id='line_1_26' title="bbox 745 2832 2303 2907; baseline 0.001 -22"><span class='ocrx_word' id='word_1_183' title='bbox 745 2852 848 2889; x_wconf 80' lang='lat' dir='ltr'><strong>ros.</strong></span> <span class='ocrx_word' id='word_1_184' title='bbox 907 2832 1192 2889; x_wconf 80' lang='lat' dir='ltr'><strong>Trieterica</strong></span> <span class='ocrx_word' id='word_1_185' title='bbox 1225 2832 1526 2907; x_wconf 72' lang='lat' dir='ltr'><strong>hujusmodi</strong></span> <span class='ocrx_word' id='word_1_186' title='bbox 1559 2850 1714 2886; x_wconf 80' lang='lat' dir='ltr'><strong>sacra</strong></span> <span class='ocrx_word' id='word_1_187' title='bbox 1751 2832 1964 2905; x_wconf 81' lang='lat' dir='ltr'><strong>quidam</strong></span> <span class='ocrx_word' id='word_1_188' title='bbox 1993 2832 2303 2887; x_wconf 76' lang='lat' dir='ltr'><strong>existimant</strong></span> 
     </span>
     <span class='ocr_line' id='line_1_27' title="bbox 741 2908 2301 2984; baseline 0 -21"><span class='ocrx_word' id='word_1_189' title='bbox 741 2911 1020 2984; x_wconf 79' lang='lat' dir='ltr'><em>adpellari.</em></span> <span class='ocrx_word' id='word_1_190' title='bbox 1051 2916 1180 2967; x_wconf 81' lang='lat' dir='ltr'><strong>Post</strong></span> <span class='ocrx_word' id='word_1_191' title='bbox 1201 2912 1312 2966; x_wconf 70' lang='lat' dir='ltr'><strong>hoec</strong></span> <span class='ocrx_word' id='word_1_192' title='bbox 1349 2912 1569 2979; x_wconf 80' lang='lat' dir='ltr'><strong>confima</strong></span> <span class='ocrx_word' id='word_1_193' title='bbox 1599 2908 1980 2964; x_wconf 78' lang='lat' dir='ltr'><em>Camaritarum</em></span> <span class='ocrx_word' id='word_1_194' title='bbox 2008 2910 2140 2983; x_wconf 74' lang='lat' dir='ltr'><strong>pagi</strong></span> <span class='ocrx_word' id='word_1_195' title='bbox 2173 2922 2301 2963; x_wconf 78' lang='lat' dir='ltr'><strong>seme</strong></span> 
     </span>
     <span class='ocr_line' id='line_1_28' title="bbox 739 2988 2301 3061; baseline 0.001 -19"><span class='ocrx_word' id='word_1_196' title='bbox 739 2990 956 3044; x_wconf 72' lang='lat' dir='ltr'><strong>celebres</strong></span> <span class='ocrx_word' id='word_1_197' title='bbox 981 3003 1033 3045; x_wconf 85' lang='lat' dir='ltr'><strong>et</strong></span> <span class='ocrx_word' id='word_1_198' title='bbox 1057 2990 1250 3045; x_wconf 69' lang='lat' dir='ltr'><strong>Phasis</strong></span> <span class='ocrx_word' id='word_1_199' title='bbox 1255 2988 1622 3061; x_wconf 79' lang='lat' dir='ltr'><strong>fremebundis</strong></span> <span class='ocrx_word' id='word_1_200' title='bbox 1643 2988 1884 3044; x_wconf 78' lang='lat' dir='ltr'><strong>cursibus</strong></span> <span class='ocrx_word' id='word_1_201' title='bbox 1910 2989 2116 3043; x_wconf 74' lang='lat' dir='ltr'><strong>Colchos</strong></span> <span class='ocrx_word' id='word_1_202' title='bbox 2133 2990 2301 3044; x_wconf 76' lang='lat' dir='ltr'><strong>anin-</strong></span> 
     </span>
     <span class='ocr_line' id='line_1_29' title="bbox 737 3068 2299 3139; baseline 0.001 -18"><span class='ocrx_word' id='word_1_203' title='bbox 737 3080 840 3135; x_wconf 68' lang='lat' dir='ltr'><strong>gtt.</strong></span> <span class='ocrx_word' id='word_1_204' title='bbox 868 3069 932 3120; x_wconf 86' lang='lat' dir='ltr'><strong>In</strong></span> <span class='ocrx_word' id='word_1_205' title='bbox 957 3068 1041 3122; x_wconf 84' lang='lat' dir='ltr'><strong>hls</strong></span> <span class='ocrx_word' id='word_1_206' title='bbox 1069 3069 1229 3139; x_wconf 86' lang='lat' dir='ltr'><strong>igitur</strong></span> <span class='ocrx_word' id='word_1_207' title='bbox 1270 3069 1582 3123; x_wconf 75' lang='lat' dir='ltr'>Ammianus</span> <span class='ocrx_word' id='word_1_208' title='bbox 1607 3068 1674 3123; x_wconf 90' lang='lat' dir='ltr'><strong>de</strong></span> <span class='ocrx_word' id='word_1_209' title='bbox 1710 3068 1893 3122; x_wconf 87' lang='lat' dir='ltr'><strong>vicinis</strong></span> <span class='ocrx_word' id='word_1_210' title='bbox 1919 3068 2299 3123; x_wconf 68' lang='lat' dir='ltr'><strong>Camaritarum</strong></span> 
     </span>
     <span class='ocr_line' id='line_1_30' title="bbox 739 3146 2292 3221; baseline 0.002 -21"><span class='ocrx_word' id='word_1_211' title='bbox 739 3146 920 3200; x_wconf 84' lang='lat' dir='ltr'><strong>eadem</strong></span> <span class='ocrx_word' id='word_1_212' title='bbox 943 3158 1122 3201; x_wconf 85' lang='lat' dir='ltr'><strong>narrat</strong></span> <span class='ocrx_word' id='word_1_213' title='bbox 1138 3164 1256 3219; x_wconf 62' lang='lat' dir='ltr'><strong>quat</strong></span> <span class='ocrx_word' id='word_1_214' title='bbox 1280 3148 1473 3201; x_wconf 86' lang='lat' dir='ltr'><strong>Noster</strong></span> <span class='ocrx_word' id='word_1_215' title='bbox 1491 3147 1559 3201; x_wconf 86' lang='lat' dir='ltr'><strong>de</strong></span> <span class='ocrx_word' id='word_1_216' title='bbox 1595 3148 1718 3220; x_wconf 85' lang='lat' dir='ltr'><strong>ipsis</strong></span> <span class='ocrx_word' id='word_1_217' title='bbox 1743 3148 2016 3203; x_wconf 85' lang='lat' dir='ltr'><strong>Camaritis</strong></span> <span class='ocrx_word' id='word_1_218' title='bbox 2035 3146 2292 3221; x_wconf 85' lang='lat' dir='ltr'><strong>perhibet.</strong></span> 
     </span>
     <span class='ocr_line' id='line_1_31' title="bbox 741 3224 2297 3280; baseline 0.001 -2"><span class='ocrx_word' id='word_1_219' title='bbox 741 3228 984 3278; x_wconf 78' lang='lat' dir='ltr'><strong>Attamen</strong></span> <span class='ocrx_word' id='word_1_220' title='bbox 1007 3224 1194 3279; x_wconf 77' lang='lat' dir='ltr'><strong>Aulion</strong></span> <span class='ocrx_word' id='word_1_221' title='bbox 1219 3235 1274 3279; x_wconf 90' lang='lat' dir='ltr'><strong>et</strong></span> <span class='ocrx_word' id='word_1_222' title='bbox 1301 3224 1624 3279; x_wconf 70' lang='lat' dir='ltr'><strong>Callicborus</strong></span> <span class='ocrx_word' id='word_1_223' title='bbox 1653 3242 1760 3279; x_wconf 88' lang='lat' dir='ltr'><strong>non</strong></span> <span class='ocrx_word' id='word_1_224' title='bbox 1785 3226 1996 3280; x_wconf 82' lang='lat' dir='ltr'><strong>Colchis</strong></span> <span class='ocrx_word' id='word_1_225' title='bbox 2021 3235 2172 3279; x_wconf 87' lang='lat' dir='ltr'><strong>erant</strong></span> <span class='ocrx_word' id='word_1_226' title='bbox 2205 3226 2297 3279; x_wconf 87' lang='lat' dir='ltr'><strong>scd</strong></span> 
     </span>
     <span class='ocr_line' id='line_1_32' title="bbox 742 3303 2299 3375; baseline 0.001 -19"><span class='ocrx_word' id='word_1_227' title='bbox 742 3304 1002 3357; x_wconf 76' lang='lat' dir='ltr'><strong>Heracleoe</strong></span> <span class='ocrx_word' id='word_1_228' title='bbox 1047 3304 1244 3367; x_wconf 86' lang='lat' dir='ltr'><strong>vicina,</strong></span> <span class='ocrx_word' id='word_1_229' title='bbox 1274 3312 1338 3356; x_wconf 86' lang='lat' dir='ltr'><strong>ut</strong></span> <span class='ocrx_word' id='word_1_230' title='bbox 1365 3319 1398 3355; x_wconf 87' lang='lat' dir='ltr'><strong>e</strong></span> <span class='ocrx_word' id='word_1_231' title='bbox 1435 3303 1644 3375; x_wconf 81' lang='lat' dir='ltr'><strong>Scylace</strong></span> <span class='ocrx_word' id='word_1_232' title='bbox 1689 3314 1890 3359; x_wconf 87' lang='lat' dir='ltr'><strong>constat</strong></span> <span class='ocrx_word' id='word_1_233' title='bbox 1924 3314 1978 3358; x_wconf 86' lang='lat' dir='ltr'><strong>et</strong></span> <span class='ocrx_word' id='word_1_234' title='bbox 2018 3303 2299 3375; x_wconf 80' lang='lat' dir='ltr'><strong>Apollonio</strong></span> 
     </span>
     <span class='ocr_line' id='line_1_33' title="bbox 746 3380 1552 3451; baseline 0.004 -18"><span class='ocrx_word' id='word_1_235' title='bbox 746 3380 946 3449; x_wconf 60' lang='lat' dir='ltr'><strong>ahod„</strong></span> <span class='ocrx_word' id='word_1_236' title='bbox 973 3397 1200 3451; x_wconf 89' lang='lat' dir='ltr'><strong>quorum</strong></span> <span class='ocrx_word' id='word_1_237' title='bbox 1219 3381 1307 3434; x_wconf 87' lang='lat' dir='ltr'><strong>bic</strong></span> <span class='ocrx_word' id='word_1_238' title='bbox 1325 3396 1378 3444; x_wconf 79' lang='lat'><strong>2,</strong></span> <span class='ocrx_word' id='word_1_239' title='bbox 1412 3385 1512 3451; x_wconf 80' lang='lat'><strong>9⁰4</strong></span> <span class='ocrx_word' id='word_1_240' title='bbox 1537 3400 1552 3436; x_wconf 77' lang='lat' dir='ltr'><strong>t</strong></span> 
     </span>
    </p>
   </div>
   <div class='ocr_carea' id='block_1_4' title="bbox 882 3492 2070 3641">
    <p class='ocr_par' dir='ltr' id='par_1_6' title="bbox 882 3492 2070 3641">
     <span class='ocr_line' id='line_1_34' title="bbox 882 3492 2070 3569; baseline 0.002 -20"><span class='ocrx_word' id='word_1_241' title='bbox 882 3492 989 3549; x_wconf 80' lang='grc' dir='ltr'><strong>ὦκα</strong></span> <span class='ocrx_word' id='word_1_242' title='bbox 1015 3496 1068 3549; x_wconf 75' lang='grc' dir='ltr'><strong>δὲ</strong></span> <span class='ocrx_word' id='word_1_243' title='bbox 1095 3496 1426 3567; x_wconf 72' lang='grc' dir='ltr'>Καλλιχόροιο</span> <span class='ocrx_word' id='word_1_244' title='bbox 1445 3495 1574 3567; x_wconf 70' lang='grc' dir='ltr'>παρὰ</span> <span class='ocrx_word' id='word_1_245' title='bbox 1593 3496 1806 3569; x_wconf 71' lang='grc' dir='ltr'>προχοὰς</span> <span class='ocrx_word' id='word_1_246' title='bbox 1827 3498 2070 3567; x_wconf 74' lang='grc' dir='ltr'>ποτάμοιο</span> 
     </span>
     <span class='ocr_line' id='line_1_35' title="bbox 882 3572 1974 3641; baseline 0.001 -15"><span class='ocrx_word' id='word_1_247' title='bbox 882 3572 1064 3639; x_wconf 64' lang='grc' dir='ltr'>ἤλυθον</span> <span class='ocrx_word' id='word_1_248' title='bbox 1080 3613 1096 3639; x_wconf 94' lang='grc'>,</span> <span class='ocrx_word' id='word_1_249' title='bbox 1125 3573 1224 3627; x_wconf 73' lang='lat' dir='ltr'><strong>tvo’</strong></span> <span class='ocrx_word' id='word_1_250' title='bbox 1254 3573 1472 3629; x_wconf 73' lang='grc' dir='ltr'>ἐνέπουσι</span> <span class='ocrx_word' id='word_1_251' title='bbox 1497 3576 1606 3637; x_wconf 80' lang='grc' dir='ltr'>Διὀς</span> <span class='ocrx_word' id='word_1_252' title='bbox 1627 3575 1840 3641; x_wconf 72' lang='grc' dir='ltr'>Νυσήιον</span> <span class='ocrx_word' id='word_1_253' title='bbox 1858 3574 1942 3628; x_wconf 75' lang='grc' dir='ltr'><strong>υἷα</strong></span> <span class='ocrx_word' id='word_1_254' title='bbox 1957 3614 1974 3639; x_wconf 92' lang='grc'>,</span> 
     </span>
    </p>
   </div>
   <div class='ocr_carea' id='block_1_5' title="bbox 885 3650 2114 4043">
    <p class='ocr_par' dir='ltr' id='par_1_7' title="bbox 885 3650 2114 3883">
     <span class='ocr_line' id='line_1_36' title="bbox 895 3650 2114 3725; baseline 0.002 -20"><span class='ocrx_word' id='word_1_255' title='bbox 895 3650 1064 3707; x_wconf 74' lang='grc' dir='ltr'>Ἰνδῶν</span> <span class='ocrx_word' id='word_1_256' title='bbox 1081 3652 1226 3721; x_wconf 73' lang='grc' dir='ltr'>ἡνίκα</span> <span class='ocrx_word' id='word_1_257' title='bbox 1241 3652 1372 3725; x_wconf 76' lang='grc' dir='ltr'>φῦλα</span> <span class='ocrx_word' id='word_1_258' title='bbox 1397 3654 1554 3708; x_wconf 66' lang='grc' dir='ltr'>λιπὼν</span> <span class='ocrx_word' id='word_1_259' title='bbox 1573 3655 1902 3709; x_wconf 73' lang='grc' dir='ltr'>κατενάσσατο</span> <span class='ocrx_word' id='word_1_260' title='bbox 1922 3654 2084 3720; x_wconf 71' lang='grc' dir='ltr'>θήὸας</span> <span class='ocrx_word' id='word_1_261' title='bbox 2099 3696 2114 3719; x_wconf 95' lang='grc'>,</span> 
     </span>
     <span class='ocr_line' id='line_1_37' title="bbox 885 3730 2114 3805; baseline 0 -20"><span class='ocrx_word' id='word_1_262' title='bbox 885 3730 1141 3801; x_wconf 80' lang='grc' dir='ltr'>ὀργιάσαι,</span> <span class='ocrx_word' id='word_1_263' title='bbox 1167 3733 1342 3801; x_wconf 82' lang='grc' dir='ltr'>στῆσαί</span> <span class='ocrx_word' id='word_1_264' title='bbox 1359 3752 1412 3787; x_wconf 89' lang='grc' dir='ltr'>τε</span> <span class='ocrx_word' id='word_1_265' title='bbox 1439 3733 1617 3805; x_wconf 72' lang='grc' dir='ltr'>χοροὶις</span> <span class='ocrx_word' id='word_1_266' title='bbox 1635 3734 1829 3805; x_wconf 71' lang='grc' dir='ltr'>ἄντροιο</span> <span class='ocrx_word' id='word_1_267' title='bbox 1855 3733 2080 3804; x_wconf 79' lang='grc' dir='ltr'>πάροιθεν</span> <span class='ocrx_word' id='word_1_268' title='bbox 2097 3773 2114 3798; x_wconf 91' lang='grc'>,</span> 
     </span>
     <span class='ocr_line' id='line_1_38' title="bbox 887 3807 1957 3883; baseline 0.001 -18"><span class='ocrx_word' id='word_1_269' title='bbox 887 3807 931 3883; x_wconf 80' lang='grc' dir='ltr'>ᾧ</span> <span class='ocrx_word' id='word_1_270' title='bbox 957 3810 1008 3865; x_wconf 73' lang='grc' dir='ltr'><strong>ἐν</strong></span> <span class='ocrx_word' id='word_1_271' title='bbox 1037 3811 1322 3883; x_wconf 74' lang='grc' dir='ltr'>ἀμειδήτους</span> <span class='ocrx_word' id='word_1_272' title='bbox 1343 3812 1486 3883; x_wconf 76' lang='grc' dir='ltr'>ἁγίας</span> <span class='ocrx_word' id='word_1_273' title='bbox 1515 3812 1740 3879; x_wconf 76' lang='grc' dir='ltr'>ηὖλίζετο</span> <span class='ocrx_word' id='word_1_274' title='bbox 1761 3812 1932 3874; x_wconf 68' lang='grc' dir='ltr'>νύκτας</span> <span class='ocrx_word' id='word_1_275' title='bbox 1947 3832 1957 3843; x_wconf 93' lang='grc'><em>·</em></span> 
     </span>
    </p>

    <p class='ocr_par' dir='ltr' id='par_1_8' title="bbox 887 3886 2080 4043">
     <span class='ocr_line' id='line_1_39' title="bbox 887 3886 2036 3962; baseline -0.001 -19"><span class='ocrx_word' id='word_1_276' title='bbox 887 3889 934 3951; x_wconf 70' lang='grc' dir='ltr'><strong>ἐξ</strong></span> <span class='ocrx_word' id='word_1_277' title='bbox 960 3886 1021 3943; x_wconf 71' lang='grc' dir='ltr'><strong>οὗ</strong></span> <span class='ocrx_word' id='word_1_278' title='bbox 1045 3889 1356 3962; x_wconf 75' lang='grc' dir='ltr'>Καλλίχορον</span> <span class='ocrx_word' id='word_1_279' title='bbox 1388 3890 1610 3962; x_wconf 69' lang='grc' dir='ltr'>ποταμὸν</span> <span class='ocrx_word' id='word_1_280' title='bbox 1631 3892 2036 3962; x_wconf 76' lang='grc' dir='ltr'>περιναιετάοντες</span> 
     </span>
     <span class='ocr_line' id='line_1_40' title="bbox 888 3966 2080 4043; baseline 0.003 -22"><span class='ocrx_word' id='word_1_281' title='bbox 888 3966 976 4035; x_wconf 73' lang='grc' dir='ltr'><strong>ἠδὲ</strong></span> <span class='ocrx_word' id='word_1_282' title='bbox 1005 3970 1089 4023; x_wconf 74' lang='grc' dir='ltr'><strong>καὶ</strong></span> <span class='ocrx_word' id='word_1_283' title='bbox 1111 3968 1290 4023; x_wconf 80' lang='grc' dir='ltr'>Αὖλίον</span> <span class='ocrx_word' id='word_1_284' title='bbox 1313 3969 1490 4042; x_wconf 73' lang='grc' dir='ltr'>ἄντρον</span> <span class='ocrx_word' id='word_1_285' title='bbox 1513 3968 1787 4043; x_wconf 75' lang='grc' dir='ltr'>Ξπωνυμίην</span> <span class='ocrx_word' id='word_1_286' title='bbox 1806 3969 2080 4025; x_wconf 79' lang='grc' dir='ltr'>καλέουσιν.</span> 
     </span>
    </p>
   </div>
   <div class='ocr_carea' id='block_1_6' title="bbox 730 4088 2297 5431">
    <p class='ocr_par' dir='ltr' id='par_1_9' title="bbox 730 4088 2297 5431">
     <span class='ocr_line' id='line_1_41' title="bbox 744 4088 2294 4148; baseline 0.003 -5"><span class='ocrx_word' id='word_1_287' title='bbox 744 4088 899 4144; x_wconf 81' lang='lat' dir='ltr'><strong>Haud</strong></span> <span class='ocrx_word' id='word_1_288' title='bbox 925 4088 1089 4145; x_wconf 87' lang='lat' dir='ltr'><strong>dubie</strong></span> <span class='ocrx_word' id='word_1_289' title='bbox 1112 4089 1296 4144; x_wconf 85' lang='lat' dir='ltr'><strong>eadem</strong></span> <span class='ocrx_word' id='word_1_290' title='bbox 1331 4108 1414 4145; x_wconf 84' lang='lat' dir='ltr'><strong>res</strong></span> <span class='ocrx_word' id='word_1_291' title='bbox 1441 4102 1494 4146; x_wconf 88' lang='lat' dir='ltr'><strong>et</strong></span> <span class='ocrx_word' id='word_1_292' title='bbox 1517 4090 1585 4145; x_wconf 85' lang='lat' dir='ltr'><strong>de</strong></span> <span class='ocrx_word' id='word_1_293' title='bbox 1610 4090 1884 4147; x_wconf 77' lang='lat' dir='ltr'><strong>Callichori</strong></span> <span class='ocrx_word' id='word_1_294' title='bbox 1907 4093 2094 4147; x_wconf 76' lang='lat' dir='ltr'><strong>accolis</strong></span> <span class='ocrx_word' id='word_1_295' title='bbox 2117 4103 2170 4147; x_wconf 89' lang='lat' dir='ltr'><strong>et</strong></span> <span class='ocrx_word' id='word_1_296' title='bbox 2196 4094 2294 4148; x_wconf 84' lang='lat' dir='ltr'><strong>Ca-</strong></span> 
     </span>
     <span class='ocr_line' id='line_1_42' title="bbox 741 4170 2297 4243; baseline 0.003 -20"><span class='ocrx_word' id='word_1_297' title='bbox 741 4172 941 4224; x_wconf 86' lang='lat' dir='ltr'><strong>maritis</strong></span> <span class='ocrx_word' id='word_1_298' title='bbox 967 4170 1248 4237; x_wconf 82' lang='lat' dir='ltr'><strong>ferebatur,</strong></span> <span class='ocrx_word' id='word_1_299' title='bbox 1295 4187 1460 4243; x_wconf 86' lang='lat' dir='ltr'><strong>eaque</strong></span> <span class='ocrx_word' id='word_1_300' title='bbox 1497 4190 1652 4226; x_wconf 82' lang='lat' dir='ltr'><strong>causa</strong></span> <span class='ocrx_word' id='word_1_301' title='bbox 1687 4172 1843 4227; x_wconf 86' lang='lat' dir='ltr'><strong>fuerit</strong></span> <span class='ocrx_word' id='word_1_302' title='bbox 1869 4192 1966 4227; x_wconf 88' lang='lat' dir='ltr'><strong>cur</strong></span> <span class='ocrx_word' id='word_1_303' title='bbox 1985 4175 2297 4229; x_wconf 77' lang='lat' dir='ltr'><strong>Ammianus</strong></span> 
     </span>
     <span class='ocr_line' id='line_1_43' title="bbox 741 4247 2285 4324; baseline 0.006 -25"><span class='ocrx_word' id='word_1_304' title='bbox 741 4258 992 4321; x_wconf 84' lang='lat' dir='ltr'><strong>utrosque</strong></span> <span class='ocrx_word' id='word_1_305' title='bbox 1019 4249 1406 4321; x_wconf 72' lang='lat' dir='ltr'><strong>composuerit,</strong></span> <span class='ocrx_word' id='word_1_306' title='bbox 1435 4247 1669 4321; x_wconf 84' lang='lat' dir='ltr'><strong>neglecto</strong></span> <span class='ocrx_word' id='word_1_307' title='bbox 1699 4250 1885 4304; x_wconf 84' lang='lat' dir='ltr'><strong>ordine</strong></span> <span class='ocrx_word' id='word_1_308' title='bbox 1916 4252 2285 4324; x_wconf 80' lang='lat' dir='ltr'><strong>geographico.</strong></span> 
     </span>
     <span class='ocr_line' id='line_1_44' title="bbox 739 4328 2297 4403; baseline 0.003 -22"><span class='ocrx_word' id='word_1_309' title='bbox 739 4328 990 4381; x_wconf 86' lang='lat' dir='ltr'><strong>Ceterum</strong></span> <span class='ocrx_word' id='word_1_310' title='bbox 1030 4328 1162 4382; x_wconf 89' lang='lat' dir='ltr'><strong>alius</strong></span> <span class='ocrx_word' id='word_1_311' title='bbox 1185 4346 1344 4383; x_wconf 87' lang='lat' dir='ltr'><strong>nemo</strong></span> <span class='ocrx_word' id='word_1_312' title='bbox 1384 4330 1672 4384; x_wconf 84' lang='lat' dir='ltr'><strong>Camaritas</strong></span> <span class='ocrx_word' id='word_1_313' title='bbox 1697 4342 2098 4395; x_wconf 78' lang='lat' dir='ltr'><strong>commemorat,</strong></span> <span class='ocrx_word' id='word_1_314' title='bbox 2127 4349 2297 4403; x_wconf 84' lang='lat' dir='ltr'><strong>neque</strong></span> 
     </span>
     <span class='ocr_line' id='line_1_45' title="bbox 737 4405 2295 4479; baseline 0.003 -19"><span class='ocrx_word' id='word_1_315' title='bbox 737 4406 792 4460; x_wconf 86' lang='lat' dir='ltr'><strong>id</strong></span> <span class='ocrx_word' id='word_1_316' title='bbox 813 4424 1006 4461; x_wconf 90' lang='lat' dir='ltr'><strong>nomen</strong></span> <span class='ocrx_word' id='word_1_317' title='bbox 1029 4407 1197 4478; x_wconf 84' lang='lat' dir='ltr'><strong>gentis</strong></span> <span class='ocrx_word' id='word_1_318' title='bbox 1215 4405 1438 4479; x_wconf 76' lang='lat' dir='ltr'><strong>alicujus</strong></span> <span class='ocrx_word' id='word_1_319' title='bbox 1455 4407 1736 4479; x_wconf 84' lang='lat' dir='ltr'><strong>proprium</strong></span> <span class='ocrx_word' id='word_1_320' title='bbox 1763 4408 1922 4463; x_wconf 83' lang='lat' dir='ltr'><strong>suerit</strong></span> <span class='ocrx_word' id='word_1_321' title='bbox 1936 4449 1952 4476; x_wconf 90' lang='lat'><strong>,</strong></span> <span class='ocrx_word' id='word_1_322' title='bbox 1979 4409 2070 4463; x_wconf 85' lang='lat' dir='ltr'><strong>sed</strong></span> <span class='ocrx_word' id='word_1_323' title='bbox 2091 4409 2159 4464; x_wconf 87' lang='lat' dir='ltr'><strong>de</strong></span> <span class='ocrx_word' id='word_1_324' title='bbox 2181 4412 2295 4465; x_wconf 73' lang='lat' dir='ltr'><strong>vitae</strong></span> 
     </span>
     <span class='ocr_line' id='line_1_46' title="bbox 739 4484 2295 4560; baseline 0.004 -21"><span class='ocrx_word' id='word_1_325' title='bbox 739 4487 940 4541; x_wconf 87' lang='lat' dir='ltr'><strong>ratione</strong></span> <span class='ocrx_word' id='word_1_326' title='bbox 970 4486 1192 4560; x_wconf 88' lang='lat' dir='ltr'><strong>petitum</strong></span> <span class='ocrx_word' id='word_1_327' title='bbox 1215 4484 1524 4557; x_wconf 84' lang='lat' dir='ltr'><strong>figmentum</strong></span> <span class='ocrx_word' id='word_1_328' title='bbox 1548 4496 1840 4558; x_wconf 83' lang='lat' dir='ltr'><strong>poetarum.</strong></span> <span class='ocrx_word' id='word_1_329' title='bbox 1871 4490 2174 4544; x_wconf 86' lang='lat' dir='ltr'><strong>Eustathius</strong></span> <span class='ocrx_word' id='word_1_330' title='bbox 2196 4491 2295 4545; x_wconf 84' lang='lat' dir='ltr'><strong>Ca·</strong></span> 
     </span>
     <span class='ocr_line' id='line_1_47' title="bbox 741 4563 2294 4641; baseline 0.005 -26"><span class='ocrx_word' id='word_1_331' title='bbox 741 4566 948 4619; x_wconf 73' lang='lat' dir='ltr'><strong>nnat-itas</strong></span> <span class='ocrx_word' id='word_1_332' title='bbox 973 4564 1080 4619; x_wconf 86' lang='lat' dir='ltr'><strong>dici</strong></span> <span class='ocrx_word' id='word_1_333' title='bbox 1104 4566 1178 4619; x_wconf 88' lang='lat' dir='ltr'><strong>ait</strong></span> <span class='ocrx_word' id='word_1_334' title='bbox 1203 4563 1300 4619; x_wconf 71' lang='grc' dir='ltr'><strong>ὰπὸ</strong></span> <span class='ocrx_word' id='word_1_335' title='bbox 1325 4564 1514 4619; x_wconf 80' lang='grc' dir='ltr'>πλοίων</span> <span class='ocrx_word' id='word_1_336' title='bbox 1542 4566 1862 4637; x_wconf 76' lang='grc' dir='ltr'>στρογγύλων</span> <span class='ocrx_word' id='word_1_337' title='bbox 1888 4566 2190 4641; x_wconf 66' lang='grc' dir='ltr'>λῃστρικῶν,</span> <span class='ocrx_word' id='word_1_338' title='bbox 2220 4568 2294 4633; x_wconf 82' lang='grc' dir='ltr'><strong>οἷς</strong></span> 
     </span>
     <span class='ocr_line' id='line_1_48' title="bbox 738 4640 2294 4717; baseline 0.005 -23"><span class='ocrx_word' id='word_1_339' title='bbox 738 4640 954 4713; x_wconf 75' lang='grc' dir='ltr'>ἐχρῶντο</span> <span class='ocrx_word' id='word_1_340' title='bbox 971 4683 986 4707; x_wconf 85' lang='grc'>,</span> <span class='ocrx_word' id='word_1_341' title='bbox 1007 4645 1038 4697; x_wconf 77' lang='grc' dir='ltr'><strong><em>ἃ</em></strong></span> <span class='ocrx_word' id='word_1_342' title='bbox 1057 4642 1322 4699; x_wconf 73' lang='grc' dir='ltr'>ἐκαλοῦντο</span> <span class='ocrx_word' id='word_1_343' title='bbox 1348 4645 1562 4715; x_wconf 80' lang='grc' dir='ltr'>καμάραι</span> <span class='ocrx_word' id='word_1_344' title='bbox 1583 4646 1694 4717; x_wconf 82' lang='grc' dir='ltr'>παρ’</span> <span class='ocrx_word' id='word_1_345' title='bbox 1718 4644 1954 4713; x_wconf 79' lang='grc' dir='ltr'>Ἐλλησι.</span> <span class='ocrx_word' id='word_1_346' title='bbox 1979 4648 2058 4701; x_wconf 93' lang='lat' dir='ltr'><strong>De</strong></span> <span class='ocrx_word' id='word_1_347' title='bbox 2076 4650 2294 4701; x_wconf 86' lang='lat' dir='ltr'><strong>camaris</strong></span> 
     </span>
     <span class='ocr_line' id='line_1_49' title="bbox 739 4721 2295 4798; baseline 0.005 -24"><span class='ocrx_word' id='word_1_348' title='bbox 739 4723 848 4775; x_wconf 85' lang='lat' dir='ltr'><strong>istis</strong></span> <span class='ocrx_word' id='word_1_349' title='bbox 874 4723 1060 4776; x_wconf 87' lang='lat' dir='ltr'><strong>Strabo</strong></span> <span class='ocrx_word' id='word_1_350' title='bbox 1085 4721 1214 4778; x_wconf 89' lang='lat' dir='ltr'><strong>dicit</strong></span> <span class='ocrx_word' id='word_1_351' title='bbox 1244 4742 1308 4797; x_wconf 88' lang='lat' dir='ltr'><strong>p.</strong></span> <span class='ocrx_word' id='word_1_352' title='bbox 1352 4725 1476 4795; x_wconf 78' lang='lat'><strong>495,</strong></span> <span class='ocrx_word' id='word_1_353' title='bbox 1507 4724 1600 4777; x_wconf 86' lang='lat' dir='ltr'><strong>ubi</strong></span> <span class='ocrx_word' id='word_1_354' title='bbox 1627 4723 1694 4778; x_wconf 91' lang='lat' dir='ltr'><strong>de</strong></span> <span class='ocrx_word' id='word_1_355' title='bbox 1725 4726 1924 4779; x_wconf 83' lang='lat' dir='ltr'><strong>Achaeis</strong></span> <span class='ocrx_word' id='word_1_356' title='bbox 1941 4766 1956 4791; x_wconf 94' lang='lat'><strong>,</strong></span> <span class='ocrx_word' id='word_1_357' title='bbox 1982 4728 2132 4798; x_wconf 70' lang='lat' dir='ltr'><strong>Zygis</strong></span> <span class='ocrx_word' id='word_1_358' title='bbox 2150 4768 2164 4791; x_wconf 90' lang='lat'><strong>,</strong></span> <span class='ocrx_word' id='word_1_359' title='bbox 2195 4730 2295 4782; x_wconf 81' lang='lat' dir='ltr'><strong>He·</strong></span> 
     </span>
     <span class='ocr_line' id='line_1_50' title="bbox 737 4800 2294 4875; baseline 0.003 -20"><span class='ocrx_word' id='word_1_360' title='bbox 737 4800 939 4855; x_wconf 85' lang='lat' dir='ltr'><strong>niochis</strong></span> <span class='ocrx_word' id='word_1_361' title='bbox 965 4820 1136 4855; x_wconf 85' lang='lat' dir='ltr'><strong>sermo</strong></span> <span class='ocrx_word' id='word_1_362' title='bbox 1173 4813 1265 4857; x_wconf 64' lang='lat' dir='ltr'><strong>est.</strong></span> <span class='ocrx_word' id='word_1_363' title='bbox 1298 4802 1388 4859; x_wconf 80' lang='lat' dir='ltr'><strong>Cf.</strong></span> <span class='ocrx_word' id='word_1_364' title='bbox 1435 4804 1603 4858; x_wconf 87' lang='lat' dir='ltr'><strong>Tacit.</strong></span> <span class='ocrx_word' id='word_1_365' title='bbox 1635 4805 1780 4857; x_wconf 84' lang='lat' dir='ltr'><strong>Ann.</strong></span> <span class='ocrx_word' id='word_1_366' title='bbox 1833 4805 1884 4870; x_wconf 90' lang='grc'><strong>3,</strong></span> <span class='ocrx_word' id='word_1_367' title='bbox 1917 4809 2018 4875; x_wconf 76' lang='grc'><strong>47,</strong></span> <span class='ocrx_word' id='word_1_368' title='bbox 2059 4806 2294 4860; x_wconf 84' lang='lat' dir='ltr'><strong>AEthicus</strong></span> 
     </span>
     <span class='ocr_line' id='line_1_51' title="bbox 733 4878 2292 4955; baseline 0.003 -22"><span class='ocrx_word' id='word_1_369' title='bbox 733 4880 867 4933; x_wconf 87' lang='lat' dir='ltr'><strong>Ister</strong></span> <span class='ocrx_word' id='word_1_370' title='bbox 891 4896 948 4951; x_wconf 88' lang='lat' dir='ltr'><strong>p.</strong></span> <span class='ocrx_word' id='word_1_371' title='bbox 981 4880 1082 4933; x_wconf 76' lang='lat'><strong>265</strong></span> <span class='ocrx_word' id='word_1_372' title='bbox 1126 4878 1212 4933; x_wconf 80' lang='lat' dir='ltr'><strong>etl.</strong></span> <span class='ocrx_word' id='word_1_373' title='bbox 1256 4879 1540 4935; x_wconf 80' lang='lat' dir='ltr'><strong>D’Avezac.</strong></span> <span class='ocrx_word' id='word_1_374' title='bbox 1575 4882 1657 4934; x_wconf 80' lang='lat' dir='ltr'><strong>De</strong></span> <span class='ocrx_word' id='word_1_375' title='bbox 1697 4883 1897 4952; x_wconf 84' lang='lat' dir='ltr'><strong>origine</strong></span> <span class='ocrx_word' id='word_1_376' title='bbox 1939 4901 2123 4937; x_wconf 87' lang='lat' dir='ltr'><strong>eorum</strong></span> <span class='ocrx_word' id='word_1_377' title='bbox 2173 4902 2292 4955; x_wconf 79' lang='lat' dir='ltr'><strong>quae</strong></span> 
     </span>
     <span class='ocr_line' id='line_1_52' title="bbox 733 4959 2292 5031; baseline 0.004 -19"><span class='ocrx_word' id='word_1_378' title='bbox 733 4968 888 5031; x_wconf 87' lang='lat' dir='ltr'><strong>poeta</strong></span> <span class='ocrx_word' id='word_1_379' title='bbox 917 4969 1096 5012; x_wconf 89' lang='lat' dir='ltr'><strong>noster</strong></span> <span class='ocrx_word' id='word_1_380' title='bbox 1131 4970 1324 5025; x_wconf 87' lang='lat' dir='ltr'><strong>narrat,</strong></span> <span class='ocrx_word' id='word_1_381' title='bbox 1367 4960 1441 5013; x_wconf 84' lang='lat' dir='ltr'><strong>ita</strong></span> <span class='ocrx_word' id='word_1_382' title='bbox 1479 4959 1637 5013; x_wconf 87' lang='lat' dir='ltr'><strong>babet</strong></span> <span class='ocrx_word' id='word_1_383' title='bbox 1661 4960 2060 5017; x_wconf 87' lang='lat' dir='ltr'><strong>Wernsdorfius</strong></span> <span class='ocrx_word' id='word_1_384' title='bbox 2101 4965 2156 5017; x_wconf 89' lang='lat' dir='ltr'><strong>in</strong></span> <span class='ocrx_word' id='word_1_385' title='bbox 2187 4966 2292 5020; x_wconf 81' lang='lat' dir='ltr'><strong>Ex-</strong></span> 
     </span>
     <span class='ocr_line' id='line_1_53' title="bbox 733 5038 2290 5117; baseline 0.005 -27"><span class='ocrx_word' id='word_1_386' title='bbox 733 5054 892 5101; x_wconf 64' lang='lat' dir='ltr'><strong>cunsu</strong></span> <span class='ocrx_word' id='word_1_387' title='bbox 924 5038 1002 5090; x_wconf 91' lang='lat' dir='ltr'><strong>1v</strong></span> <span class='ocrx_word' id='word_1_388' title='bbox 1031 5039 1100 5091; x_wconf 90' lang='lat' dir='ltr'><strong>ad</strong></span> <span class='ocrx_word' id='word_1_389' title='bbox 1123 5040 1447 5093; x_wconf 88' lang='lat' dir='ltr'><strong>Priscianum</strong></span> <span class='ocrx_word' id='word_1_390' title='bbox 1479 5057 1492 5093; x_wconf 91' lang='grc'>;</span> <span class='ocrx_word' id='word_1_391' title='bbox 1530 5064 1552 5085; x_wconf 88' lang='lat'><strong>·</strong></span> <span class='ocrx_word' id='word_1_392' title='bbox 1580 5041 1880 5111; x_wconf 80' lang='lat' dir='ltr'><strong>Dionysius,</strong></span> <span class='ocrx_word' id='word_1_393' title='bbox 1918 5044 2027 5097; x_wconf 89' lang='lat' dir='ltr'><strong>sive</strong></span> <span class='ocrx_word' id='word_1_394' title='bbox 2055 5044 2156 5097; x_wconf 83' lang='lat' dir='ltr'><strong>hoc</strong></span> <span class='ocrx_word' id='word_1_395' title='bbox 2180 5045 2290 5117; x_wconf 88' lang='lat' dir='ltr'><strong>ipse</strong></span> 
     </span>
     <span class='ocr_line' id='line_1_54' title="bbox 732 5117 2278 5194; baseline 0.005 -26"><span class='ocrx_word' id='word_1_396' title='bbox 732 5117 936 5189; x_wconf 68' lang='lat' dir='ltr'><strong>primus</strong></span> <span class='ocrx_word' id='word_1_397' title='bbox 976 5117 1190 5181; x_wconf 86' lang='lat' dir='ltr'><strong>statuit,</strong></span> <span class='ocrx_word' id='word_1_398' title='bbox 1227 5118 1337 5171; x_wconf 88' lang='lat' dir='ltr'><strong>sive</strong></span> <span class='ocrx_word' id='word_1_399' title='bbox 1379 5119 1448 5171; x_wconf 86' lang='lat' dir='ltr'><strong>ab</strong></span> <span class='ocrx_word' id='word_1_400' title='bbox 1487 5118 1598 5172; x_wconf 88' lang='lat' dir='ltr'><strong>aliis</strong></span> <span class='ocrx_word' id='word_1_401' title='bbox 1637 5122 1980 5176; x_wconf 84' lang='lat' dir='ltr'><strong>constitutum</strong></span> <span class='ocrx_word' id='word_1_402' title='bbox 2025 5125 2278 5194; x_wconf 88' lang='lat' dir='ltr'><strong>repperit,</strong></span> 
     </span>
     <span class='ocr_line' id='line_1_55' title="bbox 733 5192 2284 5271; baseline 0.006 -24"><span class='ocrx_word' id='word_1_403' title='bbox 733 5212 900 5264; x_wconf 85' lang='lat' dir='ltr'><strong>quum</strong></span> <span class='ocrx_word' id='word_1_404' title='bbox 937 5193 992 5248; x_wconf 88' lang='lat' dir='ltr'><strong>in</strong></span> <span class='ocrx_word' id='word_1_405' title='bbox 1039 5192 1194 5247; x_wconf 90' lang='lat' dir='ltr'><strong>India</strong></span> <span class='ocrx_word' id='word_1_406' title='bbox 1220 5197 1379 5249; x_wconf 88' lang='lat' dir='ltr'><strong>sciret</strong></span> <span class='ocrx_word' id='word_1_407' title='bbox 1404 5196 1626 5250; x_wconf 86' lang='lat' dir='ltr'><strong>Colchos</strong></span> <span class='ocrx_word' id='word_1_408' title='bbox 1668 5208 1724 5249; x_wconf 90' lang='lat' dir='ltr'><strong>et</strong></span> <span class='ocrx_word' id='word_1_409' title='bbox 1749 5199 2032 5254; x_wconf 85' lang='lat' dir='ltr'><strong>Camaritas</strong></span> <span class='ocrx_word' id='word_1_410' title='bbox 2057 5220 2168 5254; x_wconf 89' lang='lat' dir='ltr'><strong>esse</strong></span> <span class='ocrx_word' id='word_1_411' title='bbox 2197 5201 2284 5271; x_wconf 89' lang='lat' dir='ltr'><strong>[v.</strong></span> 
     </span>
     <span class='ocr_line' id='line_1_56' title="bbox 731 5272 2288 5352; baseline 0.005 -25"><span class='ocrx_word' id='word_1_412' title='bbox 731 5276 908 5327; x_wconf 77' lang='lat' dir='ltr'><strong>Anon.</strong></span> <span class='ocrx_word' id='word_1_413' title='bbox 938 5272 1136 5346; x_wconf 87' lang='lat' dir='ltr'><strong>Peripl.</strong></span> <span class='ocrx_word' id='word_1_414' title='bbox 1187 5292 1260 5327; x_wconf 87' lang='lat' dir='ltr'><strong>m.</strong></span> <span class='ocrx_word' id='word_1_415' title='bbox 1298 5275 1512 5347; x_wconf 75' lang='lat' dir='ltr'><strong>Erythr.</strong></span> <span class='ocrx_word' id='word_1_416' title='bbox 1544 5276 1599 5328; x_wconf 88' lang='lat' dir='ltr'><strong>in</strong></span> <span class='ocrx_word' id='word_1_417' title='bbox 1627 5286 1757 5332; x_wconf 91' lang='lat' dir='ltr'><strong>tom.</strong></span> <span class='ocrx_word' id='word_1_418' title='bbox 1792 5294 1836 5342; x_wconf 91' lang='lat'><strong>1,</strong></span> <span class='ocrx_word' id='word_1_419' title='bbox 1868 5296 1921 5350; x_wconf 88' lang='lat' dir='ltr'><strong>p.</strong></span> <span class='ocrx_word' id='word_1_420' title='bbox 1956 5279 2288 5352; x_wconf 60' lang='lat' dir='ltr'><strong>301Jsingu-</strong></span> 
     </span>
     <span class='ocr_line' id='line_1_57' title="bbox 730 5349 2290 5431; baseline 0.007 -27"><span class='ocrx_word' id='word_1_421' title='bbox 730 5349 824 5406; x_wconf 84' lang='lat' dir='ltr'><strong>lari</strong></span> <span class='ocrx_word' id='word_1_422' title='bbox 849 5352 1182 5423; x_wconf 81' lang='lat' dir='ltr'><strong>navigiorum</strong></span> <span class='ocrx_word' id='word_1_423' title='bbox 1207 5371 1398 5424; x_wconf 77' lang='lat' dir='ltr'><strong>geuene</strong></span> <span class='ocrx_word' id='word_1_424' title='bbox 1413 5354 1483 5408; x_wconf 85' lang='lat' dir='ltr'><strong>ad</strong></span> <span class='ocrx_word' id='word_1_425' title='bbox 1513 5368 1795 5409; x_wconf 86' lang='lat' dir='ltr'><strong>mereatum</strong></span> <span class='ocrx_word' id='word_1_426' title='bbox 1825 5376 1963 5424; x_wconf 86' lang='lat' dir='ltr'><strong>usos,</strong></span> <span class='ocrx_word' id='word_1_427' title='bbox 1991 5362 2290 5431; x_wconf 82' lang='lat' dir='ltr'><strong>pariterque</strong></span> 
     </span>
    </p>
   </div>
   <div class='ocr_carea' id='block_1_7' title="bbox 2340 682 2352 867">
    <p class='ocr_par' dir='ltr' id='par_1_10' title="bbox 2340 682 2352 867">
     <span class='ocr_line' id='line_1_58' title="bbox 2340 682 2352 867; baseline 0 0"><span class='ocrx_word' id='word_1_428' title='bbox 2340 682 2352 867; x_wconf 95' lang='lat' dir='ltr'><strong> </strong></span> 
     </span>
    </p>
   </div>
   <div class='ocr_carea' id='block_1_8' title="bbox 2340 874 2351 1103">
    <p class='ocr_par' dir='ltr' id='par_1_11' title="bbox 2340 874 2351 1103">
     <span class='ocr_line' id='line_1_59' title="bbox 2340 874 2351 1103; baseline 0 0"><span class='ocrx_word' id='word_1_429' title='bbox 2340 874 2351 1103; x_wconf 95' lang='lat' dir='ltr'><strong> </strong></span> 
     </span>
    </p>
   </div>
   <div class='ocr_carea' id='block_1_9' title="bbox 2340 1138 2351 1295">
    <p class='ocr_par' dir='ltr' id='par_1_12' title="bbox 2340 1138 2351 1295">
     <span class='ocr_line' id='line_1_60' title="bbox 2340 1138 2351 1295; baseline 0 0"><span class='ocrx_word' id='word_1_430' title='bbox 2340 1138 2351 1295; x_wconf 95' lang='lat' dir='ltr'><strong> </strong></span> 
     </span>
    </p>
   </div>
   <div class='ocr_carea' id='block_1_10' title="bbox 2340 1362 2350 1525">
    <p class='ocr_par' dir='ltr' id='par_1_13' title="bbox 2340 1362 2350 1525">
     <span class='ocr_line' id='line_1_61' title="bbox 2340 1362 2350 1525; baseline 0 0"><span class='ocrx_word' id='word_1_431' title='bbox 2340 1362 2350 1525; x_wconf 95' lang='lat' dir='ltr'><strong> </strong></span> 
     </span>
    </p>
   </div>
   <div class='ocr_carea' id='block_1_11' title="bbox 2340 1544 2351 1725">
    <p class='ocr_par' dir='ltr' id='par_1_14' title="bbox 2340 1544 2351 1725">
     <span class='ocr_line' id='line_1_62' title="bbox 2340 1544 2351 1725; baseline 0 0"><span class='ocrx_word' id='word_1_432' title='bbox 2340 1544 2351 1725; x_wconf 95' lang='lat' dir='ltr'><strong> </strong></span> 
     </span>
    </p>
   </div>
   <div class='ocr_carea' id='block_1_12' title="bbox 3804 558 3917 608">
    <p class='ocr_par' dir='ltr' id='par_1_15' title="bbox 3804 558 3917 608">
     <span class='ocr_line' id='line_1_63' title="bbox 3804 558 3917 608; baseline -0.018 0"><span class='ocrx_word' id='word_1_433' title='bbox 3804 558 3917 608; x_wconf 77' lang='lat'><strong>1⁴7</strong></span> 
     </span>
    </p>
   </div>
   <div class='ocr_carea' id='block_1_13' title="bbox 2388 678 3751 754">
    <p class='ocr_par' dir='ltr' id='par_1_16' title="bbox 2388 678 3751 754">
     <span class='ocr_line' id='line_1_64' title="bbox 2388 678 3751 754; baseline 0.006 -24"><span class='ocrx_word' id='word_1_434' title='bbox 2388 688 2541 751; x_wconf 88' lang='lat' dir='ltr'><strong>atque</strong></span> <span class='ocrx_word' id='word_1_435' title='bbox 2560 678 2939 733; x_wconf 75' lang='lat' dir='ltr'><strong>Camaritarum</strong></span> <span class='ocrx_word' id='word_1_436' title='bbox 2966 682 3148 751; x_wconf 79' lang='lat' dir='ltr'><strong>ingens</strong></span> <span class='ocrx_word' id='word_1_437' title='bbox 3182 683 3327 735; x_wconf 88' lang='lat' dir='ltr'><strong>natio</strong></span> <span class='ocrx_word' id='word_1_438' title='bbox 3343 722 3358 747; x_wconf 93' lang='lat'><strong>,</strong></span> <span class='ocrx_word' id='word_1_439' title='bbox 3382 683 3473 754; x_wconf 87' lang='lat' dir='ltr'><strong>qui</strong></span> <span class='ocrx_word' id='word_1_440' title='bbox 3495 683 3751 738; x_wconf 84' lang='lat' dir='ltr'><strong>Bacchum</strong></span> 
     </span>
    </p>
   </div>
   <div class='ocr_carea' id='block_1_14' title="bbox 2386 764 3924 843">
    <p class='ocr_par' dir='ltr' id='par_1_17' title="bbox 2386 764 3924 843">
     <span class='ocr_line' id='line_1_65' title="bbox 2386 764 3924 843; baseline 0.005 -24"><span class='ocrx_word' id='word_1_441' title='bbox 2386 782 2452 821; x_wconf 84' lang='lat' dir='ltr'><strong>ex</strong></span> <span class='ocrx_word' id='word_1_442' title='bbox 2476 764 2733 822; x_wconf 85' lang='lat' dir='ltr'><strong>Indorum</strong></span> <span class='ocrx_word' id='word_1_443' title='bbox 2752 766 2886 821; x_wconf 86' lang='lat' dir='ltr'><strong>bello</strong></span> <span class='ocrx_word' id='word_1_444' title='bbox 2912 780 3189 840; x_wconf 80' lang='lat' dir='ltr'><strong>exceptum</strong></span> <span class='ocrx_word' id='word_1_445' title='bbox 3213 769 3338 823; x_wconf 90' lang='lat' dir='ltr'><strong>olim</strong></span> <span class='ocrx_word' id='word_1_446' title='bbox 3364 769 3593 843; x_wconf 86' lang='lat' dir='ltr'><strong>hospitio</strong></span> <span class='ocrx_word' id='word_1_447' title='bbox 3622 772 3924 838; x_wconf 86' lang='lat' dir='ltr'><strong>coluerunt,</strong></span> 
     </span>
    </p>
   </div>
   <div class='ocr_carea' id='block_1_15' title="bbox 2388 854 3667 923">
    <p class='ocr_par' dir='ltr' id='par_1_18' title="bbox 2388 854 3667 923">
     <span class='ocr_line' id='line_1_66' title="bbox 2388 854 3667 923; baseline 0.005 -17"><span class='ocrx_word' id='word_1_448' title='bbox 2388 864 2441 907; x_wconf 90' lang='lat' dir='ltr'><strong>et</strong></span> <span class='ocrx_word' id='word_1_449' title='bbox 2464 871 2585 908; x_wconf 87' lang='lat' dir='ltr'><strong>cum</strong></span> <span class='ocrx_word' id='word_1_450' title='bbox 2618 856 2773 909; x_wconf 86' lang='lat' dir='ltr'><strong>Lenis</strong></span> <span class='ocrx_word' id='word_1_451' title='bbox 2794 854 3061 909; x_wconf 73' lang='lat' dir='ltr'><strong>solennem</strong></span> <span class='ocrx_word' id='word_1_452' title='bbox 3092 856 3336 911; x_wconf 83' lang='lat' dir='ltr'><strong>choream</strong></span> <span class='ocrx_word' id='word_1_453' title='bbox 3374 858 3667 923; x_wconf 79' lang='lat' dir='ltr'><strong>duxerunt,</strong></span> 
     </span>
    </p>
   </div>
   <div class='ocr_carea' id='block_1_16' title="bbox 2386 940 3759 1017">
    <p class='ocr_par' dir='ltr' id='par_1_19' title="bbox 2386 940 3759 1017">
     <span class='ocr_line' id='line_1_67' title="bbox 2386 940 3759 1017; baseline 0.007 -25"><span class='ocrx_word' id='word_1_454' title='bbox 2386 940 2577 994; x_wconf 87' lang='lat' dir='ltr'><strong>tunicis</strong></span> <span class='ocrx_word' id='word_1_455' title='bbox 2596 950 2649 993; x_wconf 90' lang='lat' dir='ltr'><strong>et</strong></span> <span class='ocrx_word' id='word_1_456' title='bbox 2669 940 2889 1013; x_wconf 82' lang='lat' dir='ltr'><strong>pellibus</strong></span> <span class='ocrx_word' id='word_1_457' title='bbox 2908 941 3283 997; x_wconf 84' lang='lat' dir='ltr'><strong>hinnuleorum</strong></span> <span class='ocrx_word' id='word_1_458' title='bbox 3312 946 3509 1015; x_wconf 77' lang='lat' dir='ltr'><strong>pectori</strong></span> <span class='ocrx_word' id='word_1_459' title='bbox 3530 944 3759 1017; x_wconf 84' lang='lat' dir='ltr'><strong>injectis,</strong></span> 
     </span>
    </p>
   </div>
   <div class='ocr_carea' id='block_1_17' title="bbox 2386 1027 3855 1443">
    <p class='ocr_par' dir='ltr' id='par_1_20' title="bbox 2388 1027 3751 1189">
     <span class='ocr_line' id='line_1_68' title="bbox 2388 1027 3751 1097; baseline 0.006 -17"><span class='ocrx_word' id='word_1_460' title='bbox 2388 1028 2535 1081; x_wconf 88' lang='lat' dir='ltr'><strong>Euoe</strong></span> <span class='ocrx_word' id='word_1_461' title='bbox 2554 1027 2758 1082; x_wconf 84' lang='lat' dir='ltr'><strong>Bacche</strong></span> <span class='ocrx_word' id='word_1_462' title='bbox 2790 1028 3167 1097; x_wconf 53' lang='lat' dir='ltr'><strong>exclamantem</strong></span> <span class='ocrx_word' id='word_1_463' title='bbox 3209 1028 3339 1084; x_wconf 83' lang='lat' dir='ltr'><strong>deus</strong></span> <span class='ocrx_word' id='word_1_464' title='bbox 3363 1042 3537 1085; x_wconf 88' lang='lat' dir='ltr'><strong>autem</strong></span> <span class='ocrx_word' id='word_1_465' title='bbox 3566 1033 3751 1088; x_wconf 77' lang='lat' dir='ltr'><strong>dilexit</strong></span> 
     </span>
     <span class='ocr_line' id='line_1_69' title="bbox 2388 1113 3550 1189; baseline 0.005 -22"><span class='ocrx_word' id='word_1_466' title='bbox 2388 1113 2665 1169; x_wconf 88' lang='lat' dir='ltr'><strong>hominum</strong></span> <span class='ocrx_word' id='word_1_467' title='bbox 2692 1115 2903 1171; x_wconf 88' lang='lat' dir='ltr'><strong>illorum</strong></span> <span class='ocrx_word' id='word_1_468' title='bbox 2920 1133 3083 1187; x_wconf 82' lang='lat' dir='ltr'><strong>genus</strong></span> <span class='ocrx_word' id='word_1_469' title='bbox 3102 1127 3357 1189; x_wconf 68' lang='lat' dir='ltr'><strong>ten-mque</strong></span> <span class='ocrx_word' id='word_1_470' title='bbox 3381 1116 3550 1175; x_wconf 88' lang='lat' dir='ltr'><strong>sedes.</strong></span> 
     </span>
    </p>

    <p class='ocr_par' dir='ltr' id='par_1_21' title="bbox 2388 1200 3341 1275">
     <span class='ocr_line' id='line_1_70' title="bbox 2388 1200 3341 1275; baseline 0.005 -23"><span class='ocrx_word' id='word_1_471' title='bbox 2388 1200 2511 1253; x_wconf 87' lang='lat' dir='ltr'><strong>Post</strong></span> <span class='ocrx_word' id='word_1_472' title='bbox 2531 1200 2629 1254; x_wconf 85' lang='lat' dir='ltr'><strong>hos</strong></span> <span class='ocrx_word' id='word_1_473' title='bbox 2652 1202 2898 1275; x_wconf 76' lang='lat' dir='ltr'><strong>Caspium</strong></span> <span class='ocrx_word' id='word_1_474' title='bbox 2924 1220 3069 1256; x_wconf 88' lang='lat' dir='ltr'><strong>mare</strong></span> <span class='ocrx_word' id='word_1_475' title='bbox 3096 1202 3341 1259; x_wconf 83' lang='lat' dir='ltr'><strong>fluctuat.</strong></span> 
     </span>
    </p>

    <p class='ocr_par' dir='ltr' id='par_1_22' title="bbox 2389 1285 3655 1359">
     <span class='ocr_line' id='line_1_71' title="bbox 2389 1285 3655 1359; baseline 0.002 -20"><span class='ocrx_word' id='word_1_476' title='bbox 2389 1288 2503 1340; x_wconf 84' lang='lat' dir='ltr'><strong>Hoc</strong></span> <span class='ocrx_word' id='word_1_477' title='bbox 2520 1304 2731 1359; x_wconf 88' lang='lat' dir='ltr'><strong>quoque</strong></span> <span class='ocrx_word' id='word_1_478' title='bbox 2751 1286 2961 1359; x_wconf 86' lang='lat' dir='ltr'><strong>pelagus</strong></span> <span class='ocrx_word' id='word_1_479' title='bbox 2980 1286 3127 1342; x_wconf 80' lang='lat' dir='ltr'><strong>facile</strong></span> <span class='ocrx_word' id='word_1_480' title='bbox 3153 1285 3248 1341; x_wconf 86' lang='lat' dir='ltr'><strong>tibi</strong></span> <span class='ocrx_word' id='word_1_481' title='bbox 3274 1292 3623 1344; x_wconf 82' lang='lat' dir='ltr'><strong>enamverim</strong></span> <span class='ocrx_word' id='word_1_482' title='bbox 3638 1330 3655 1354; x_wconf 82' lang='grc'>,</span> 
     </span>
    </p>

    <p class='ocr_par' dir='ltr' id='par_1_23' title="bbox 2386 1372 3855 1443">
     <span class='ocr_line' id='line_1_72' title="bbox 2386 1372 3855 1443; baseline 0.003 -16"><span class='ocrx_word' id='word_1_483' title='bbox 2386 1373 2481 1427; x_wconf 87' lang='lat' dir='ltr'><strong>etsi</strong></span> <span class='ocrx_word' id='word_1_484' title='bbox 2508 1390 2605 1427; x_wconf 90' lang='lat' dir='ltr'><strong>nec</strong></span> <span class='ocrx_word' id='word_1_485' title='bbox 2630 1382 2830 1429; x_wconf 86' lang='lat' dir='ltr'><strong>remota</strong></span> <span class='ocrx_word' id='word_1_486' title='bbox 2855 1372 3074 1427; x_wconf 86' lang='lat' dir='ltr'><strong>viderim</strong></span> <span class='ocrx_word' id='word_1_487' title='bbox 3102 1374 3289 1427; x_wconf 88' lang='lat' dir='ltr'><strong>itinera</strong></span> <span class='ocrx_word' id='word_1_488' title='bbox 3304 1412 3319 1439; x_wconf 96' lang='lat'><strong>,</strong></span> <span class='ocrx_word' id='word_1_489' title='bbox 3342 1392 3439 1428; x_wconf 89' lang='lat' dir='ltr'><strong>nec</strong></span> <span class='ocrx_word' id='word_1_490' title='bbox 3466 1376 3583 1429; x_wconf 89' lang='lat' dir='ltr'><strong>navi</strong></span> <span class='ocrx_word' id='word_1_491' title='bbox 3606 1374 3855 1443; x_wconf 70' lang='lat' dir='ltr'><strong>adierim</strong></span> 
     </span>
    </p>
   </div>
   <div class='ocr_carea' id='block_1_18' title="bbox 2340 1458 3793 1539">
    <p class='ocr_par' dir='ltr' id='par_1_24' title="bbox 2340 1458 3793 1539">
     <span class='ocr_line' id='line_1_73' title="bbox 2340 1458 3793 1539; baseline 0.002 -27"><span class='ocrx_word' id='word_1_492' title='bbox 2340 1526 2349 1539; x_wconf 34' lang='grc' dir='ltr'>ι</span> <span class='ocrx_word' id='word_1_493' title='bbox 2392 1476 2504 1514; x_wconf 81' lang='lat' dir='ltr'><strong>non</strong></span> <span class='ocrx_word' id='word_1_494' title='bbox 2528 1458 2671 1513; x_wconf 87' lang='lat' dir='ltr'><strong>enim</strong></span> <span class='ocrx_word' id='word_1_495' title='bbox 2696 1460 2865 1513; x_wconf 80' lang='lat' dir='ltr'><strong>victus</strong></span> <span class='ocrx_word' id='word_1_496' title='bbox 2886 1458 3017 1512; x_wconf 87' lang='lat' dir='ltr'><strong>mibi</strong></span> <span class='ocrx_word' id='word_1_497' title='bbox 3046 1458 3205 1513; x_wconf 85' lang='lat' dir='ltr'><strong>fuscis</strong></span> <span class='ocrx_word' id='word_1_498' title='bbox 3236 1458 3457 1513; x_wconf 89' lang='lat' dir='ltr'><strong>navibus</strong></span> <span class='ocrx_word' id='word_1_499' title='bbox 3479 1462 3793 1528; x_wconf 86' lang='lat' dir='ltr'><strong>continetur,</strong></span> 
     </span>
    </p>
   </div>
   <div class='ocr_carea' id='block_1_19' title="bbox 2389 1546 3937 1879">
    <p class='ocr_par' dir='ltr' id='par_1_25' title="bbox 2390 1546 3607 1617">
     <span class='ocr_line' id='line_1_74' title="bbox 2390 1546 3607 1617; baseline 0.002 -20"><span class='ocrx_word' id='word_1_500' title='bbox 2390 1562 2558 1617; x_wconf 86' lang='lat' dir='ltr'><strong>neque</strong></span> <span class='ocrx_word' id='word_1_501' title='bbox 2580 1554 2871 1599; x_wconf 85' lang='lat' dir='ltr'><strong>mercatura</strong></span> <span class='ocrx_word' id='word_1_502' title='bbox 2898 1554 3114 1617; x_wconf 86' lang='lat' dir='ltr'><strong>paterna</strong></span> <span class='ocrx_word' id='word_1_503' title='bbox 3129 1583 3145 1610; x_wconf 93' lang='lat'><strong>,</strong></span> <span class='ocrx_word' id='word_1_504' title='bbox 3176 1562 3346 1617; x_wconf 87' lang='lat' dir='ltr'><strong>neque</strong></span> <span class='ocrx_word' id='word_1_505' title='bbox 3372 1546 3607 1617; x_wconf 88' lang='lat' dir='ltr'><strong>Gangem</strong></span> 
     </span>
    </p>

    <p class='ocr_par' dir='ltr' id='par_1_26' title="bbox 2389 1629 3673 1704">
     <span class='ocr_line' id='line_1_75' title="bbox 2389 1629 3673 1704; baseline 0.002 -20"><span class='ocrx_word' id='word_1_506' title='bbox 2389 1629 2579 1684; x_wconf 86' lang='lat' dir='ltr'><strong>accedo</strong></span> <span class='ocrx_word' id='word_1_507' title='bbox 2605 1629 2793 1704; x_wconf 89' lang='lat' dir='ltr'><strong>(prout</strong></span> <span class='ocrx_word' id='word_1_508' title='bbox 2816 1630 2991 1693; x_wconf 87' lang='lat' dir='ltr'><strong>multi,</strong></span> <span class='ocrx_word' id='word_1_509' title='bbox 3017 1647 3114 1701; x_wconf 88' lang='lat' dir='ltr'><strong>per</strong></span> <span class='ocrx_word' id='word_1_510' title='bbox 3138 1631 3469 1703; x_wconf 72' lang='lat' dir='ltr'><strong>Erythraeum</strong></span> <span class='ocrx_word' id='word_1_511' title='bbox 3492 1650 3637 1686; x_wconf 86' lang='lat' dir='ltr'><strong>mare</strong></span> <span class='ocrx_word' id='word_1_512' title='bbox 3656 1671 3673 1698; x_wconf 89' lang='lat'><strong>,</strong></span> 
     </span>
    </p>

    <p class='ocr_par' dir='ltr' id='par_1_27' title="bbox 2390 1718 3937 1879">
     <span class='ocr_line' id='line_1_76' title="bbox 2390 1718 3937 1795; baseline 0.002 -23"><span class='ocrx_word' id='word_1_513' title='bbox 2390 1721 2577 1773; x_wconf 76' lang='lat' dir='ltr'><strong>animoe</strong></span> <span class='ocrx_word' id='word_1_514' title='bbox 2602 1718 2808 1791; x_wconf 78' lang='lat' dir='ltr'><strong>prodigi</strong></span> <span class='ocrx_word' id='word_1_515' title='bbox 2821 1756 2837 1783; x_wconf 88' lang='lat'><strong>,</strong></span> <span class='ocrx_word' id='word_1_516' title='bbox 2859 1736 2969 1789; x_wconf 88' lang='lat' dir='ltr'><strong>qno</strong></span> <span class='ocrx_word' id='word_1_517' title='bbox 2992 1718 3301 1772; x_wconf 81' lang='lat' dir='ltr'><strong>immensam</strong></span> <span class='ocrx_word' id='word_1_518' title='bbox 3314 1735 3468 1790; x_wconf 89' lang='lat' dir='ltr'><strong>opem</strong></span> <span class='ocrx_word' id='word_1_519' title='bbox 3488 1723 3907 1795; x_wconf 85' lang='lat' dir='ltr'><strong>consequantur)</strong></span> <span class='ocrx_word' id='word_1_520' title='bbox 3924 1744 3937 1788; x_wconf 82' lang='lat'>3</span> 
     </span>
     <span class='ocr_line' id='line_1_77' title="bbox 2390 1803 3625 1879; baseline 0 -20"><span class='ocrx_word' id='word_1_521' title='bbox 2390 1824 2557 1879; x_wconf 88' lang='lat' dir='ltr'><strong>neque</strong></span> <span class='ocrx_word' id='word_1_522' title='bbox 2580 1804 2649 1859; x_wconf 89' lang='lat' dir='ltr'><strong>ad</strong></span> <span class='ocrx_word' id='word_1_523' title='bbox 2672 1806 2963 1877; x_wconf 73' lang='lat' dir='ltr'><strong>Hyrcanios</strong></span> <span class='ocrx_word' id='word_1_524' title='bbox 2982 1803 3199 1859; x_wconf 84' lang='lat' dir='ltr'><strong>deverto</strong></span> <span class='ocrx_word' id='word_1_525' title='bbox 3214 1844 3229 1870; x_wconf 91' lang='lat'><strong>,</strong></span> <span class='ocrx_word' id='word_1_526' title='bbox 3252 1822 3421 1878; x_wconf 86' lang='lat' dir='ltr'><strong>neque</strong></span> <span class='ocrx_word' id='word_1_527' title='bbox 3449 1824 3625 1878; x_wconf 67' lang='lat' dir='ltr'><strong>quaero</strong></span> 
     </span>
    </p>
   </div>
   <div class='ocr_carea' id='block_1_20' title="bbox 2376 1962 3941 5354">
    <p class='ocr_par' dir='ltr' id='par_1_28' title="bbox 2376 1962 3941 5354">
     <span class='ocr_line' id='line_1_78' title="bbox 2390 1962 3941 2031; baseline 0.001 -14"><span class='ocrx_word' id='word_1_528' title='bbox 2390 1964 2445 2017; x_wconf 89' lang='lat' dir='ltr'><strong>in</strong></span> <span class='ocrx_word' id='word_1_529' title='bbox 2486 1965 2657 2016; x_wconf 90' lang='lat' dir='ltr'><strong>Ponto</strong></span> <span class='ocrx_word' id='word_1_530' title='bbox 2700 1962 2902 2016; x_wconf 83' lang='lat' dir='ltr'><strong>videret</strong></span> <span class='ocrx_word' id='word_1_531' title='bbox 2943 1979 3055 2015; x_wconf 70' lang='lat' dir='ltr'><strong>esse</strong></span> <span class='ocrx_word' id='word_1_532' title='bbox 3111 1962 3443 2031; x_wconf 83' lang='lat' dir='ltr'><strong>Heniochos‚</strong></span> <span class='ocrx_word' id='word_1_533' title='bbox 3492 1963 3701 2019; x_wconf 86' lang='lat' dir='ltr'><strong>Colchis</strong></span> <span class='ocrx_word' id='word_1_534' title='bbox 3741 1966 3941 2019; x_wconf 84' lang='lat' dir='ltr'><strong>vicinos</strong></span> 
     </span>
     <span class='ocr_line' id='line_1_79' title="bbox 2390 2040 3939 2117; baseline 0.003 -22"><span class='ocrx_word' id='word_1_535' title='bbox 2390 2040 2743 2095; x_wconf 82' lang='lat' dir='ltr'><strong>navicularum</strong></span> <span class='ocrx_word' id='word_1_536' title='bbox 2772 2058 2981 2111; x_wconf 82' lang='lat' dir='ltr'><strong>genere,</strong></span> <span class='ocrx_word' id='word_1_537' title='bbox 3023 2058 3157 2111; x_wconf 85' lang='lat' dir='ltr'><strong>quas</strong></span> <span class='ocrx_word' id='word_1_538' title='bbox 3184 2042 3405 2113; x_wconf 79' lang='grc' dir='ltr'>καμάρας</span> <span class='ocrx_word' id='word_1_539' title='bbox 3446 2054 3659 2109; x_wconf 79' lang='lat' dir='ltr'><strong>vocant,</strong></span> <span class='ocrx_word' id='word_1_540' title='bbox 3706 2042 3775 2097; x_wconf 88' lang='lat' dir='ltr'><strong>ad</strong></span> <span class='ocrx_word' id='word_1_541' title='bbox 3802 2062 3939 2117; x_wconf 82' lang='lat' dir='ltr'><strong>prae·</strong></span> 
     </span>
     <span class='ocr_line' id='line_1_80' title="bbox 2388 2118 3937 2193; baseline 0.003 -21"><span class='ocrx_word' id='word_1_542' title='bbox 2388 2119 2621 2175; x_wconf 87' lang='lat' dir='ltr'><strong>dandum</strong></span> <span class='ocrx_word' id='word_1_543' title='bbox 2664 2137 2815 2181; x_wconf 87' lang='lat' dir='ltr'><strong>usos,</strong></span> <span class='ocrx_word' id='word_1_544' title='bbox 2852 2130 3101 2191; x_wconf 70' lang='lat' dir='ltr'><strong>pra-terea</strong></span> <span class='ocrx_word' id='word_1_545' title='bbox 3128 2118 3289 2175; x_wconf 86' lang='lat' dir='ltr'><strong>alium</strong></span> <span class='ocrx_word' id='word_1_546' title='bbox 3326 2122 3583 2193; x_wconf 88' lang='lat' dir='ltr'><strong>populum</strong></span> <span class='ocrx_word' id='word_1_547' title='bbox 3606 2119 3674 2176; x_wconf 91' lang='lat' dir='ltr'><strong>ad</strong></span> <span class='ocrx_word' id='word_1_548' title='bbox 3706 2125 3937 2178; x_wconf 87' lang='lat' dir='ltr'><strong>Pontum</strong></span> 
     </span>
     <span class='ocr_line' id='line_1_81' title="bbox 2388 2196 3937 2271; baseline 0.003 -20"><span class='ocrx_word' id='word_1_549' title='bbox 2388 2199 2655 2251; x_wconf 83' lang='lat' dir='ltr'><strong>Euxinum</strong></span> <span class='ocrx_word' id='word_1_550' title='bbox 2692 2208 2871 2251; x_wconf 84' lang='lat' dir='ltr'><strong>nosset</strong></span> <span class='ocrx_word' id='word_1_551' title='bbox 2903 2198 3219 2264; x_wconf 86' lang='lat' dir='ltr'><strong>memorari,</strong></span> <span class='ocrx_word' id='word_1_552' title='bbox 3246 2196 3391 2270; x_wconf 84' lang='lat' dir='ltr'><strong>apnd</strong></span> <span class='ocrx_word' id='word_1_553' title='bbox 3416 2215 3580 2271; x_wconf 85' lang='lat' dir='ltr'><strong>quem</strong></span> <span class='ocrx_word' id='word_1_554' title='bbox 3612 2200 3751 2255; x_wconf 77' lang='lat' dir='ltr'><strong>fama</strong></span> <span class='ocrx_word' id='word_1_555' title='bbox 3779 2211 3937 2271; x_wconf 85' lang='lat' dir='ltr'><strong>esset,</strong></span> 
     </span>
     <span class='ocr_line' id='line_1_82' title="bbox 2386 2274 3941 2352; baseline 0.002 -20"><span class='ocrx_word' id='word_1_556' title='bbox 2386 2277 2653 2333; x_wconf 85' lang='lat' dir='ltr'><strong>Bacchum</strong></span> <span class='ocrx_word' id='word_1_557' title='bbox 2690 2276 2757 2330; x_wconf 91' lang='lat' dir='ltr'><strong>ab</strong></span> <span class='ocrx_word' id='word_1_558' title='bbox 2783 2274 2966 2331; x_wconf 85' lang='lat' dir='ltr'><strong>Indica</strong></span> <span class='ocrx_word' id='word_1_559' title='bbox 3008 2274 3345 2348; x_wconf 82' lang='lat' dir='ltr'><strong>expeditione</strong></span> <span class='ocrx_word' id='word_1_560' title='bbox 3386 2278 3698 2333; x_wconf 85' lang='lat' dir='ltr'><strong>redeuntem</strong></span> <span class='ocrx_word' id='word_1_561' title='bbox 3740 2280 3941 2352; x_wconf 88' lang='lat' dir='ltr'><strong>primos</strong></span> 
     </span>
     <span class='ocr_line' id='line_1_83' title="bbox 2388 2354 3939 2431; baseline 0.002 -20"><span class='ocrx_word' id='word_1_562' title='bbox 2388 2354 2577 2412; x_wconf 87' lang='lat' dir='ltr'><strong>choros</strong></span> <span class='ocrx_word' id='word_1_563' title='bbox 2604 2354 2853 2411; x_wconf 79' lang='lat' dir='ltr'><strong>duxisse:</strong></span> <span class='ocrx_word' id='word_1_564' title='bbox 2884 2357 3091 2429; x_wconf 81' lang='lat' dir='ltr'><strong>putavit</strong></span> <span class='ocrx_word' id='word_1_565' title='bbox 3136 2373 3253 2411; x_wconf 87' lang='lat' dir='ltr'><strong>esse</strong></span> <span class='ocrx_word' id='word_1_566' title='bbox 3276 2374 3401 2412; x_wconf 86' lang='lat' dir='ltr'><strong>eum</strong></span> <span class='ocrx_word' id='word_1_567' title='bbox 3437 2357 3697 2431; x_wconf 86' lang='lat' dir='ltr'><strong>populum</strong></span> <span class='ocrx_word' id='word_1_568' title='bbox 3740 2358 3939 2415; x_wconf 79' lang='lat' dir='ltr'><strong>Indicae</strong></span> 
     </span>
     <span class='ocr_line' id='line_1_84' title="bbox 2386 2434 3939 2509; baseline 0.003 -18"><span class='ocrx_word' id='word_1_569' title='bbox 2386 2437 2601 2507; x_wconf 77' lang='lat' dir='ltr'><strong>originis</strong></span> <span class='ocrx_word' id='word_1_570' title='bbox 2619 2448 2777 2509; x_wconf 89' lang='lat' dir='ltr'><strong>atque</strong></span> <span class='ocrx_word' id='word_1_571' title='bbox 2802 2436 2871 2490; x_wconf 86' lang='lat' dir='ltr'><strong>ab</strong></span> <span class='ocrx_word' id='word_1_572' title='bbox 2898 2438 2963 2490; x_wconf 90' lang='lat' dir='ltr'><strong>iis</strong></span> <span class='ocrx_word' id='word_1_573' title='bbox 2984 2434 3302 2491; x_wconf 75' lang='lat' dir='ltr'><strong>descendere</strong></span> <span class='ocrx_word' id='word_1_574' title='bbox 3316 2477 3333 2502; x_wconf 91' lang='lat'><strong>,</strong></span> <span class='ocrx_word' id='word_1_575' title='bbox 3353 2454 3487 2509; x_wconf 88' lang='lat' dir='ltr'><strong>quos</strong></span> <span class='ocrx_word' id='word_1_576' title='bbox 3504 2438 3741 2493; x_wconf 87' lang='lat' dir='ltr'><strong>Bacchus</strong></span> <span class='ocrx_word' id='word_1_577' title='bbox 3760 2458 3826 2494; x_wconf 83' lang='lat' dir='ltr'><strong>ex</strong></span> <span class='ocrx_word' id='word_1_578' title='bbox 3846 2442 3939 2495; x_wconf 87' lang='lat' dir='ltr'><strong>In-</strong></span> 
     </span>
     <span class='ocr_line' id='line_1_85' title="bbox 2386 2514 3937 2592; baseline 0.005 -25"><span class='ocrx_word' id='word_1_579' title='bbox 2386 2514 2469 2570; x_wconf 85' lang='lat' dir='ltr'><strong>dis</strong></span> <span class='ocrx_word' id='word_1_580' title='bbox 2484 2514 2702 2571; x_wconf 84' lang='lat' dir='ltr'><strong>devictis</strong></span> <span class='ocrx_word' id='word_1_581' title='bbox 2718 2534 2895 2571; x_wconf 69' lang='lat' dir='ltr'><strong>semim</strong></span> <span class='ocrx_word' id='word_1_582' title='bbox 2916 2515 3178 2582; x_wconf 85' lang='lat' dir='ltr'><strong>duxisset;</strong></span> <span class='ocrx_word' id='word_1_583' title='bbox 3199 2534 3527 2574; x_wconf 84' lang='lat' dir='ltr'><strong>camararum</strong></span> <span class='ocrx_word' id='word_1_584' title='bbox 3546 2537 3764 2586; x_wconf 86' lang='lat' dir='ltr'><strong>nomen,</strong></span> <span class='ocrx_word' id='word_1_585' title='bbox 3791 2520 3937 2592; x_wconf 90' lang='lat' dir='ltr'><strong>quod</strong></span> 
     </span>
     <span class='ocr_line' id='line_1_86' title="bbox 2388 2594 3933 2671; baseline 0.003 -22"><span class='ocrx_word' id='word_1_586' title='bbox 2388 2594 2634 2649; x_wconf 87' lang='lat' dir='ltr'><strong>celebrari</strong></span> <span class='ocrx_word' id='word_1_587' title='bbox 2678 2597 2739 2649; x_wconf 88' lang='lat' dir='ltr'><strong>in</strong></span> <span class='ocrx_word' id='word_1_588' title='bbox 2780 2598 2951 2650; x_wconf 89' lang='lat' dir='ltr'><strong>Ponto</strong></span> <span class='ocrx_word' id='word_1_589' title='bbox 2985 2606 3242 2663; x_wconf 84' lang='lat' dir='ltr'><strong>noverat,</strong></span> <span class='ocrx_word' id='word_1_590' title='bbox 3290 2596 3359 2651; x_wconf 88' lang='lat' dir='ltr'><strong>ad</strong></span> <span class='ocrx_word' id='word_1_591' title='bbox 3403 2596 3639 2653; x_wconf 89' lang='lat' dir='ltr'><strong>Indicam</strong></span> <span class='ocrx_word' id='word_1_592' title='bbox 3674 2600 3933 2671; x_wconf 72' lang='lat' dir='ltr'><strong>originem</strong></span> 
     </span>
     <span class='ocr_line' id='line_1_87' title="bbox 2387 2673 3933 2748; baseline 0.005 -23"><span class='ocrx_word' id='word_1_593' title='bbox 2387 2684 2441 2727; x_wconf 89' lang='lat' dir='ltr'><strong>et</strong></span> <span class='ocrx_word' id='word_1_594' title='bbox 2465 2676 2739 2729; x_wconf 89' lang='lat' dir='ltr'><strong>Camaram</strong></span> <span class='ocrx_word' id='word_1_595' title='bbox 2766 2673 2931 2729; x_wconf 84' lang='lat' dir='ltr'><strong>Indiae</strong></span> <span class='ocrx_word' id='word_1_596' title='bbox 2958 2674 3139 2729; x_wconf 88' lang='lat' dir='ltr'><strong>retulit</strong></span> <span class='ocrx_word' id='word_1_597' title='bbox 3162 2685 3217 2728; x_wconf 86' lang='lat' dir='ltr'><strong>et</strong></span> <span class='ocrx_word' id='word_1_598' title='bbox 3242 2676 3498 2748; x_wconf 90' lang='lat' dir='ltr'><strong>populum</strong></span> <span class='ocrx_word' id='word_1_599' title='bbox 3528 2676 3655 2731; x_wconf 90' lang='lat' dir='ltr'><strong>olim</strong></span> <span class='ocrx_word' id='word_1_600' title='bbox 3680 2680 3733 2733; x_wconf 90' lang='lat' dir='ltr'><strong>in</strong></span> <span class='ocrx_word' id='word_1_601' title='bbox 3758 2678 3933 2745; x_wconf 88' lang='lat' dir='ltr'><strong>India,</strong></span> 
     </span>
     <span class='ocr_line' id='line_1_88' title="bbox 2388 2752 3935 2829; baseline 0.006 -25"><span class='ocrx_word' id='word_1_602' title='bbox 2388 2754 2705 2824; x_wconf 72' lang='lat' dir='ltr'><strong>navigationi</strong></span> <span class='ocrx_word' id='word_1_603' title='bbox 2732 2764 2787 2808; x_wconf 88' lang='lat' dir='ltr'><strong>et</strong></span> <span class='ocrx_word' id='word_1_604' title='bbox 2818 2754 3073 2808; x_wconf 86' lang='lat' dir='ltr'><strong>mercatui</strong></span> <span class='ocrx_word' id='word_1_605' title='bbox 3105 2752 3383 2808; x_wconf 88' lang='lat' dir='ltr'><strong>adsuetum</strong></span> <span class='ocrx_word' id='word_1_606' title='bbox 3398 2794 3414 2821; x_wconf 91' lang='lat'>‚</span> <span class='ocrx_word' id='word_1_607' title='bbox 3450 2774 3593 2810; x_wconf 89' lang='lat' dir='ltr'><strong>nunc</strong></span> <span class='ocrx_word' id='word_1_608' title='bbox 3618 2756 3935 2829; x_wconf 73' lang='lat' dir='ltr'><strong>degenerem</strong></span> 
     </span>
     <span class='ocr_line' id='line_1_89' title="bbox 2388 2830 3941 2904; baseline 0.006 -22"><span class='ocrx_word' id='word_1_609' title='bbox 2388 2831 2525 2885; x_wconf 86' lang='lat' dir='ltr'><strong>inter</strong></span> <span class='ocrx_word' id='word_1_610' title='bbox 2556 2830 2693 2886; x_wconf 79' lang='lat' dir='ltr'><strong>seros</strong></span> <span class='ocrx_word' id='word_1_611' title='bbox 2717 2831 2939 2903; x_wconf 86' lang='lat' dir='ltr'><strong>populos</strong></span> <span class='ocrx_word' id='word_1_612' title='bbox 2982 2830 3396 2904; x_wconf 69' lang='lat' dir='ltr'><strong>predationibus</strong></span> <span class='ocrx_word' id='word_1_613' title='bbox 3432 2836 3711 2889; x_wconf 86' lang='lat' dir='ltr'><strong>maritimis</strong></span> <span class='ocrx_word' id='word_1_614' title='bbox 3748 2854 3807 2891; x_wconf 87' lang='lat' dir='ltr'><strong>se</strong></span> <span class='ocrx_word' id='word_1_615' title='bbox 3850 2834 3941 2893; x_wconf 80' lang='lat' dir='ltr'><strong>de-</strong></span> 
     </span>
     <span class='ocr_line' id='line_1_90' title="bbox 2388 2907 3937 2986; baseline 0.008 -26"><span class='ocrx_word' id='word_1_616' title='bbox 2388 2907 2527 2964; x_wconf 87' lang='lat' dir='ltr'><strong>disse</strong></span> <span class='ocrx_word' id='word_1_617' title='bbox 2546 2910 2789 2965; x_wconf 87' lang='lat' dir='ltr'><strong>credidit.</strong></span> <span class='ocrx_word' id='word_1_618' title='bbox 2826 2912 2983 2965; x_wconf 80' lang='lat' dir='ltr'><strong>Hunc</strong></span> <span class='ocrx_word' id='word_1_619' title='bbox 3006 2912 3166 2981; x_wconf 84' lang='lat' dir='ltr'><strong>igitur</strong></span> <span class='ocrx_word' id='word_1_620' title='bbox 3195 2911 3480 2966; x_wconf 87' lang='lat' dir='ltr'><strong>Camaritas</strong></span> <span class='ocrx_word' id='word_1_621' title='bbox 3506 2913 3783 2986; x_wconf 88' lang='lat' dir='ltr'><strong>adpellavit</strong></span> <span class='ocrx_word' id='word_1_622' title='bbox 3822 2935 3937 2973; x_wconf 85' lang='lat' dir='ltr'><strong>eos·</strong></span> 
     </span>
     <span class='ocr_line' id='line_1_91' title="bbox 2388 2989 3933 3064; baseline 0.006 -22"><span class='ocrx_word' id='word_1_623' title='bbox 2388 3006 2491 3059; x_wconf 90' lang='lat' dir='ltr'><strong>que</strong></span> <span class='ocrx_word' id='word_1_624' title='bbox 2514 3006 2637 3044; x_wconf 87' lang='lat' dir='ltr'><strong>eum</strong></span> <span class='ocrx_word' id='word_1_625' title='bbox 2679 2989 2963 3044; x_wconf 83' lang='lat' dir='ltr'><strong>Heniochis</strong></span> <span class='ocrx_word' id='word_1_626' title='bbox 3005 2990 3208 3062; x_wconf 86' lang='lat' dir='ltr'><strong>piratis,</strong></span> <span class='ocrx_word' id='word_1_627' title='bbox 3233 2992 3327 3063; x_wconf 89' lang='lat' dir='ltr'><strong>qui</strong></span> <span class='ocrx_word' id='word_1_628' title='bbox 3362 2992 3581 3046; x_wconf 86' lang='lat' dir='ltr'><strong>camaris</strong></span> <span class='ocrx_word' id='word_1_629' title='bbox 3628 2994 3933 3064; x_wconf 86' lang='lat' dir='ltr'><strong>utebantur,</strong></span> 
     </span>
     <span class='ocr_line' id='line_1_92' title="bbox 2389 3068 3936 3147; baseline 0.006 -26"><span class='ocrx_word' id='word_1_630' title='bbox 2389 3070 2717 3123; x_wconf 86' lang='lat' dir='ltr'><strong>commiscuit</strong></span> <span class='ocrx_word' id='word_1_631' title='bbox 2727 3090 2744 3135; x_wconf 88' lang='lat'>;</span> <span class='ocrx_word' id='word_1_632' title='bbox 2782 3068 2941 3124; x_wconf 86' lang='lat' dir='ltr'><strong>simul</strong></span> <span class='ocrx_word' id='word_1_633' title='bbox 2982 3079 3159 3123; x_wconf 88' lang='lat' dir='ltr'><strong>autem</strong></span> <span class='ocrx_word' id='word_1_634' title='bbox 3201 3087 3319 3142; x_wconf 81' lang='lat' dir='ltr'><strong>quae</strong></span> <span class='ocrx_word' id='word_1_635' title='bbox 3358 3068 3428 3125; x_wconf 88' lang='lat' dir='ltr'><strong>de</strong></span> <span class='ocrx_word' id='word_1_636' title='bbox 3467 3072 3675 3127; x_wconf 84' lang='lat' dir='ltr'><strong>Baccho</strong></span> <span class='ocrx_word' id='word_1_637' title='bbox 3706 3074 3936 3147; x_wconf 84' lang='lat' dir='ltr'><strong>bospitio</strong></span> 
     </span>
     <span class='ocr_line' id='line_1_93' title="bbox 2382 3146 3937 3220; baseline 0.006 -19"><span class='ocrx_word' id='word_1_638' title='bbox 2382 3158 2591 3220; x_wconf 80' lang='lat' dir='ltr'><strong>recepto</strong></span> <span class='ocrx_word' id='word_1_639' title='bbox 2616 3159 2669 3203; x_wconf 87' lang='lat' dir='ltr'><strong>et</strong></span> <span class='ocrx_word' id='word_1_640' title='bbox 2693 3148 2761 3202; x_wconf 90' lang='lat' dir='ltr'><strong>de</strong></span> <span class='ocrx_word' id='word_1_641' title='bbox 2784 3150 2943 3220; x_wconf 88' lang='lat' dir='ltr'><strong>orgiis</strong></span> <span class='ocrx_word' id='word_1_642' title='bbox 2968 3146 3081 3218; x_wconf 81' lang='lat' dir='ltr'><strong>ejus</strong></span> <span class='ocrx_word' id='word_1_643' title='bbox 3101 3148 3370 3204; x_wconf 85' lang='lat' dir='ltr'><strong>celebratis</strong></span> <span class='ocrx_word' id='word_1_644' title='bbox 3391 3149 3707 3219; x_wconf 81' lang='lat' dir='ltr'><strong>ferebantur,</strong></span> <span class='ocrx_word' id='word_1_645' title='bbox 3728 3154 3795 3209; x_wconf 89' lang='lat' dir='ltr'><strong>ad</strong></span> <span class='ocrx_word' id='word_1_646' title='bbox 3822 3174 3937 3210; x_wconf 89' lang='lat' dir='ltr'><strong>eos-</strong></span> 
     </span>
     <span class='ocr_line' id='line_1_94' title="bbox 2382 3222 3936 3289; baseline 0.008 -13"><span class='ocrx_word' id='word_1_647' title='bbox 2382 3222 2503 3278; x_wconf 88' lang='lat' dir='ltr'><strong>dem</strong></span> <span class='ocrx_word' id='word_1_648' title='bbox 2530 3226 2781 3281; x_wconf 81' lang='lat' dir='ltr'><strong>trahenda</strong></span> <span class='ocrx_word' id='word_1_649' title='bbox 2820 3227 3043 3279; x_wconf 87' lang='lat' dir='ltr'><strong>censuit.</strong></span> <span class='ocrx_word' id='word_1_650' title='bbox 3096 3252 3119 3275; x_wconf 71' lang='lat' dir='ltr'>n</span> <span class='ocrx_word' id='word_1_651' title='bbox 3164 3228 3261 3281; x_wconf 82' lang='lat' dir='ltr'><strong>His</strong></span> <span class='ocrx_word' id='word_1_652' title='bbox 3305 3225 3498 3283; x_wconf 84' lang='lat' dir='ltr'><strong>addere</strong></span> <span class='ocrx_word' id='word_1_653' title='bbox 3528 3230 3936 3289; x_wconf 82' lang='lat' dir='ltr'><strong>Wernsdorlius</strong></span> 
     </span>
     <span class='ocr_line' id='line_1_95' title="bbox 2382 3302 3930 3386; baseline 0.008 -32"><span class='ocrx_word' id='word_1_654' title='bbox 2382 3304 2638 3374; x_wconf 86' lang='lat' dir='ltr'><strong>potuisset</strong></span> <span class='ocrx_word' id='word_1_655' title='bbox 2664 3304 2869 3358; x_wconf 84' lang='lat' dir='ltr'><strong>Colchis</strong></span> <span class='ocrx_word' id='word_1_656' title='bbox 2890 3302 3087 3359; x_wconf 88' lang='lat' dir='ltr'><strong>Indicis</strong></span> <span class='ocrx_word' id='word_1_657' title='bbox 3114 3324 3225 3362; x_wconf 89' lang='lat' dir='ltr'><strong>non</strong></span> <span class='ocrx_word' id='word_1_658' title='bbox 3250 3306 3421 3361; x_wconf 87' lang='lat' dir='ltr'><strong>solum</strong></span> <span class='ocrx_word' id='word_1_659' title='bbox 3456 3308 3732 3364; x_wconf 84' lang='lat' dir='ltr'><strong>Camaram</strong></span> <span class='ocrx_word' id='word_1_660' title='bbox 3752 3330 3930 3386; x_wconf 88' lang='lat' dir='ltr'><strong>empo-</strong></span> 
     </span>
     <span class='ocr_line' id='line_1_96' title="bbox 2382 3382 3931 3457; baseline 0.006 -24"><span class='ocrx_word' id='word_1_661' title='bbox 2382 3382 2521 3435; x_wconf 88' lang='lat' dir='ltr'><strong>rium</strong></span> <span class='ocrx_word' id='word_1_662' title='bbox 2548 3384 2799 3437; x_wconf 84' lang='lat' dir='ltr'><strong>vicinium</strong></span> <span class='ocrx_word' id='word_1_663' title='bbox 2824 3400 2955 3450; x_wconf 85' lang='lat' dir='ltr'><strong>esse,</strong></span> <span class='ocrx_word' id='word_1_664' title='bbox 2982 3384 3077 3437; x_wconf 85' lang='lat' dir='ltr'><strong>sed</strong></span> <span class='ocrx_word' id='word_1_665' title='bbox 3100 3384 3169 3438; x_wconf 83' lang='lat' dir='ltr'><strong>ab</strong></span> <span class='ocrx_word' id='word_1_666' title='bbox 3189 3384 3349 3439; x_wconf 86' lang='lat' dir='ltr'><strong>altera</strong></span> <span class='ocrx_word' id='word_1_667' title='bbox 3372 3396 3521 3457; x_wconf 85' lang='lat' dir='ltr'><strong>parte</strong></span> <span class='ocrx_word' id='word_1_668' title='bbox 3547 3384 3734 3440; x_wconf 86' lang='lat' dir='ltr'><strong>iisdem</strong></span> <span class='ocrx_word' id='word_1_669' title='bbox 3756 3389 3931 3444; x_wconf 85' lang='lat' dir='ltr'><strong>immi-</strong></span> 
     </span>
     <span class='ocr_line' id='line_1_97' title="bbox 2380 3460 3933 3534; baseline 0.006 -24"><span class='ocrx_word' id='word_1_670' title='bbox 2380 3476 2503 3512; x_wconf 86' lang='lat' dir='ltr'><strong>nere</strong></span> <span class='ocrx_word' id='word_1_671' title='bbox 2525 3460 2733 3513; x_wconf 88' lang='lat' dir='ltr'><strong>Comari</strong></span> <span class='ocrx_word' id='word_1_672' title='bbox 2760 3478 2803 3515; x_wconf 87' lang='lat' dir='ltr'><strong>s.</strong></span> <span class='ocrx_word' id='word_1_673' title='bbox 2829 3461 3126 3515; x_wconf 85' lang='lat' dir='ltr'><strong>Comariam</strong></span> <span class='ocrx_word' id='word_1_674' title='bbox 3150 3460 3239 3533; x_wconf 91' lang='lat' dir='ltr'><strong>(ad</strong></span> <span class='ocrx_word' id='word_1_675' title='bbox 3266 3479 3363 3534; x_wconf 89' lang='lat' dir='ltr'><strong>cap</strong></span> <span class='ocrx_word' id='word_1_676' title='bbox 3390 3461 3701 3533; x_wconf 74' lang='lat' dir='ltr'><strong>Conmrin)</strong></span> <span class='ocrx_word' id='word_1_677' title='bbox 3717 3503 3734 3530; x_wconf 94' lang='lat'><strong>,</strong></span> <span class='ocrx_word' id='word_1_678' title='bbox 3758 3463 3933 3519; x_wconf 82' lang='lat' dir='ltr'><strong>locum</strong></span> 
     </span>
     <span class='ocr_line' id='line_1_98' title="bbox 2384 3538 3935 3612; baseline 0.004 -21"><span class='ocrx_word' id='word_1_679' title='bbox 2384 3539 2653 3592; x_wconf 78' lang='lat' dir='ltr'><strong>sanctitate</strong></span> <span class='ocrx_word' id='word_1_680' title='bbox 2676 3539 2953 3609; x_wconf 74' lang='lat' dir='ltr'><strong>insignem,</strong></span> <span class='ocrx_word' id='word_1_681' title='bbox 2979 3540 3176 3612; x_wconf 85' lang='lat' dir='ltr'><strong>quippe</strong></span> <span class='ocrx_word' id='word_1_682' title='bbox 3198 3539 3254 3591; x_wconf 88' lang='lat' dir='ltr'><strong>in</strong></span> <span class='ocrx_word' id='word_1_683' title='bbox 3277 3556 3387 3612; x_wconf 89' lang='lat' dir='ltr'><strong>quo</strong></span> <span class='ocrx_word' id='word_1_684' title='bbox 3407 3538 3615 3593; x_wconf 82' lang='lat' dir='ltr'><strong>Komari</strong></span> <span class='ocrx_word' id='word_1_685' title='bbox 3641 3538 3739 3594; x_wconf 89' lang='lat' dir='ltr'><strong>dea</strong></span> <span class='ocrx_word' id='word_1_686' title='bbox 3755 3580 3773 3607; x_wconf 94' lang='lat'><strong>,</strong></span> <span class='ocrx_word' id='word_1_687' title='bbox 3803 3542 3935 3597; x_wconf 78' lang='lat' dir='ltr'><strong>Sivae</strong></span> 
     </span>
     <span class='ocr_line' id='line_1_99' title="bbox 2381 3614 3933 3693; baseline 0.005 -26"><span class='ocrx_word' id='word_1_688' title='bbox 2381 3616 2487 3669; x_wconf 84' lang='lat' dir='ltr'><strong>sive</strong></span> <span class='ocrx_word' id='word_1_689' title='bbox 2505 3616 2699 3670; x_wconf 86' lang='lat' dir='ltr'><strong>Bacchi</strong></span> <span class='ocrx_word' id='word_1_690' title='bbox 2724 3614 2941 3687; x_wconf 82' lang='lat' dir='ltr'><strong>conjux,</strong></span> <span class='ocrx_word' id='word_1_691' title='bbox 2969 3614 3296 3690; x_wconf 86' lang='lat' dir='ltr'><strong>aliquamdiu</strong></span> <span class='ocrx_word' id='word_1_692' title='bbox 3320 3616 3612 3671; x_wconf 84' lang='lat' dir='ltr'><strong>substitisse</strong></span> <span class='ocrx_word' id='word_1_693' title='bbox 3634 3636 3933 3693; x_wconf 80' lang='lat' dir='ltr'><strong>corpusque</strong></span> 
     </span>
     <span class='ocr_line' id='line_1_100' title="bbox 2384 3694 3923 3772; baseline 0.006 -24"><span class='ocrx_word' id='word_1_694' title='bbox 2384 3694 2605 3750; x_wconf 86' lang='lat' dir='ltr'><strong>abluisse</strong></span> <span class='ocrx_word' id='word_1_695' title='bbox 2642 3694 2909 3751; x_wconf 82' lang='lat' dir='ltr'><strong>serebatur</strong></span> <span class='ocrx_word' id='word_1_696' title='bbox 2950 3698 3036 3765; x_wconf 89' lang='lat' dir='ltr'><strong>(v.</strong></span> <span class='ocrx_word' id='word_1_697' title='bbox 3090 3702 3276 3755; x_wconf 80' lang='lat' dir='ltr'><strong>Anon.</strong></span> <span class='ocrx_word' id='word_1_698' title='bbox 3324 3697 3515 3767; x_wconf 87' lang='lat' dir='ltr'><strong>Peripl.</strong></span> <span class='ocrx_word' id='word_1_699' title='bbox 3558 3714 3614 3769; x_wconf 89' lang='lat' dir='ltr'><strong>p.</strong></span> <span class='ocrx_word' id='word_1_700' title='bbox 3656 3698 3760 3754; x_wconf 84' lang='lat'><strong>300</strong></span> <span class='ocrx_word' id='word_1_701' title='bbox 3786 3699 3923 3772; x_wconf 79' lang='lat' dir='ltr'><strong>ibiq.</strong></span> 
     </span>
     <span class='ocr_line' id='line_1_101' title="bbox 2381 3774 3935 3847; baseline 0.005 -21"><span class='ocrx_word' id='word_1_702' title='bbox 2381 3785 2496 3831; x_wconf 91' lang='lat' dir='ltr'><strong>not.</strong></span> <span class='ocrx_word' id='word_1_703' title='bbox 2516 3778 2561 3845; x_wconf 91' lang='lat'><strong>).</strong></span> <span class='ocrx_word' id='word_1_704' title='bbox 2591 3804 2663 3818; x_wconf 90' lang='lat'>—</span> <span class='ocrx_word' id='word_1_705' title='bbox 2694 3776 2941 3829; x_wconf 82' lang='lat' dir='ltr'><strong>Ceterum</strong></span> <span class='ocrx_word' id='word_1_706' title='bbox 2968 3776 3253 3847; x_wconf 74' lang='lat' dir='ltr'><strong>Dionysius</strong></span> <span class='ocrx_word' id='word_1_707' title='bbox 3276 3777 3348 3829; x_wconf 86' lang='lat' dir='ltr'><strong>ita</strong></span> <span class='ocrx_word' id='word_1_708' title='bbox 3368 3774 3603 3846; x_wconf 88' lang='lat' dir='ltr'><strong>loquitur</strong></span> <span class='ocrx_word' id='word_1_709' title='bbox 3624 3787 3685 3831; x_wconf 89' lang='lat' dir='ltr'><strong>ut</strong></span> <span class='ocrx_word' id='word_1_710' title='bbox 3702 3779 3935 3834; x_wconf 85' lang='lat' dir='ltr'><strong>Camari-</strong></span> 
     </span>
     <span class='ocr_line' id='line_1_102' title="bbox 2384 3852 3931 3925; baseline 0.005 -19"><span class='ocrx_word' id='word_1_711' title='bbox 2384 3862 2459 3906; x_wconf 89' lang='lat' dir='ltr'><strong>tas</strong></span> <span class='ocrx_word' id='word_1_712' title='bbox 2477 3872 2583 3907; x_wconf 90' lang='lat' dir='ltr'><strong>non</strong></span> <span class='ocrx_word' id='word_1_713' title='bbox 2606 3854 2759 3908; x_wconf 84' lang='lat' dir='ltr'><strong>Ponti</strong></span> <span class='ocrx_word' id='word_1_714' title='bbox 2772 3892 2787 3919; x_wconf 96' lang='lat'><strong>,</strong></span> <span class='ocrx_word' id='word_1_715' title='bbox 2809 3852 2901 3907; x_wconf 87' lang='lat' dir='ltr'><strong>sed</strong></span> <span class='ocrx_word' id='word_1_716' title='bbox 2922 3854 3095 3925; x_wconf 85' lang='lat' dir='ltr'><strong>Caspii</strong></span> <span class='ocrx_word' id='word_1_717' title='bbox 3128 3854 3287 3906; x_wconf 88' lang='lat' dir='ltr'><strong>maris</strong></span> <span class='ocrx_word' id='word_1_718' title='bbox 3314 3852 3513 3909; x_wconf 86' lang='lat' dir='ltr'><strong>accolas</strong></span> <span class='ocrx_word' id='word_1_719' title='bbox 3542 3854 3735 3911; x_wconf 85' lang='lat' dir='ltr'><strong>habere</strong></span> <span class='ocrx_word' id='word_1_720' title='bbox 3757 3856 3931 3913; x_wconf 87' lang='lat' dir='ltr'><strong>videa·</strong></span> 
     </span>
     <span class='ocr_line' id='line_1_103' title="bbox 2385 3929 3927 4005; baseline 0.005 -22"><span class='ocrx_word' id='word_1_721' title='bbox 2385 3940 2496 3989; x_wconf 88' lang='lat' dir='ltr'><strong>tur.</strong></span> <span class='ocrx_word' id='word_1_722' title='bbox 2522 3936 2706 4005; x_wconf 83' lang='lat' dir='ltr'><strong>Itaque</strong></span> <span class='ocrx_word' id='word_1_723' title='bbox 2744 3930 3109 4004; x_wconf 78' lang='lat' dir='ltr'><strong>Bernhardyus</strong></span> <span class='ocrx_word' id='word_1_724' title='bbox 3135 3929 3276 4004; x_wconf 88' lang='lat' dir='ltr'><strong>apud</strong></span> <span class='ocrx_word' id='word_1_725' title='bbox 3301 3933 3491 3987; x_wconf 83' lang='lat' dir='ltr'><strong>Melam</strong></span> <span class='ocrx_word' id='word_1_726' title='bbox 3534 3950 3583 4001; x_wconf 89' lang='lat'><strong>1,</strong></span> <span class='ocrx_word' id='word_1_727' title='bbox 3616 3950 3670 3997; x_wconf 75' lang='lat' dir='ltr'><strong>a,</strong></span> <span class='ocrx_word' id='word_1_728' title='bbox 3701 3940 3733 3989; x_wconf 88' lang='lat'><strong>6</strong></span> <span class='ocrx_word' id='word_1_729' title='bbox 3754 3975 3770 4000; x_wconf 91' lang='lat'><strong>,</strong></span> <span class='ocrx_word' id='word_1_730' title='bbox 3795 3937 3927 3993; x_wconf 85' lang='lat' dir='ltr'><strong>ubi:</strong></span> 
     </span>
     <span class='ocr_line' id='line_1_104' title="bbox 2383 4010 3926 4085; baseline 0.004 -22"><span class='ocrx_word' id='word_1_731' title='bbox 2383 4015 2460 4064; x_wconf 82' lang='lat' dir='ltr'><strong>At</strong></span> <span class='ocrx_word' id='word_1_732' title='bbox 2504 4030 2661 4085; x_wconf 79' lang='lat' dir='ltr'><strong>super</strong></span> <span class='ocrx_word' id='word_1_733' title='bbox 2714 4010 2960 4085; x_wconf 74' lang='lat' dir='ltr'><strong>Caspium</strong></span> <span class='ocrx_word' id='word_1_734' title='bbox 3010 4012 3187 4064; x_wconf 75' lang='lat' dir='ltr'><strong>sinum</strong></span> <span class='ocrx_word' id='word_1_735' title='bbox 3251 4010 3491 4067; x_wconf 71' lang='lat' dir='ltr'><strong>chamari</strong></span> <span class='ocrx_word' id='word_1_736' title='bbox 3501 4054 3520 4077; x_wconf 88' lang='lat'><strong>,</strong></span> <span class='ocrx_word' id='word_1_737' title='bbox 3585 4016 3926 4083; x_wconf 64' lang='lat' dir='ltr'><strong>Massagetae,</strong></span> 
     </span>
     <span class='ocr_line' id='line_1_105' title="bbox 2386 4088 3931 4163; baseline 0.005 -22"><span class='ocrx_word' id='word_1_738' title='bbox 2386 4088 2618 4155; x_wconf 65' lang='lat' dir='ltr'><strong>cudredi,</strong></span> <span class='ocrx_word' id='word_1_739' title='bbox 2642 4089 2896 4162; x_wconf 68' lang='lat' dir='ltr'><strong>Hyrcani,</strong></span> <span class='ocrx_word' id='word_1_740' title='bbox 2928 4088 3087 4155; x_wconf 74' lang='lat' dir='ltr'><strong>Iberi,</strong></span> <span class='ocrx_word' id='word_1_741' title='bbox 3115 4108 3215 4163; x_wconf 77' lang='lat' dir='ltr'><strong>pro</strong></span> <span class='ocrx_word' id='word_1_742' title='bbox 3254 4091 3493 4147; x_wconf 78' lang='lat' dir='ltr'><strong>Chomari</strong></span> <span class='ocrx_word' id='word_1_743' title='bbox 3512 4091 3791 4163; x_wconf 82' lang='lat' dir='ltr'><strong>legendum</strong></span> <span class='ocrx_word' id='word_1_744' title='bbox 3819 4112 3931 4149; x_wconf 86' lang='lat' dir='ltr'><strong>esse</strong></span> 
     </span>
     <span class='ocr_line' id='line_1_106' title="bbox 2384 4168 3931 4241; baseline 0.004 -21"><span class='ocrx_word' id='word_1_745' title='bbox 2384 4168 2589 4223; x_wconf 61' lang='lat' dir='ltr'><strong>&amp;mari</strong></span> <span class='ocrx_word' id='word_1_746' title='bbox 2631 4169 2953 4241; x_wconf 61' lang='lat' dir='ltr'><strong>suspicatum</strong></span> <span class='ocrx_word' id='word_1_747' title='bbox 3013 4179 3067 4223; x_wconf 87' lang='lat' dir='ltr'><strong>at</strong></span> <span class='ocrx_word' id='word_1_748' title='bbox 3122 4168 3413 4223; x_wconf 86' lang='lat' dir='ltr'><strong>Chomaros</strong></span> <span class='ocrx_word' id='word_1_749' title='bbox 3468 4172 3595 4225; x_wconf 87' lang='lat' dir='ltr'><strong>istos</strong></span> <span class='ocrx_word' id='word_1_750' title='bbox 3643 4169 3778 4225; x_wconf 88' lang='lat' dir='ltr'><strong>bene</strong></span> <span class='ocrx_word' id='word_1_751' title='bbox 3838 4170 3931 4227; x_wconf 86' lang='lat' dir='ltr'><strong>ba-</strong></span> 
     </span>
     <span class='ocr_line' id='line_1_107' title="bbox 2380 4246 3931 4320; baseline 0.003 -19"><span class='ocrx_word' id='word_1_752' title='bbox 2380 4248 2499 4302; x_wconf 88' lang='lat' dir='ltr'><strong>bere</strong></span> <span class='ocrx_word' id='word_1_753' title='bbox 2518 4258 2571 4302; x_wconf 89' lang='lat' dir='ltr'><strong>et</strong></span> <span class='ocrx_word' id='word_1_754' title='bbox 2587 4247 2654 4302; x_wconf 89' lang='lat' dir='ltr'><strong>ab</strong></span> <span class='ocrx_word' id='word_1_755' title='bbox 2674 4250 2888 4319; x_wconf 82' lang='lat' dir='ltr'><strong>regione</strong></span> <span class='ocrx_word' id='word_1_756' title='bbox 2909 4247 2978 4302; x_wconf 88' lang='lat' dir='ltr'><strong>de</strong></span> <span class='ocrx_word' id='word_1_757' title='bbox 3004 4264 3109 4320; x_wconf 86' lang='lat' dir='ltr'><strong>qua</strong></span> <span class='ocrx_word' id='word_1_758' title='bbox 3124 4266 3223 4302; x_wconf 90' lang='lat' dir='ltr'><strong>nos</strong></span> <span class='ocrx_word' id='word_1_759' title='bbox 3247 4246 3359 4320; x_wconf 86' lang='lat' dir='ltr'><strong>jam</strong></span> <span class='ocrx_word' id='word_1_760' title='bbox 3383 4250 3582 4319; x_wconf 87' lang='lat' dir='ltr'><strong>agimus</strong></span> <span class='ocrx_word' id='word_1_761' title='bbox 3600 4249 3794 4303; x_wconf 82' lang='lat' dir='ltr'><strong>alienos</strong></span> <span class='ocrx_word' id='word_1_762' title='bbox 3820 4268 3931 4305; x_wconf 86' lang='lat' dir='ltr'><strong>esse</strong></span> 
     </span>
     <span class='ocr_line' id='line_1_108' title="bbox 2378 4325 3929 4399; baseline 0.003 -20"><span class='ocrx_word' id='word_1_763' title='bbox 2378 4326 2539 4399; x_wconf 84' lang='lat' dir='ltr'><strong>liquet</strong></span> <span class='ocrx_word' id='word_1_764' title='bbox 2562 4346 2627 4381; x_wconf 84' lang='lat' dir='ltr'><strong>ex</strong></span> <span class='ocrx_word' id='word_1_765' title='bbox 2648 4327 2835 4383; x_wconf 71' lang='lat' dir='ltr'><strong>collato</strong></span> <span class='ocrx_word' id='word_1_766' title='bbox 2864 4325 3143 4382; x_wconf 82' lang='lat' dir='ltr'><strong>Ptolemaeo</strong></span> <span class='ocrx_word' id='word_1_767' title='bbox 3172 4332 3226 4396; x_wconf 85' lang='lat'><strong>6,</strong></span> <span class='ocrx_word' id='word_1_768' title='bbox 3266 4344 3349 4392; x_wconf 83' lang='lat'><strong>11,</strong></span> <span class='ocrx_word' id='word_1_769' title='bbox 3373 4332 3406 4381; x_wconf 83' lang='lat'><strong>6</strong></span> <span class='ocrx_word' id='word_1_770' title='bbox 3424 4338 3477 4381; x_wconf 89' lang='lat' dir='ltr'><strong>et</strong></span> <span class='ocrx_word' id='word_1_771' title='bbox 3500 4332 3553 4384; x_wconf 88' lang='lat'><strong>8.</strong></span> <span class='ocrx_word' id='word_1_772' title='bbox 3574 4330 3731 4382; x_wconf 83' lang='lat' dir='ltr'><strong>Recte</strong></span> <span class='ocrx_word' id='word_1_773' title='bbox 3755 4339 3929 4383; x_wconf 85' lang='lat' dir='ltr'><strong>autem</strong></span> 
     </span>
     <span class='ocr_line' id='line_1_109' title="bbox 2378 4404 3933 4479; baseline 0.002 -20"><span class='ocrx_word' id='word_1_774' title='bbox 2378 4424 2497 4460; x_wconf 87' lang='lat' dir='ltr'><strong>cum</strong></span> <span class='ocrx_word' id='word_1_775' title='bbox 2524 4416 2689 4479; x_wconf 67' lang='lat' dir='ltr'><strong>poetae</strong></span> <span class='ocrx_word' id='word_1_776' title='bbox 2715 4408 2884 4461; x_wconf 84' lang='lat' dir='ltr'><strong>nostri</strong></span> <span class='ocrx_word' id='word_1_777' title='bbox 2911 4404 3089 4461; x_wconf 88' lang='lat' dir='ltr'><strong>verbis</strong></span> <span class='ocrx_word' id='word_1_778' title='bbox 3108 4405 3337 4461; x_wconf 86' lang='lat' dir='ltr'><strong>conferri</strong></span> <span class='ocrx_word' id='word_1_779' title='bbox 3356 4404 3509 4478; x_wconf 88' lang='lat' dir='ltr'><strong>jubet</strong></span> <span class='ocrx_word' id='word_1_780' title='bbox 3534 4425 3651 4479; x_wconf 78' lang='lat' dir='ltr'><strong>quae</strong></span> <span class='ocrx_word' id='word_1_781' title='bbox 3671 4407 3739 4462; x_wconf 88' lang='lat' dir='ltr'><strong>de</strong></span> <span class='ocrx_word' id='word_1_782' title='bbox 3762 4408 3933 4478; x_wconf 83' lang='lat' dir='ltr'><strong>orgia-</strong></span> 
     </span>
     <span class='ocr_line' id='line_1_110' title="bbox 2378 4484 3928 4559; baseline 0.003 -21"><span class='ocrx_word' id='word_1_783' title='bbox 2378 4486 2508 4539; x_wconf 87' lang='lat' dir='ltr'><strong>stico</strong></span> <span class='ocrx_word' id='word_1_784' title='bbox 2527 4488 2688 4540; x_wconf 80' lang='lat' dir='ltr'><strong>Lunae</strong></span> <span class='ocrx_word' id='word_1_785' title='bbox 2718 4486 2863 4541; x_wconf 88' lang='lat' dir='ltr'><strong>cultu</strong></span> <span class='ocrx_word' id='word_1_786' title='bbox 2888 4484 3027 4559; x_wconf 88' lang='lat' dir='ltr'><strong>apud</strong></span> <span class='ocrx_word' id='word_1_787' title='bbox 3056 4486 3287 4543; x_wconf 80' lang='lat' dir='ltr'><strong>Albanos</strong></span> <span class='ocrx_word' id='word_1_788' title='bbox 3313 4487 3583 4541; x_wconf 84' lang='lat' dir='ltr'><strong>obtinente</strong></span> <span class='ocrx_word' id='word_1_789' title='bbox 3602 4486 3763 4541; x_wconf 75' lang='lat' dir='ltr'><strong>refert</strong></span> <span class='ocrx_word' id='word_1_790' title='bbox 3784 4489 3928 4542; x_wconf 89' lang='lat' dir='ltr'><strong>Stra-</strong></span> 
     </span>
     <span class='ocr_line' id='line_1_111' title="bbox 2378 4563 3921 4639; baseline 0.004 -22"><span class='ocrx_word' id='word_1_791' title='bbox 2378 4563 2472 4620; x_wconf 89' lang='lat' dir='ltr'><strong>bo.</strong></span> <span class='ocrx_word' id='word_1_792' title='bbox 2519 4566 2541 4635; x_wconf 84' lang='grc' dir='ltr'><strong>ΙΙ</strong></span> <span class='ocrx_word' id='word_1_793' title='bbox 2570 4594 2643 4607; x_wconf 91' lang='lat'><strong>—-</strong></span> <span class='ocrx_word' id='word_1_794' title='bbox 2670 4582 2792 4636; x_wconf 88' lang='lat'>701.</span> <span class='ocrx_word' id='word_1_795' title='bbox 2826 4564 2999 4637; x_wconf 75' lang='grc' dir='ltr'>ἔξείν.]</span> <span class='ocrx_word' id='word_1_796' title='bbox 3046 4564 3162 4629; x_wconf 49' lang='lat' dir='ltr'><strong>lav.</strong></span> <span class='ocrx_word' id='word_1_797' title='bbox 3212 4569 3311 4635; x_wconf 85' lang='lat' dir='ltr'><em>D.‚·</em></span> <span class='ocrx_word' id='word_1_798' title='bbox 3340 4564 3567 4630; x_wconf 78' lang='grc' dir='ltr'>ὶξείνισαν</span> <span class='ocrx_word' id='word_1_799' title='bbox 3596 4566 3862 4639; x_wconf 79' lang='lat' dir='ltr'><strong>ELbdeqs.</strong></span> <span class='ocrx_word' id='word_1_800' title='bbox 3898 4569 3921 4639; x_wconf 78' lang='grc' dir='ltr'><strong>ΙΙ</strong></span> 
     </span>
     <span class='ocr_line' id='line_1_112' title="bbox 2376 4644 3929 4717; baseline 0.001 -20"><span class='ocrx_word' id='word_1_801' title='bbox 2376 4673 2447 4685; x_wconf 94' lang='grc'><strong>-</strong></span> <span class='ocrx_word' id='word_1_802' title='bbox 2473 4661 2594 4713; x_wconf 81' lang='lat'>702.</span> <span class='ocrx_word' id='word_1_803' title='bbox 2636 4646 2876 4717; x_wconf 81' lang='grc' dir='ltr'>Δηνάων]</span> <span class='ocrx_word' id='word_1_804' title='bbox 2898 4644 3145 4713; x_wconf 82' lang='grc' dir='ltr'>Σειληνῶν</span> <span class='ocrx_word' id='word_1_805' title='bbox 3181 4644 3442 4701; x_wconf 79' lang='lat' dir='ltr'><strong>th‘kmow</strong></span> <span class='ocrx_word' id='word_1_806' title='bbox 3486 4664 3607 4715; x_wconf 82' lang='lat' dir='ltr'><strong>mgo</strong></span> <span class='ocrx_word' id='word_1_807' title='bbox 3645 4648 3712 4713; x_wconf 77' lang='lat' dir='ltr'><strong>Y,</strong></span> <span class='ocrx_word' id='word_1_808' title='bbox 3750 4644 3929 4715; x_wconf 74' lang='grc' dir='ltr'>Σιιλη·</span> 
     </span>
     <span class='ocr_line' id='line_1_113' title="bbox 2378 4724 3933 4796; baseline 0.003 -23"><span class='ocrx_word' id='word_1_809' title='bbox 2378 4724 2505 4775; x_wconf 80' lang='grc' dir='ltr'>νάων</span> <span class='ocrx_word' id='word_1_810' title='bbox 2528 4727 2596 4780; x_wconf 90' lang='grc' dir='ltr'><strong>Ν.</strong></span> <span class='ocrx_word' id='word_1_811' title='bbox 2624 4725 2647 4795; x_wconf 73' lang='grc' dir='ltr'><strong>ΙΙ</strong></span> <span class='ocrx_word' id='word_1_812' title='bbox 2672 4754 2745 4765; x_wconf 90' lang='grc'>-</span> <span class='ocrx_word' id='word_1_813' title='bbox 2777 4726 2898 4796; x_wconf 82' lang='lat'>703.</span> <span class='ocrx_word' id='word_1_814' title='bbox 2941 4727 3083 4795; x_wconf 70' lang='grc' dir='ltr'>ζῶμά</span> <span class='ocrx_word' id='word_1_815' title='bbox 3107 4743 3161 4778; x_wconf 94' lang='grc' dir='ltr'>τε</span> <span class='ocrx_word' id='word_1_816' title='bbox 3195 4724 3289 4788; x_wconf 79' lang='lat' dir='ltr'><strong>bd,·</strong></span> <span class='ocrx_word' id='word_1_817' title='bbox 3314 4724 3507 4796; x_wconf 75' lang='grc' dir='ltr'>νεὸρίδα</span> <span class='ocrx_word' id='word_1_818' title='bbox 3539 4724 3669 4789; x_wconf 69' lang='lat' dir='ltr'><strong>laiht,</strong></span> <span class='ocrx_word' id='word_1_819' title='bbox 3715 4726 3933 4795; x_wconf 80' lang='grc' dir='ltr'>νεορίδας</span> 
     </span>
     <span class='ocr_line' id='line_1_114' title="bbox 2376 4802 3929 4877; baseline -0.002 -19"><span class='ocrx_word' id='word_1_820' title='bbox 2376 4804 2616 4873; x_wconf 71' lang='lat' dir='ltr'><strong>Adgmo5</strong></span> <span class='ocrx_word' id='word_1_821' title='bbox 2642 4805 2761 4877; x_wconf 72' lang='grc' dir='ltr'>ἐπὶ]</span> <span class='ocrx_word' id='word_1_822' title='bbox 2788 4806 2897 4877; x_wconf 75' lang='grc' dir='ltr'>περὶ</span> <span class='ocrx_word' id='word_1_823' title='bbox 2930 4804 3124 4867; x_wconf 65' lang='grc' dir='ltr'>ΧΙιίΗς</span> <span class='ocrx_word' id='word_1_824' title='bbox 3152 4803 3349 4870; x_wconf 74' lang='grc' dir='ltr'>στήθεσι</span> <span class='ocrx_word' id='word_1_825' title='bbox 3378 4805 3681 4869; x_wconf 69' lang='lat' dir='ltr'><strong>cFHMost3</strong></span> <span class='ocrx_word' id='word_1_826' title='bbox 3711 4802 3929 4875; x_wconf 85' lang='grc' dir='ltr'>βαλλόν-</span> 
     </span>
     <span class='ocr_line' id='line_1_115' title="bbox 2376 4876 3925 4955; baseline -0.002 -18"><span class='ocrx_word' id='word_1_827' title='bbox 2376 4904 2454 4948; x_wconf 91' lang='grc' dir='ltr'><strong>τες</strong></span> <span class='ocrx_word' id='word_1_828' title='bbox 2477 4886 2614 4953; x_wconf 84' lang='lat' dir='ltr'><strong>(sic)</strong></span> <span class='ocrx_word' id='word_1_829' title='bbox 2644 4888 2719 4955; x_wconf 85' lang='lat' dir='ltr'><strong>N,</strong></span> <span class='ocrx_word' id='word_1_830' title='bbox 2750 4884 3017 4955; x_wconf 82' lang='grc' dir='ltr'>βάλλοντες</span> <span class='ocrx_word' id='word_1_831' title='bbox 3044 4888 3114 4939; x_wconf 89' lang='lat' dir='ltr'><strong>D.</strong></span> <span class='ocrx_word' id='word_1_832' title='bbox 3156 4885 3177 4955; x_wconf 84' lang='grc' dir='ltr'><strong>ΙΙ</strong></span> <span class='ocrx_word' id='word_1_833' title='bbox 3214 4912 3281 4923; x_wconf 92' lang='lat'><em>-</em></span> <span class='ocrx_word' id='word_1_834' title='bbox 3308 4887 3432 4953; x_wconf 68' lang='lat'><strong>704·</strong></span> <span class='ocrx_word' id='word_1_835' title='bbox 3466 4878 3566 4937; x_wconf 72' lang='grc' dir='ltr'>εὗοι</span> <span class='ocrx_word' id='word_1_836' title='bbox 3598 4901 3642 4947; x_wconf 86' lang='lat' dir='ltr'><strong>e,</strong></span> <span class='ocrx_word' id='word_1_837' title='bbox 3694 4876 3748 4937; x_wconf 67' lang='grc' dir='ltr'><strong>εὖ</strong></span> <span class='ocrx_word' id='word_1_838' title='bbox 3773 4879 3829 4935; x_wconf 75' lang='grc' dir='ltr'><strong>οἶ</strong></span> <span class='ocrx_word' id='word_1_839' title='bbox 3866 4881 3925 4948; x_wconf 78' lang='lat' dir='ltr'><strong>d,</strong></span> 
     </span>
     <span class='ocr_line' id='line_1_116' title="bbox 2378 4960 3915 5038; baseline -0.005 -18"><span class='ocrx_word' id='word_1_840' title='bbox 2378 4961 2434 5020; x_wconf 68' lang='grc' dir='ltr'><strong>εἴ»</strong></span> <span class='ocrx_word' id='word_1_841' title='bbox 2459 4966 2507 5019; x_wconf 80' lang='lat' dir='ltr'><strong>ol</strong></span> <span class='ocrx_word' id='word_1_842' title='bbox 2542 4966 2681 5038; x_wconf 68' lang='lat' dir='ltr'><strong>giqs,</strong></span> <span class='ocrx_word' id='word_1_843' title='bbox 2706 4960 2759 5019; x_wconf 68' lang='grc' dir='ltr'><strong>εὖ</strong></span> <span class='ocrx_word' id='word_1_844' title='bbox 2786 4984 2863 5018; x_wconf 88' lang='grc' dir='ltr'><strong>σοι</strong></span> <span class='ocrx_word' id='word_1_845' title='bbox 2900 4964 3041 5029; x_wconf 76' lang='lat' dir='ltr'><strong>b1m5</strong></span> <span class='ocrx_word' id='word_1_846' title='bbox 3079 4964 3192 5018; x_wconf 76' lang='grc' dir='ltr'>ὅθεν</span> <span class='ocrx_word' id='word_1_847' title='bbox 3222 4965 3350 5037; x_wconf 70' lang='grc' dir='ltr'>μέγα</span> <span class='ocrx_word' id='word_1_848' title='bbox 3382 4964 3557 5035; x_wconf 76' lang='grc' dir='ltr'>φίλατο</span> <span class='ocrx_word' id='word_1_849' title='bbox 3584 4961 3773 5033; x_wconf 81' lang='grc' dir='ltr'>δαίμων</span> <span class='ocrx_word' id='word_1_850' title='bbox 3801 4963 3915 5022; x_wconf 68' lang='lat' dir='ltr'><strong>Hc.</strong></span> 
     </span>
     <span class='ocr_line' id='line_1_117' title="bbox 2382 5042 3915 5117; baseline -0.007 -15"><span class='ocrx_word' id='word_1_851' title='bbox 2382 5048 2403 5117; x_wconf 83' lang='grc' dir='ltr'><strong>ΙΙ</strong></span> <span class='ocrx_word' id='word_1_852' title='bbox 2427 5077 2499 5087; x_wconf 94' lang='grc'>-</span> <span class='ocrx_word' id='word_1_853' title='bbox 2517 5046 2638 5115; x_wconf 87' lang='grc'><strong>705.</strong></span> <span class='ocrx_word' id='word_1_854' title='bbox 2664 5043 2838 5117; x_wconf 73' lang='grc' dir='ltr'>γενεήν</span> <span class='ocrx_word' id='word_1_855' title='bbox 2861 5064 2915 5099; x_wconf 83' lang='grc' dir='ltr'>τε</span> <span class='ocrx_word' id='word_1_856' title='bbox 2939 5043 3021 5097; x_wconf 76' lang='grc' dir='ltr'><strong>καὶ</strong></span> <span class='ocrx_word' id='word_1_857' title='bbox 3038 5047 3085 5103; x_wconf 95' lang='grc' dir='ltr'><strong>Ο</strong></span> <span class='ocrx_word' id='word_1_858' title='bbox 3111 5055 3334 5100; x_wconf 86' lang='lat' dir='ltr'><strong>correct.</strong></span> <span class='ocrx_word' id='word_1_859' title='bbox 3367 5044 3390 5113; x_wconf 85' lang='grc' dir='ltr'><strong>ΙΙ</strong></span> <span class='ocrx_word' id='word_1_860' title='bbox 3415 5074 3490 5085; x_wconf 86' lang='grc'><strong>-</strong></span> <span class='ocrx_word' id='word_1_861' title='bbox 3516 5059 3639 5113; x_wconf 88' lang='grc'><strong>707.</strong></span> <span class='ocrx_word' id='word_1_862' title='bbox 3671 5042 3915 5111; x_wconf 81' lang='grc' dir='ltr'>καταγρ.]</span> 
     </span>
     <span class='ocr_line' id='line_1_118' title="bbox 2380 5119 3918 5197; baseline 0 -19"><span class='ocrx_word' id='word_1_863' title='bbox 2380 5144 2582 5195; x_wconf 77' lang='grc' dir='ltr'>μεταγρ.</span> <span class='ocrx_word' id='word_1_864' title='bbox 2610 5129 2805 5191; x_wconf 83' lang='lat' dir='ltr'><strong>CDHc,</strong></span> <span class='ocrx_word' id='word_1_865' title='bbox 2829 5124 2992 5196; x_wconf 75' lang='grc' dir='ltr'>διαγρ.</span> <span class='ocrx_word' id='word_1_866' title='bbox 3028 5124 3493 5197; x_wconf 75' lang='lat' dir='ltr'><strong>FKLbdegImopqt</strong></span> <span class='ocrx_word' id='word_1_867' title='bbox 3518 5121 3637 5177; x_wconf 80' lang='lat' dir='ltr'><strong>Ald.</strong></span> <span class='ocrx_word' id='word_1_868' title='bbox 3668 5119 3918 5191; x_wconf 86' lang='lat' dir='ltr'><strong>Paraphr.</strong></span> 
     </span>
     <span class='ocr_line' id='line_1_119' title="bbox 2382 5196 3927 5275; baseline -0.006 -17"><span class='ocrx_word' id='word_1_869' title='bbox 2382 5204 2403 5273; x_wconf 78' lang='grc' dir='ltr'><strong>ΙΙ</strong></span> <span class='ocrx_word' id='word_1_870' title='bbox 2425 5234 2498 5245; x_wconf 91' lang='grc'>-</span> <span class='ocrx_word' id='word_1_871' title='bbox 2520 5205 2649 5273; x_wconf 85' lang='lat'><strong>708.</strong></span> <span class='ocrx_word' id='word_1_872' title='bbox 2678 5202 2773 5275; x_wconf 81' lang='grc' dir='ltr'><strong>μὴν</strong></span> <span class='ocrx_word' id='word_1_873' title='bbox 2797 5222 2845 5267; x_wconf 85' lang='lat' dir='ltr'><strong>e;</strong></span> <span class='ocrx_word' id='word_1_874' title='bbox 2867 5204 3075 5274; x_wconf 82' lang='grc' dir='ltr'>περάσας</span> <span class='ocrx_word' id='word_1_875' title='bbox 3098 5207 3211 5257; x_wconf 76' lang='grc'><strong>01).</strong></span> <span class='ocrx_word' id='word_1_876' title='bbox 3246 5204 3267 5274; x_wconf 81' lang='grc' dir='ltr'><strong>ΙΙ</strong></span> <span class='ocrx_word' id='word_1_877' title='bbox 3302 5232 3371 5245; x_wconf 94' lang='grc'><strong>--</strong></span> <span class='ocrx_word' id='word_1_878' title='bbox 3398 5218 3519 5270; x_wconf 85' lang='lat'>711.</span> <span class='ocrx_word' id='word_1_879' title='bbox 3541 5198 3709 5270; x_wconf 74' lang='grc' dir='ltr'>οἷάπερ</span> <span class='ocrx_word' id='word_1_880' title='bbox 3746 5196 3927 5252; x_wconf 76' lang='grc' dir='ltr'>πολλοὶ</span> 
     </span>
     <span class='ocr_line' id='line_1_120' title="bbox 2376 5276 3916 5354; baseline -0.003 -19"><span class='ocrx_word' id='word_1_881' title='bbox 2376 5286 2503 5347; x_wconf 85' lang='lat' dir='ltr'><strong>AH,</strong></span> <span class='ocrx_word' id='word_1_882' title='bbox 2522 5278 2692 5354; x_wconf 82' lang='grc' dir='ltr'>οἷάπερ</span> <span class='ocrx_word' id='word_1_883' title='bbox 2705 5282 3206 5345; x_wconf 69' lang='grc' dir='ltr'>ἄλλοιΕιΝΥΜσζ.</span> <span class='ocrx_word' id='word_1_884' title='bbox 3234 5282 3258 5352; x_wconf 87' lang='grc' dir='ltr'><strong>ΙΙ</strong></span> <span class='ocrx_word' id='word_1_885' title='bbox 3280 5312 3345 5324; x_wconf 90' lang='lat'><strong>——</strong></span> <span class='ocrx_word' id='word_1_886' title='bbox 3359 5297 3481 5350; x_wconf 81' lang='lat'>712.</span> <span class='ocrx_word' id='word_1_887' title='bbox 3499 5278 3735 5349; x_wconf 74' lang='grc' dir='ltr'>ἰλωνται]</span> <span class='ocrx_word' id='word_1_888' title='bbox 3756 5276 3916 5345; x_wconf 70' lang='grc' dir='ltr'>ἄγων-</span> 
     </span>
    </p>
   </div>
   <div class='ocr_carea' id='block_1_21' title="bbox 2378 5351 3921 5489">
    <p class='ocr_par' dir='ltr' id='par_1_29' title="bbox 2378 5351 3921 5489">
     <span class='ocr_line' id='line_1_121' title="bbox 2378 5351 3921 5434; baseline 0 -19"><span class='ocrx_word' id='word_1_889' title='bbox 2378 5379 2455 5415; x_wconf 78' lang='grc' dir='ltr'><strong>ται</strong></span> <span class='ocrx_word' id='word_1_890' title='bbox 2476 5360 2597 5417; x_wconf 89' lang='lat' dir='ltr'><strong>cod.</strong></span> <span class='ocrx_word' id='word_1_891' title='bbox 2617 5365 2666 5429; x_wconf 65' lang='grc' dir='ltr'><strong>ξς</strong></span> <span class='ocrx_word' id='word_1_892' title='bbox 2690 5361 2903 5433; x_wconf 76' lang='grc' dir='ltr'>ἔχωνται</span> <span class='ocrx_word' id='word_1_893' title='bbox 2921 5360 2962 5414; x_wconf 78' lang='lat' dir='ltr'><strong>d</strong></span> <span class='ocrx_word' id='word_1_894' title='bbox 2986 5380 3127 5417; x_wconf 86' lang='lat' dir='ltr'><strong>man.</strong></span> <span class='ocrx_word' id='word_1_895' title='bbox 3151 5378 3237 5434; x_wconf 87' lang='lat' dir='ltr'><strong>pr.</strong></span> <span class='ocrx_word' id='word_1_896' title='bbox 3273 5361 3295 5431; x_wconf 84' lang='grc' dir='ltr'><strong>ΙΙ</strong></span> <span class='ocrx_word' id='word_1_897' title='bbox 3327 5390 3393 5401; x_wconf 91' lang='lat'><em>-</em></span> <span class='ocrx_word' id='word_1_898' title='bbox 3417 5359 3545 5430; x_wconf 78' lang='lat'>7¹3·</span> <span class='ocrx_word' id='word_1_899' title='bbox 3584 5355 3707 5427; x_wconf 73' lang='grc' dir='ltr'>μὲν]</span> <span class='ocrx_word' id='word_1_900' title='bbox 3741 5351 3837 5424; x_wconf 78' lang='grc' dir='ltr'>μὴν</span> <span class='ocrx_word' id='word_1_901' title='bbox 3862 5370 3921 5423; x_wconf 67' lang='lat' dir='ltr'><strong>q:</strong></span> 
     </span>
     <span class='ocr_line' id='line_1_122' title="bbox 3672 5448 3735 5489; baseline 0 0"><span class='ocrx_word' id='word_1_902' title='bbox 3672 5448 3735 5489; x_wconf 82' lang='lat' dir='ltr'><strong>to.</strong></span> 
     </span>
    </p>
   </div>
  </div>
 </body>
</html>
