4584 6284
716 566 831 619 ¹20

737 710 820 753 810
852 686 1046 768 Νευροί
1066 690 1113 749 0·
1129 686 1448 755 Ἱππόποδές
1467 708 1524 744 τι
1544 683 1772 745 Γελωνοί
1785 687 1832 743 τ’
1846 682 1927 756 ἠδ’
1945 682 2268 762 Ἀγάθυρσοι·

857 768 950 858 ᾗχι
969 774 1318 855 Βορυσθένεος
1341 776 1584 853 ποταμοῦ
1604 770 1982 848 τιτανυσμὲνον
2015 770 2153 851 ὕδωρ

858 865 1109 947 μίσγεται
1142 862 1407 944 Εῧξιίνῳ,
1431 865 1595 943 Κριοῦ
1632 860 1954 944 προπάροιθε
1993 858 2267 939 μετώπου,

859 955 1012 1038 ὀρθὸν
1031 955 1120 1015 ἐπὶ
1147 956 1376 1034 γραμμῇ
1398 950 1714 1013 κατεναντία
1747 951 2054 1013 Κυανιᾶων.

864 1047 1015 1107 Kasos
1042 1043 1134 1104 καὶ
1166 1039 1472 1114 Ἆλδήσκοιο
1489 1038 1578 1099 καὶ
1613 1038 1780 1100 ὕδατα
1808 1038 2157 1099 Παντικάπαο

741 1156 822 1196 ata
853 1130 1121 1199 Ῥιπαίοις
1145 1130 1199 1189 ἐν
1229 1128 1406 1211 ὄρεσσι
1435 1128 1676 1210 διάνδιχα
1692 1126 2034 1208 μορμύρουσι.

716 1351 1230 1419 cuntur,accuratius
1242 1346 1390 1403 sedes
1405 1364 1590 1403 eorum
1617 1347 1839 1402 indicari
1857 1356 2024 1419 putat.
2035 1346 2135 1416 11-
2154 1345 2274 1416 309.

715 1434 1029 1491 Ammianus
1055 1428 1388 1485 Marcellinus
1409 1427 1497 1493 31,
1528 1443 1582 1493 a,
1613 1428 1676 1481 13
1698 1426 1918 1492 Alanos,
1948 1426 2040 1498 qui
2069 1443 2100 1478 a
2121 1424 2278 1478 Tanai

717 1512 974 1565 orientem
1021 1526 1202 1562 versus
1239 1505 1541 1577 longissime
1573 1505 1976 1579 pertinuissent,
2007 1503 2277 1579 paullatim

717 1590 957 1645 nationes
976 1586 1330 1641 conterminas
1349 1584 1626 1640 crebritate
1639 1584 1974 1637 victoriarum
1993 1582 2195 1636 attritas
2210 1579 2277 1635 ad

719 1668 1060 1740 gentilitatem
1089 1666 1172 1719 sui
1196 1664 1430 1720 vocabuli
1460 1663 1676 1717 traxisse
1697 1662 1845 1717 dicit.
1873 1662 1975 1716 Eas
1996 1671 2172 1715 autem
2197 1660 2279 1712 in-

719 1760 798 1802 ter
827 1746 1066 1800 nationes
1095 1754 1331 1799 recenset
1347 1741 1845 1808 Neurosffludiuos,
1875 1740 2122 1805 Gelonos,
2144 1742 2277 1809 Aga·

720 1828 927 1899 thyrsos
940 1866 955 1891 ,
984 1822 1380 1879 Melanchlaenas
1401 1833 1454 1877 ct
1473 1820 1875 1894 Androphagoe.
1897 1819 2098 1873 Eodem
2119 1818 2278 1871 modo

723 1906 882 1959 etiam
923 1904 1243 1977 Dionysium
1269 1902 1508 1956 statuisse
1543 1910 1739 1973 putare
1777 1898 1982 1954 videtur
2021 1897 2278 1951 Bernhar-

723 1984 888 2058 dyus,
909 1983 1000 2055 qui
1025 1980 1304 2055 particulas
1330 1978 1586 2053 quasdam
1617 1978 1914 2033 communis
1943 1978 2168 2033 nominis
2193 1994 2277 2029 re·

721 2064 920 2118 censeri
950 2061 1297 2117 demonstrari
1316 2061 1390 2114 ait
1430 2059 1549 2113 loco
1569 2058 1871 2113 simillimo:
1901 2075 1949 2111 v.
1985 2059 2119 2112 186:
2150 2056 2280 2108 τοῖσι

721 2142 766 2195 δ’
787 2140 867 2196 ἐπὶ
879 2139 1128 2214 Νομάδων
1146 2138 1513 2211 mpudentem
1533 2137 1656 2193 ἅσπε
1663 2156 1720 2192 τα
1737 2136 1866 2210 φῦλα
1880 2175 1896 2203 ,
1923 2134 2078 2189 Ἔνθα
2090 2133 2279 2187 Μασαι-

725 2220 960 2275 samotra
988 2218 1072 2273 καὶ
1098 2217 1370 2291 ἀγρόνομοι
1398 2216 1680 2285 Μασυλῆες.
1712 2220 1785 2271 At
1803 2232 1926 2269 cum
1953 2214 2034 2269 his
2057 2224 2168 2268 tum
2193 2212 2280 2267 de-

725 2320 874 2355 mum
903 2310 1078 2354 noster
1109 2298 1256 2353 locus
1287 2298 1582 2371 comparari
1621 2306 1830 2369 posset,
1861 2294 1906 2348 si
1945 2312 2020 2349 vs.
2053 2294 2152 2349 308
2181 2311 2278 2365 pro

723 2381 878 2453 φῦλον
924 2379 1184 2450 legeretur
1219 2376 1377 2450 φῦλα,
1412 2388 1472 2431 111
1500 2394 1550 2431 v.
1599 2380 1699 2431 186
1747 2386 1802 2429 01
1841 2374 1975 2443 3025
2005 2391 2178 2448 neque
2209 2374 2275 2428 ita

720 2461 950 2515 scribere
982 2459 1236 2531 potuisset
1277 2458 1376 2511 nisi
1404 2468 1588 2512 auctor
1635 2456 1917 2513 Ammiano
1957 2473 2066 2509 non
2111 2452 2278 2508 multo

721 2540 1006 2612 antiquior.
1054 2536 1288 2591 Vocibus
1311 2535 1457 2601 ἔνθα,
1479 2530 1749 2609 ᾗχι,κεῑ’Θι
1769 2552 1953 2605 vagum
1973 2535 2027 2587 in
2061 2531 2276 2587 modum

723 2618 1007 2691 Dionysius
1053 2618 1214 2671 situm
1258 2618 1534 2686 regionum
1578 2614 2006 2687 populorumque
2049 2610 2280 2665 indioerc

717 2696 942 2752 adamat.
971 2696 1057 2750 Sic
1089 2696 1192 2750 hoc
1239 2695 1356 2749 loco
1395 2693 1513 2748 ἔνθα
1543 2693 1675 2747 011111
1709 2691 1852 2747 aliud
1887 2690 2144 2763 significat
2179 2691 2277 2745 nisi

715 2772 1110 2829 Melanchlaenas
1159 2782 1212 2827 et
1257 2782 1531 2845 sequentes
1581 2771 1806 2844 populos
1849 2788 1882 2824 a
1920 2769 2082 2824 borea
2129 2768 2276 2822 habi-

718 2864 827 2908 tare
867 2871 1085 2917 eorum,
1135 2870 1270 2924 quos
1309 2871 1386 2909 vs.
1434 2852 1668 2922 302-307
1696 2849 1976 2906 recensuit.
2015 2846 2282 2919 Ἱππημολ-

712 2934 824 3005 γοὶ]
862 2931 1058 3005 Ἱππομ.
1111 2935 1244 2986 CDs.
1292 2931 1314 3002 ΙΙ
1362 2961 1435 2973 -
1481 2932 1603 2987 310.
1636 2929 1849 3002 Νευροί]
1891 2927 2076 2999 Νεὸροί
2113 2933 2174 2985 (5.
2203 2927 2282 2984 Cf.

716 3011 1046 3077 Eustathius,
1075 3010 1166 3083 qui
1202 3008 1270 3063 ad
1293 3009 1430 3064 hanc
1458 3008 1700 3064 lectionis
1727 3009 2030 3064 varietatem
2053 3007 2278 3076 attingit.

717 3090 1028 3163 Dionysium
1048 3092 1175 3145 citat
1195 3089 1494 3161 Stephanus
1517 3092 1641 3162 Byz.
1674 3108 1723 3144 v.
1751 3088 1947 3161 Νευροί.
1968 3121 2041 3132 -
2061 3087 2286 3142 Ἱππ-ὀπο-

717 3169 830 3240 δες]
879 3191 900 3218 ι
937 3167 1280 3241 Hippopodes
1306 3168 1504 3223 Plinius
1525 3170 1616 3237 (4,
1657 3169 1763 3237 27)
1787 3207 1801 3231 ,
1829 3168 1966 3223 Mela
2003 3178 2056 3222 et
2081 3166 2287 3221 Solinus

724 3248 850 3317 (19,
889 3248 960 3317 6)
1001 3246 1055 3299 10
1085 3245 1268 3299 insulis
1301 3247 1460 3299 maris
1499 3247 1772 3301 Sarmatici
1804 3245 2009 3312 locant,
2045 3262 2174 3317 quas
2210 3254 2286 3298 ta·

721 3342 843 3378 men
871 3326 934 3377 ob
959 3324 1186 3379 alternos
1211 3324 1375 3378 muris
1393 3342 1632 3379 accessus
1647 3336 1700 3378 et
1728 3342 1952 3378 recessus
1975 3323 2124 3377 modo
2148 3321 2289 3376 iusu-

724 3402 806 3455 Ias
840 3401 1010 3455 videri
1059 3401 1209 3455 modo
1249 3402 1536 3457 continenti
1555 3402 1718 3473 jungi
1745 3401 1903 3457 refert
1923 3403 2060 3457 Mela
2086 3403 2138 3465 3,
2171 3405 2224 3455 6.
2260 3424 2282 3452 n

727 3484 976 3541 Hamus.
1008 3483 1073 3534 In
1102 3482 1284 3535 oceani
1313 3482 1580 3536 orientalis
1602 3493 1656 3536 et
1697 3483 1800 3536 alio
1827 3482 1944 3538 loco
1975 3484 2031 3537 in
2069 3482 2290 3537 borealis

726 3560 908 3613 oceani
957 3559 1137 3613 insulis
1169 3558 1510 3632 Hippopodes
1537 3560 1758 3615 collocat
1795 3564 2107 3634 Anonymus
2133 3578 2288 3633 quem

2104 547 2447 611 DlONYSll

2361 690 2521 745 Neuri
2536 730 2551 757 ,
2573 689 2917 762 Hippopodes
2934 729 2950 756 ,
2976 688 3198 756 Geloni,
3224 691 3501 765 Agathyrsi
3532 712 3546 749 ε

2332 804 2337 810 ·
2363 778 2453 831 ubi
2482 776 2820 851 Borysthenis
2848 778 2995 831 fluvii
3012 776 3169 849 longe
3198 788 3381 851 patens
3408 777 3551 833 unda

2362 865 2569 919 Euxino
2600 864 2866 927 miscetur,
2890 874 3013 920 ante
3030 863 3405 939 Criumetopon
3421 906 3438 933 ,

2361 971 2455 1025 per
2476 962 2669 1008 rectam
2690 952 2878 1005 lineam
2902 968 2932 1003 e
2950 951 3161 1021 regione
3180 952 3531 1025 Cyanearum.

2363 1040 2473 1095 Illic
2490 1042 2646 1094 etiam
2669 1037 2879 1095 Aldesci
2900 1056 3048 1111 aquae
3067 1049 3122 1094 et
3142 1040 3433 1113 Panticapae

2316 1112 2329 1203 Ι
2365 1130 2419 1183 10
2437 1130 2661 1202 Rhipaeis
2688 1128 2955 1184 montibus
2977 1126 3217 1182 bifariam
3248 1140 3601 1185 murmurant.

2368 1364 2472 1399 non
2490 1356 2710 1400 constat.
2749 1370 2771 1392 ι
2798 1345 2874 1399 An
2895 1345 3147 1401 Aldoecus
3169 1344 3349 1399 civitas
3371 1344 3547 1398 Suidae
3574 1344 3645 1397 sit
3664 1344 3922 1399 Ordessus

2366 1423 2645 1493 Ptolemaei,
2666 1435 2721 1478 et
2741 1423 2982 1478 Aldescus
3006 1424 3074 1477 sit
3104 1421 3364 1478 Ptolemaei
3392 1423 3619 1478 Axiacus
3636 1422 3923 1496 Ordessum

2367 1503 2560 1558 alluens
2576 1544 2592 1570 ,
2641 1502 2812 1559 doctis
2837 1502 3235 1575 dijudicandum
3270 1500 3532 1576 relinquo,
3596 1526 3621 1550 υ
3679 1504 3919 1557 Hamus.

2366 1584 2667 1657 Panticapes
2690 1582 2881 1637 fluvius
2902 1600 3007 1637 sec.
3028 1580 3358 1637 Herodotum
3378 1585 3455 1652 (4,
3486 1584 3573 1638 18.
3608 1598 3691 1652 19.
3717 1586 3806 1653 47.
3831 1582 3923 1654 54)

2366 1660 2433 1715 ab
2449 1663 2649 1717 oriente
2670 1663 2725 1715 in
2748 1660 3123 1733 Borysthenem
3142 1660 3351 1727 influit3
3372 1678 3477 1716 sec.
3502 1660 3729 1716 Plinium
3755 1666 3809 1726 4,
3832 1666 3922 1728 26,

2369 1740 2437 1796 83
2464 1738 2573 1809 (cs.
2592 1739 2732 1795 Mela
2752 1756 2805 1805 a,
2834 1756 2884 1806 1,
2911 1739 2940 1792 5
2966 1742 2985 1813 )
3012 1740 3069 1793 in
3096 1757 3241 1795 mare
3260 1740 3405 1794 exit:
3436 1738 3592 1794 Ultra
3610 1742 3927 1813 Panticapes

2365 1818 2537 1873 onmis
2580 1819 2675 1892 qui
2722 1818 2983 1873 Nomades
3031 1828 3083 1872 et
3132 1822 3357 1887 Georgos
3392 1816 3729 1873 disterminat
3743 1841 3765 1882 ‚-
3802 1837 3926 1873 mox

2369 1896 2643 1953 Acesinus.
2670 1900 2842 1971 Prope
2876 1896 3262 1967 Panticapaeum
3301 1894 3487 1951 urbem
3517 1897 3637 1951 ssuit
3673 1914 3777 1951 sec.
3816 1899 3926 1952 Ste-

2366 1977 2525 2049 phan.
2570 1980 2695 2049 Byz.
2739 1994 2791 2028 v.
2842 1975 3230 2042 Παντικάπαιονς
3285 1974 3573 2031 scholiastoe
3622 1977 3927 2049 Panticapes

2368 2056 2575 2129 συναφής
2616 2056 2718 2111 ἔστι
2756 2060 2828 2128 τῷ
2853 2054 3031 2127 Ἴστρῳ
3053 2054 3440 2127 (Βορυσθένειΐ),
3478 2055 3573 2110 11111
3602 2065 3695 2109 aut
3735 2058 3927 2111 istrum

2366 2154 2489 2191 cum
2518 2134 2840 2209 Borysthene
2855 2175 2871 2203 ,
2902 2143 2994 2189 aut
3018 2135 3334 2207 Panticapen
3367 2152 3492 2189 cum
3521 2134 3755 2191 ,Λα-10100
3798 2155 3926 2191 0011-

2368 2213 2515 2270 fundi
2541 2226 2721 2289 putes3
2750 2225 2890 2270 certe
2909 2232 3013 2269 sec.
3044 2212 3331 2281 Hei-odd„
3359 2218 3426 2279 48
3450 2216 3506 2269 10
3527 2217 3722 2269 Istrum
3742 2215 3929 2271 incidit

2367 2291 2622 2348 Ordessus
2648 2294 2671 2363 (
2684 2292 2811 2348 hod.
2844 2291 3157 2361 Adsckielu,
3180 2302 3243 2347 ut
3260 2292 3531 2366 videtur),
3553 2294 3645 2367 qui
3672 2314 3793 2350 cum
3826 2300 3929 2351 Ar-

2365 2370 2521 2427 ‹loeco
2566 2374 2813 2445 componi
2858 2384 3087 2447 poterat.
3140 2373 3452 2446 Dionysium
3508 2376 3807 2431 Priscianus
3858 2378 3929 2432 ita

2366 2453 2756 2525 interpretatur,
2789 2464 2847 2508 ut
2891 2454 3194 2527 Panticapes
3224 2464 3276 2507 et
3318 2452 3569 2509 Aldescus
3601 2455 3657 2507 in
3698 2457 3938 2511 Pontum·

2367 2544 2551 2587 exeant
2578 2532 2920 2604 (Immisceut
2943 2552 3049 2606 qua
3073 2550 3131 2587 se
3164 2532 3325 2587 Ponti
3342 2533 3663 2601 glacialibus
3690 2534 3885 2611 undis)
3910 2576 3927 2603 ,

2366 2615 2674 2668 assentiente
2686 2612 3082 2679 Wernsdorfio;
3094 2624 3149 2668 at
3162 2612 3451 2667 secundum
3466 2625 3673 2686 poetam
3690 2626 3929 2671 nostrum

2368 2691 2551 2747 fluvios
2576 2694 2701 2748 istos
2724 2694 2779 2746 in
2809 2692 3017 2747 boreale
3040 2711 3183 2747 mare
3209 2710 3239 2747 e
3262 2693 3489 2766 Rhipaeis
3514 2692 3706 2748 deferri
3731 2695 3820 2750 alii
3846 2698 3929 2750 in·

2368 2781 2447 2825 ter
2477 2791 2670 2845 eosque
2696 2772 2929 2827 Ukertus
2957 2774 3120 2843 (tom.
3147 2774 3200 2839 3,
3230 2789 3285 2840 2,
3328 2790 3385 2845 p.
3431 2776 3572 2843 ¹9²)
3606 2786 3932 2831 monuerunt

2372 2854 2667 2921 verissime3
2699 2856 2753 2908 in
2786 2854 2924 2909 hanc
2956 2854 3097 2908 enim
3126 2854 3438 2907 sententiam
3466 2851 3668 2905 ducunt
3704 2871 3821 2925 quae
3863 2854 3932 2910 de

2371 2932 2533 3004 glesso
2560 2936 2671 2989 sive
2696 2935 2883 2989 sucino
2900 2932 2967 2987 ad
2990 2934 3123 2987 ostia
3140 2934 3422 2987 fluviorum
3438 2931 3593 3003 juxta
3611 2933 3929 2989 Concrctum

2374 3030 2515 3066 mare
2550 3022 2793 3068 nascente
2832 3012 3205 3085 subjiciuntur.
3250 3013 3431 3083 Neque
3457 3010 3561 3064 alio
3592 3008 3792 3065 faciunt
3815 3029 3933 3083 quae

2373 3088 2439 3143 de
2464 3090 2738 3146 adamante
2758 3090 2995 3162 legimus.
3026 3090 3161 3143 Nam
3183 3090 3423 3143 sucinum
3449 3098 3501 3141 ct
3524 3086 3851 3143 adamantem
3876 3091 3931 3144 in

2373 3168 2552 3223 eadem
2569 3170 2779 3241 regione
2798 3170 3015 3243 reperiri
3028 3167 3139 3240 jam
3154 3168 3386 3223 narravit
3394 3166 3712 3221 Mithridatis
3727 3186 3933 3222 coaevus

2373 3248 2709 3305 Metrodorus
2733 3250 2973 3323 Scepsius
2994 3249 3137 3321 apud
3162 3249 3296 3304 Plin.
3328 3248 3415 3319 37,
3446 3252 3500 3312 4,
3534 3246 3595 3300 15
3630 3264 3643 3301 :
3672 3248 3934 3303 Metrodo-

2376 3346 2465 3383 rus
2498 3330 2737 3403 Scepsius
2778 3328 2834 3383 iu
2864 3330 3040 3384 eadem
3082 3328 3367 3387 Germania
3408 3339 3459 3381 et
3508 3326 3714 3380 Basilia
3759 3328 3934 3381 insula

2378 3405 2775 3479 (adamantem)
2816 3406 2985 3470 nasci,
3028 3406 3083 3461 iu
3115 3424 3221 3479 qua
3259 3404 3515 3467 sucinum,
3550 3404 3693 3459 solus
3724 3408 3935 3479 quando

2377 3484 2607 3559 equidem
2648 3484 2850 3554 legerim
2870 3525 2885 3551 ,
2936 3484 3092 3549 dicit,
3140 3496 3193 3538 et
3228 3482 3441 3557 proefirt
3476 3482 3731 3538 Arabicis
3748 3506 3769 3549 ,-
3796 3486 3939 3558 quod

2364 3561 2570 3631 salsum
2600 3582 2706 3619 esse
2737 3565 2857 3637 quis
2872 3563 3116 3618 dubitet?
3141 3562 3224 3621 Cf.
3256 3564 3562 3617 Ammianus
3589 3561 3812 3619 Marcell.
3840 3581 3929 3630 αα,

730 3639 886 3711 vulgo
917 3638 1185 3694 AEthicum
1210 3650 1420 3694 vocant.
1448 3641 1513 3694 In
1541 3639 1709 3695 insula
1731 3642 1912 3696 ooeani
1942 3640 2114 3696 Indici
2150 3640 2291 3713 Hip·
2379 3646 2433 3708 8,
2457 3643 2518 3697 31
2562 3661 2578 3701 t
2611 3643 2901 3715 Agathyrsi
2926 3641 3075 3717 apud
3101 3660 3231 3716 quos
3258 3640 3561 3696 adamantis
3582 3652 3663 3696 est
3682 3641 3837 3716 copia
3858 3643 3937 3697 Ia·

724 3719 888 3793 podes
915 3719 1032 3793 (sic)
1073 3730 1330 3775 memorat
1346 3719 1642 3775 Jornandes
1667 3722 1838 3779 Getic.
1859 3740 1911 3777 c.
1937 3739 1987 3779 1.
2025 3722 2048 3794 ΙΙ
2075 3752 2148 3764 -—
2167 3722 2288 3781 311.
2370 3722 2542 3800 pidis.
2559 3724 2833 3797 Agathyrsi
2850 3743 2914 3779 ex
2935 3722 3173 3795 Dionysii
3198 3728 3372 3777 mente
3392 3739 3497 3775 non
3525 3720 3793 3793 quaerendi
3812 3733 3937 3778 sunt

733 3795 858 3873 ᾗχι]
896 3801 950 3853 10
975 3800 1078 3854 1100
1105 3810 1366 3854 terrarum
1397 3810 1584 3855 tractu.
1615 3804 1638 3873 ΙΙ
1665 3832 1740 3844 --
1765 3802 1887 3857 312.
1915 3806 2091 3872 Quam
2111 3820 2294 3858 manca

734 3878 894 3934 suerit
909 3880 1097 3935 harum
1118 3881 1393 3951 regionum
1421 3881 1610 3952 imago,
1641 3899 1801 3953 quam
1821 3893 1975 3955 pocta
1997 3882 2174 3936 animo
2192 3882 2292 3937 sibi

732 3958 1031 4014 efformavit
1059 3959 1137 4013 vel
1173 3962 1228 4014 in
1251 3960 1424 4015 tabula
1446 3962 1640 4033 pictam
1668 3960 1826 4027 vidit,
1859 3979 1923 4015 ex
1963 3960 2136 4015 verbis
2157 3967 2292 4033 κριοῦ

733 4038 1025 4109 προπάροιθε
1042 4039 1269 4109 μετώπου
1291 4038 1518 4109 colligas.
1541 4038 1776 4109 ΙΙ-313.
1800 4040 2138 4112 Borysthenis
2164 4040 2298 4095 ostia

731 4126 782 4170 et
801 4118 1065 4189 Bosporus
1078 4116 1337 4170 Thracius
1352 4119 1406 4171 in
1420 4114 1608 4171 eodem
1631 4116 1926 4172 meridiano
1942 4118 2040 4172 sita
2053 4127 2201 4171 erant
2218 4136 2295 4173 se·

730 4194 966 4249 cundum
985 4195 1311 4268 geographos
1329 4194 1712 4251 Alexandrinos
1724 4236 1736 4249 .
1755 4197 1887 4268 ss-—B
1899 4201 1980 4260 14.
1995 4194 2291 4270 Ἀλδήσκοιο]

736 4272 1007 4330 Ἀλὸίωιοιο
1033 4275 1170 4343 Ogla,
1203 4272 1447 4343 Ἀδήσκοιο
1461 4277 1544 4330 Μ.
1562 4272 1825 4345 ’azano-m<
1845 4277 2001 4331 ctiam
2019 4276 2291 4349 Paraphr.,

731 4354 1013 4427 Nicephor.
1046 4365 1098 4409 et
1121 4354 1428 4408 Eustathius
1451 4353 1518 4408 ad
1561 4354 1616 4407 11.
1657 4354 1694 4413 1.
1721 4365 1775 4410 01
1802 4354 1870 4411 ad
1897 4354 2050 4410 Iliad.
2082 4374 2138 4428 p.
2170 4374 2292 4427 720,

741 4438 801 4491 18
825 4446 878 4489 01
912 4432 1102 4506 Odyss.
1131 4454 1185 4508 p.
1223 4434 1378 4506 1837,
1419 4434 1525 4491 58:
1559 4435 1880 4507 πρωτότοκον
1917 4434 1970 4491 δὲ
2007 4442 2094 4490 τοῦ
2122 4434 2294 4491 &2021-

735 4532 835 4566 νειν
869 4512 926 4565 τὸ
969 4511 1134 4579 nso»,
1166 4510 1396 4578 ἀλδήσω,
1429 4508 1478 4573 ἕξ
1503 4505 1558 4565 οὗ
1586 4510 1669 4565 καὶ
1696 4510 1930 4581 &loricam
1955 4512 2039 4567 καὶ
2079 4518 2297 4587 ποταμός

735 4614 828 4647 που
860 4592 1142 4659 Ἄλδησκος.
1173 4590 1358 4646 Suidas
1406 4610 1422 4649 :
1461 4589 1720 4660 ’Λλδῆσκος
1745 4593 1886 4667 (sic),
1915 4594 2075 4665 ὄνομα
2110 4594 2298 4659 πόλεως

737 4671 820 4725 καὶ
841 4675 1063 4742 ποταμοῦ
1087 4710 1104 4737 ,
1130 4672 1186 4723 in
1217 4670 1412 4743 quibus
1436 4671 1592 4726 verba
1617 4671 1810 4736 πόλεως
1833 4672 1917 4726 καὶ
1937 4690 2060 4727 cum
2089 4671 2299 4728 duobus

736 4751 1008 4806 codicibus
1023 4751 1275 4805 omittunt
1285 4750 1614 4806 Gaisfordius
1627 4763 1682 4808 et
1695 4752 2087 4826 Bernhardyus.
2109 4754 2295 4809 Avieni

737 4832 889 4904 (450)
912 4842 967 4885 01
990 4831 1240 4886 Prisciani
1280 4832 1425 4905 (306)
1471 4830 1640 4889 codd.
1667 4832 1884 4906 plurimi
1911 4833 2149 4906 praebent
2188 4839 2296 4891 Ar-

731 4913 873 4969 disci
897 4912 976 4967 vel
996 4910 1236 4968 Aniesci.
1265 4913 1462 4968 Eadem
1483 4913 1721 4969 lectionis
1754 4914 1974 4969 varietas
2001 4915 2058 4967 in
2080 4915 2295 4971 Hesiodi

730 4995 1007 5065 Theogon.
1034 5013 1088 5051 v.
1130 4993 1253 5061 345,
1283 4994 1376 5049 11111
1412 5005 1566 5067 poeta
1613 4995 1753 5050 inter
1781 4995 1970 5049 fluvios
2001 5007 2232 5051 recenset
2277 5015 2291 5052 :

731 5072 927 5141 Εὔηνόν
959 5092 1013 5127 τε
1041 5074 1125 5127 καὶ
1163 5073 1428 5145 Ἄρδησκον
1481 5072 1792 5145 (Ἀρδισκον,
1844 5072 2097 5127 ἱἈλδιοιιον
2137 5091 2188 5128 v.
2233 5074 2291 5141 l.;

733 5150 1002 5224 Ἆρδιισκον
1031 5151 1194 5207 schol.
1219 5156 1240 5222 )
1277 5154 1410 5207 θεῖόν
1435 5172 1486 5207 τε
1532 5153 1868 5225 Σκάμανδρον.
1895 5152 2073 5207 Simile
2101 5172 2290 5209 nomen

737 5226 972 5302 Ἀρτισκός
1006 5232 1031 5301 (
1051 5229 1333 5304 Ἀρτησκός)
1359 5231 1499 5305 apud
1523 5230 1848 5285 Herodotum
1879 5235 1932 5297 4,
1973 5248 2061 5303 92,
2100 5232 2191 5304 qui
2220 5234 2297 5286 sic

729 5320 884 5363 vocat
909 5309 1152 5365 Thracias
1203 5310 1424 5365 fluvium
1463 5328 1561 5383 per
1596 5311 1826 5383 Odrysas
1853 5312 1908 5365 in
1937 5312 2174 5365 Hebrum
2221 5314 2299 5367 in·

2381 3804 2434 3857 in
2468 3804 2787 3877 Carpathicis
2816 3804 3113 3867 montibus,
3145 3801 3237 3856 sed
3263 3799 3331 3855 ad
3358 3802 3627 3854 Oceanum
3657 3801 3935 3855 Germani·

2380 3900 2499 3935 cum
2525 3881 2793 3956 ponendi,
2840 3881 2947 3937 ubi.
2974 3882 3152 3955 posuit
3178 3879 3503 3935 Ptolemaeus.
3544 3877 3729 3933 Nullos
3764 3880 3937 3935 Ptole-

2382 3978 2541 4015 maeus
2564 3962 2711 4016 novit
2737 3964 3051 4035 Panticapen
3074 3970 3130 4015 et
3156 3958 3432 4015 Aldescum
3470 3958 3660 4013 fluvios
3686 3976 3858 4031 neque
3879 3962 3935 4015 in

2382 4042 2605 4095 Pontum
2654 4058 2751 4094 nec
2790 4041 2846 4095 in
2887 4042 3159 4095 Oceanum
3204 4048 3479 4103 exeuntem
3532 4047 3588 4092 at
3630 4036 3768 4091 sicut
3812 4040 3937 4094 Dio-

2382 4121 2557 4193 nysius
2595 4118 2706 4175 duo
2746 4138 2777 4173 e
2802 4119 3029 4193 Rhipaeis
3062 4119 3117 4173 in
3145 4120 3413 4174 Oceanum
3449 4117 3671 4172 flumina
3711 4119 3929 4185 emittit,

2381 4199 2787 4257 sic.Ptolemaeus
2826 4215 3040 4271 quoque
3084 4195 3375 4252 secundum
3416 4196 3745 4251 Marcianum
3770 4200 3847 4268 (t.
3888 4202 3931 4257 1.

2382 4297 2437 4352 p.
2477 4278 2601 4350 559)
2628 4298 2693 4333 ex
2722 4277 2907 4334 iisdem
2951 4277 3219 4331 montibus
3252 4273 3387 4329 duos
3424 4275 3613 4329 fluvios
3640 4276 3697 4328 in
3729 4276 3937 4333 boreale

2384 4376 2525 4414 mare
2559 4358 2720 4413 deflui
2750 4359 2931 4412 statuit
2948 4396 2963 4423 ,
2996 4356 3283 4409 Chesinum
3323 4365 3375 4409 et
3404 4353 3761 4420 Turundum3
3806 4374 3936 4429 quo-

2383 4458 2500 4493 rum
2526 4439 2812 4504 Chesinus,
2856 4438 2912 4492 ni
2951 4436 3156 4508 egregie
3167 4435 3348 4502 'fallor,
3378 4434 3518 4489 idem
3546 4446 3626 4490 est
3654 4454 3776 4491 cum
3803 4441 3936 4492 Ace·

2383 4520 2525 4583 sino,
2553 4536 2711 4591 quem
2738 4516 2938 4571 Plinius
2965 4514 3119 4588 juxta
3161 4515 3475 4588 Panticapen
3514 4517 3651 4570 inter
3690 4517 3936 4571 Ponticos

2385 4598 2567 4653 fluvios
2599 4607 2851 4654 recenset.
2894 4594 3055 4665 Quod
3108 4594 3405 4653 'Iurandmn
3462 4597 3678 4660 attinet,
3712 4596 3938 4650 'nomine

2384 4686 2533 4731 tenus
2559 4676 2797 4731 conferre
2821 4676 2944 4730 licet
2979 4672 3257 4728 tut-andum
3288 4674 3479 4728 animal
3506 4676 3529 4742 (
3549 4671 3705 4739 ἀλκὴν
3731 4674 3931 4739 alchin‚

2382 4756 2529 4827 e'lau)
2556 4753 2701 4827 quod
2740 4772 2837 4827 per
2879 4754 3023 4808 hunc
3065 4762 3292 4807 tractum
3330 4752 3471 4825 apud
3521 4751 3750 4808 Gelonos
3792 4756 3937 4808 nasci

2384 4833 2914 4890 Pseudo-Aristoteles
2952 4836 2975 4903 (
2996 4834 3119 4887 Mir.
3152 4851 3201 4887 c.
3232 4833 3321 4905 29)
3360 4832 3551 4905 aliique
3596 4834 3621 4901 (
3643 4832 3779 4886 inter
3804 4850 3939 4905 quos

2384 4916 2681 4970 Eustathius
2721 4912 2789 4968 ad
2836 4932 2913 4967 vs.
2970 4913 3109 4980 310)
3156 4910 3408 4966 referunt.
3466 4916 3614 4965 Inter
3686 4922 3938 4985 utrosque

2382 4996 2567 5049 fluvios
2606 4992 2913 5051 Ptolemaeus
2952 4991 3169 5046 collocat
3199 4991 3397 5055 Ossios,
3441 4992 3757 5063 quibuscum
3794 5010 3940 5046 com·

2384 5073 2613 5146 ponendi
2670 5083 2793 5127 sunt
2850 5069 3021 5127 AEstii
3035 5109 3050 5134 ,
3124 5067 3267 5143 apud
3319 5086 3452 5139 quos
3522 5069 3660 5124 solos
3723 5070 3937 5125 Tacitus

2384 5154 2672 5222 (German.
2692 5172 2741 5207 c.
2764 5152 2862 5226 45)
2888 5152 3131 5205 sucinum
3156 5149 3257 5218 legi
3284 5149 3579 5203 contendit.
3621 5178 3693 5190 —-
3732 5148 3935 5222 Diony-

2382 5233 2515 5288 sium
2534 5234 2819 5305 Bithynum
2844 5248 2938 5285 sua
2958 5248 2988 5282 c
3015 5226 3322 5282 Metrodoro
3349 5228 3562 5300 Scepsio
3586 5228 3697 5281 sive
3722 5226 3935 5282 Chalce-

2382 5314 2543 5368 donio
2586 5324 2742 5385 atque
2775 5306 3167 5365 Mithridaticon
3194 5307 3536 5379 scriptoribus
3566 5306 3797 5361 hausisse
3824 5324 3938 5361 sus·

730 5388 1000 5443 fluentem.
1031 5393 1112 5445 De
1151 5390 1389 5462 Dionysii
1439 5390 1661 5445 Aldesco
1707 5390 1786 5444 vel
1823 5388 2046 5445 Ardisco
2085 5391 2297 5447 aliunde
2374 5393 2540 5467 picor.
2570 5391 2688 5464 11-
2711 5387 2831 5444 315.
2863 5387 2946 5443 Cf.
2982 5384 3292 5459 Apollonius
3324 5384 3573 5449 Rham,
3597 5387 3704 5440 286
3728 5402 3742 5441 ε
3768 5386 3936 5457 Πηγαὶ
