4584 6284
1864 525 1966 586 EX
2007 522 2428 585 STRABONIS
2467 521 2612 584 ΠΒ.
2655 523 2847 584 xvtl.

3823 541 3935 592 638

751 653 979 732 μαντικὴ
1009 653 1234 714 καθόλου
1275 654 1365 714 καὶ
1394 653 1460 713 τὰ
1493 653 1806 735 χρηστήρια·
1829 654 1940 714 νυνὶ
1974 655 2020 713 δ’
2051 654 2301 733 ὀλιγωρία
2382 651 2505 724 jore
2527 662 2677 706 eram
2702 653 2759 705 in
2779 652 2981 706 bonore
2997 672 3012 718 ;
3032 671 3173 707 nunc
3188 671 3369 708 eorum
3385 657 3612 712 maxima
3630 659 3935 730 negligentia

747 740 919 812 πολλὴ
946 743 1186 822 κατέχει,
1209 745 1312 800 τῶν
1332 741 1616 818 Ῥωμαίων
1633 741 1960 823 ἀρκουμένων
1975 749 2080 810 τοῖς
2104 740 2305 802 Σιὸύλ-

2389 752 2493 805 est3
2524 760 2645 795 nam
2679 744 2927 796 Romanis
2969 743 3173 816 Sibyllae
3210 763 3457 819 responsa
3496 749 3853 817 satisfaciunt,
3888 761 3931 806 et

745 830 842 902 λης
879 831 1143 912 χρησμοῖς
1163 829 1254 888 καὶ
1281 837 1385 896 τοῖς
1426 832 1766 908 Τυρρηνικοῖς
1785 827 2104 906 θεοπροπίοις
2132 829 2216 888 διά
2244 851 2299 886 τε
2386 833 2607 886 Etrusea
2644 829 2901 887 divinatio
2938 851 3035 905 per
3054 845 3201 900 exta,
3243 853 3339 908 per
3360 839 3575 907 auguria
3600 848 3654 892 et
3690 841 3928 895 servatio-

746 917 1064 996 σπλάγχνων
1078 917 1168 976 καὶ
1179 916 1430 996 ὀρνιθείας
1439 915 1531 974 καὶ
1541 915 1843 992 διοσημιῶν.
1860 915 2050 994 Διόπερ
2063 915 2151 976 καὶ
2167 913 2228 975 τὸ
2241 916 2295 973 ίν

745 1001 988 1081 Ἄμμωνι
1010 1003 1280 1062 ἐκλέλοιπε
1300 1002 1640 1084 χρηστήριον,
1663 1000 1912 1081 πρότερον
1937 1002 1990 1080 δ’,
2005 1001 2296 1078 ἐτετίμητο·

744 1087 868 1147 ἔνθα
916 1090 1007 1149 καὶ
1055 1087 1386 1171 Ἀλέξανδρος
1435 1089 1660 1148 ἀνελθὼν
1705 1083 2159 1170 ἐχρηστηριάζετο·
2197 1086 2288 1148 καὶ

743 1167 949 1258 [εἶναι]
991 1177 1089 1256 οὗχ
1136 1172 1316 1255 ὥσπερ
1363 1181 1416 1236 ἐν
1466 1179 1683 1256 Δελφοῖς
1719 1174 1811 1236 καὶ
1844 1176 2162 1256 Βραγχίδαις
2199 1173 2294 1238 τὰς

746 1262 1112 1332 ἀποθεσπίσεις
1139 1263 1224 1324 διὰ
1257 1261 1448 1342 λόγων,
1481 1263 1614 1324 ἀλλὰ
1651 1261 1872 1341 νεύμασι
1893 1265 1985 1324 καὶ
2007 1261 2295 1342 συμὸόλοις

742 1353 805 1413 τὸ
821 1352 995 1414 πλέον·
1025 1356 1095 1421 ὧς
1111 1352 1203 1413 καὶ
1228 1354 1356 1431 παρ’
1382 1350 1606 1432 Ὁμήρῳ
1627 1378 1654 1404 ι
1681 1344 1751 1428 ἦ,
1779 1351 1871 1412 καὶ
1897 1354 2174 1433 κυανέῃσιν
2203 1353 2292 1411 ἐπ’

742 1441 964 1524 ὀφρύσι,
993 1468 1018 1495 ¹·
1039 1446 1131 1501 τοῦ
1156 1439 1422 1522 προφήτου
1439 1439 1526 1499 τὸν
1545 1439 1646 1502 Δία
1670 1438 2096 1522 ὖποκριναμίνου.
2118 1443 2292 1501 Τοῦτο

741 1529 918 1608 μέντοι
948 1533 1114 1612 ῥητῶς
1139 1533 1300 1590 εἰπεῖν
1325 1529 1410 1590 τὸν
1432 1526 1701 1612 προφήτην
1729 1529 1858 1611 φασὶ
1902 1527 2030 1610 πρὸς
2055 1526 2146 1588 τὸν
2181 1532 2288 1609 βα-

738 1615 885 1678 σιλέα
899 1661 920 1690 ,
945 1615 1025 1676 ὅτι
1053 1615 1133 1688 εἴη
1167 1615 1289 1682 Διὸς
1314 1613 1444 1685 υἱός.

816 1723 889 1765 82.
910 1699 1038 1765 Ὅτι
1067 1707 1120 1762 ἐν
1145 1707 1212 1782 τῇ
1233 1700 1435 1782 Ἀὅύδῳ
1463 1701 1616 1761 πόλει
1636 1702 1829 1778 τιμῶσι
1847 1697 1935 1759 τὸν
1961 1697 2194 1778 Ὄσιριν·
2228 1701 2283 1758 ἔν

742 1792 795 1852 δὲ
822 1795 896 1873 τῷ
922 1794 1045 1872 ἱερῷ
1081 1795 1169 1850 τοῦ
1205 1790 1468 1871 Ὀσίριδος
1504 1792 1600 1850 οὐκ
1636 1788 1830 1858 ἔξεστιν
1857 1787 1976 1849 οὔτε
2013 1787 2144 1870 ᾠδὸν
2172 1787 2290 1847 οὔτε

735 1877 963 1954 αὐλητὴν
1013 1877 1344 1960 ἀπάρχεσθαι
1374 1881 1451 1958 τῷ
1499 1880 1629 1958 θεῷ,
1685 1877 1924 1956 καθάπερ
1961 1880 2067 1944 τοῖς
2115 1875 2290 1944 ἄλλοις

731 1972 859 2035 θεοῖς
889 1969 1018 2034 ἔθος.

806 2074 883 2117 ³2.
913 2053 1051 2116 Ὅτι
1077 2057 1130 2114 ἐν
1171 2057 1224 2114 Τ
1227 2050 1413 2134 εντύρα
1439 2051 1594 2112 πόλει
1617 2049 1961 2132 διαφερόντως
1997 2049 2145 2130 παρὰ
2171 2049 2290 2118 τοὺς

733 2145 922 2211 ἄλλους
950 2141 1268 2220 Αἰγυπτίους
1303 2145 1332 2200 δ
1368 2140 1692 2221 κροκόδειλος
1721 2138 1984 2216 ἠτίμωται
2017 2138 2109 2198 καὶ
2139 2137 2286 2219 ἔχθι-

733 2253 852 2300 στος
895 2234 1001 2291 τῶν
1036 2230 1284 2290 ἁπάντων
1313 2229 1504 2311 θηρίων
1547 2228 1846 2306 νενόμισται
1885 2226 1974 2286 καὶ
2002 2225 2090 2287 ὑπ’
2116 2229 2288 2288 αὐτῶν

731 2317 845 2378 φθεί
879 2341 1013 2380 εται.

743 2379 756 2401 ⁵
811 2341 888 2467 sep.
930 2404 1078 2478 Ὅτι,
1103 2403 1284 2486 ὥσπερ
1314 2407 1361 2465 οἳ
1393 2407 1446 2464 ἰν
1473 2409 1540 2486 τῇ
1571 2401 1844 2485 Κυρηναία
1869 2401 2085 2466 Ψύλλοι
2114 2402 2286 2464 Αἰθίο-

731 2517 825 2565 πες
870 2496 1209 2555 ἆντιπάθειαν
1259 2493 1443 2574 ἔχουσι
1495 2493 1718 2576 φυσικὴν
1758 2491 1888 2573 πρὸς
1934 2490 2002 2550 τὰ
2049 2491 2277 2570 ἑρπετὰ,

732 2581 894 2654 μηδὲν
916 2581 1017 2642 ὑπὸ
1035 2580 1257 2641 ἰοὸόλων
1283 2580 1610 2660 πάσχοντες,
1641 2578 1804 2647 οὕτως
1829 2577 1923 2639 καὶ
1943 2582 1992 2639 οἱ
2034 2580 2279 2658 Τεντυρῖ-

730 2693 818 2730 ται
874 2669 1018 2730 οὐδὲν
1067 2669 1171 2729 ὑπὸ
1228 2669 1558 2751 κροκοδείλου
1614 2667 1908 2748 πάσχωσιν
1929 2711 1948 2742 ,
2005 2665 2141 2726 ἀλλὰ
2193 2667 2284 2726 καὶ

730 2756 1167 2838 συγκολυμὸὥσιν
1196 2760 1387 2825 αὗτοῑς.

807 2864 881 2906 as.
917 2839 1048 2906 Ὅτι
1075 2849 1180 2904 τῶν
1213 2843 1646 2904 ἕκατονταπύλων
1679 2840 1906 2916 Θηὸῶν,
1934 2842 1969 2916 ἡ
2002 2847 2090 2902 νῦν
2120 2842 2280 2904 Διόσ-

726 2934 875 3000 πολις
911 2933 1184 3004 καλεῖται,
1208 2933 1265 2991 π’
1300 2932 1528 2992 σταδίων
1571 2923 1637 3004 ἦν
1663 2930 1724 2992 τὸ
1749 2934 1930 3008 μῆκος·
1962 2935 2051 2990 νῦν
2093 2929 2150 2991 δὶ
2174 2955 2278 2992 κω-

723 3019 890 3097 μηδὸν
919 3023 1162 3081 οἰκεῖται.

801 3125 874 3168 ω.
922 3107 1052 3168 Ὅτι
1083 3112 1119 3179 ἡ
1178 3106 1498 3188 ἀστρονομία
1540 3108 1772 3183 μάλιστα
1818 3105 2135 3186 κατωρθώθη
2177 3106 2279 3167 ὕπὸ

720 3193 976 3268 Θηὸαίων
1007 3199 1110 3254 τῶν
1159 3194 1463 3273 Αἰγυπτίων
1480 3239 1500 3268 ,
1547 3185 1620 3254 ὧν
1649 3192 1952 3261 αἰτιώτατος
1997 3192 2200 3276 Ἑρμῆς
2249 3198 2278 3254 ὁ

720 3282 1122 3361 Τρισμέγιστος.

799 3387 870 3428 37.
909 3364 1041 3429 Ὅτι
1068 3371 1124 3427 αί
1153 3365 1401 3448 παρθένοι
1427 3367 1612 3448 ἱέρειαι
1637 3368 1764 3446 παρ’
1793 3361 2024 3438 Ἕλλησι
2053 3365 2274 3428 Παλλά·

723 3456 802 3523 δες
827 3458 1126 3516 καλοῦνται.

801 3561 874 3602 as.
914 3538 1044 3603 'Ort
1071 3543 1124 3601 ἐν
1163 3541 1314 3600 πόλει
1342 3541 1687 3621 Ἐλεφαντίνῃ
1733 3540 1902 3621 κρήνη
1942 3538 2051 3601 ἐστὶ
2070 3585 2088 3616 ,
2133 3563 2269 3619 συμ-

725 3629 1004 3711 πάσχουσα
1032 3632 1144 3698 ταῖς
1183 3635 1274 3690 τοῦ
1300 3630 1495 3692 Νείλου
1534 3634 1772 3709 ποταμοῦ
1800 3626 2116 3703 ἀναὸάσισι,
2155 3653 2274 3689 συν-

725 3715 1138 3796 αυξομειουμλνη
1175 3717 1351 3800 αὗτιῖ),
1380 3715 1434 3785 ἐξ
1470 3707 1534 3790 ἧς
1559 3715 1928 3798 τεκμαίρονται
1959 3716 2056 3790 τὴν
2089 3719 2274 3797 εὔκαρ-

717 3805 848 3864 -πίαν
875 3809 971 3876 τῆς
1015 3803 1196 3886 χώρας
1227 3802 1265 3875 ἢ
1293 3803 1529 3886 ἀφορίαν·
1573 3805 1619 3863 εἰ
1666 3802 1768 3887 γὰρ
1809 3803 1974 3872 πολὺς
2019 3807 2048 3863 ὃ
2079 3807 2264 3874 Νεῖλος

728 3891 958 3969 ἐπέλθοι,
984 3892 1198 3974 εὔφορία
1219 3894 1423 3971 γίνεται
1441 3935 1458 3966 ,
1484 3893 1532 3950 εἰ
1561 3891 1615 3950 δὲ
1646 3890 1845 3970 ὀλίγος,
1876 3891 2078 3960 σπάνις.
2109 3893 2263 3954 Εἰσὶν

724 3970 812 4040 οὖν
839 3983 893 4040 lv
911 3985 987 4062 τῷ
1005 3988 1099 4041 τοῦ
1113 3979 1332 4062 φρέατος
1353 3979 1516 4060 τοίχῳ
1537 3979 1880 4062 παραγραφαί
1901 3983 1992 4054 τ’ἥς
2009 3981 2272 4062 εὖετηρίας

726 4069 758 4141 ἢ
788 4073 879 4128 τοῦ
910 4067 1167 4130 ἱναντίου.

799 4177 876 4216 sn.
919 4153 1052 4217 Ὀτι
1080 4158 1134 4215 ἐν
1164 4153 1346 4234 Συήνῃ
1387 4152 1535 4214 πόλει
1581 4154 1700 4233 περὶ
1726 4152 1816 4222 τὰς
1842 4151 2040 4234 θερινὰς
2079 4154 2275 4236 τροπὰς

729 4240 922 4326 'Ixos-d]
947 4240 1106 4320 μέσον
1147 4242 1349 4322 ἡμέρας
1376 4238 1443 4299 τὰ
1472 4241 1672 4322 φρίατα
1702 4239 1861 4300 ἄσκια
1889 4240 2157 4322 φαίνεται,
2182 4242 2272 4301 καὶ

729 4333 766 4395 εἰ
803 4330 1066 4410 γνώμονες
1092 4330 1365 4395 ὡσαύτως.

794 4437 870 4478 40.
913 4412 1048 4479 Ὅτι
1099 4415 1232 4498 ὑπὲρ
1279 4413 1378 4488 τὴν
1417 4412 1794 4497 Ἐλεφαντίνην
1848 4412 1998 4475 πόλιν
2054 4413 2194 4475 ἔστὶν
2243 4418 2272 4475 ὃ

724 4504 1094 4584 Καταράκτης.

793 4613 868 4654 41.
912 4592 1042 4654 Ὅτι
1071 4595 1126 4652 ἐν
1163 4599 1270 4660 τοῖς
1301 4589 1442 4652 κατὰ
1478 4589 1772 4671 Στράὸωνα
1792 4588 1996 4669 χρόνοις
2022 4589 2273 4662 Κανδάκη

729 4703 795 4747 τις
812 4725 830 4756 ,
862 4679 1079 4759 ἀνδρικὴ
1097 4679 1228 4760 γυνὴ
1258 4678 1576 4740 Αἰθιόπισσα
1595 4721 1614 4754 ,
1638 4669 1763 4760 ἦρξε
1783 4681 1887 4737 τῶν
1916 4675 2046 4760 ὑπὲρ
2075 4679 2274 4755 Atym:-

728 4787 804 4826 τον
836 4766 1118 4828 Αἰθιόπων·
1149 4757 1214 4840 ἦν
1243 4764 1301 4825 δὲ
1327 4765 1685 4846 πεπηρωμίνη
1722 4764 1810 4825 τὸν
1840 4763 2014 4846 ἕτερον
2045 4767 2150 4823 τῶν
2176 4766 2274 4844 ὀφ-

727 4855 952 4932 θαλμῶν.
981 4853 1063 4914 Τὸ
1089 4852 1144 4914 δὲ
1179 4851 1444 4934 βασίλειον
1488 4856 1582 4925 τῆς
1628 4851 1908 4925 Κανδάκης
1951 4843 2015 4924 ἦν
2043 4851 2110 4910 τὰ
2157 4853 2273 4912 Νά-

722 4963 864 5003 πατα
879 4985 896 5017 ,
932 4941 1084 5010 πόλις
1110 4940 1335 5021 μεγάλη.

787 5051 874 5093 u.
916 5026 1052 5093 ‘on
1085 5030 1338 5102 Κανδάκη
1357 5031 1576 5098 πολλαῖς
1597 5028 1840 5111 μυριάσιν
1861 5029 2124 5090 Αἰθιόπων
2144 5027 2272 5109 πρὸς

725 5117 1051 5202 Πετρώνιον,
1079 5117 1352 5196 Ῥωμαῖον
1382 5119 1650 5211 ᾼίγύπτου
1672 5117 1932 5199 ἄρχοντα,
1958 5115 2268 5194 διεπολέμη-

2386 943 2478 980 nes
2512 923 2579 978 de
2617 923 2767 978 coelo.
2852 927 3189 999 Quapropter
3221 930 3494 983 Ammonis
3521 931 3792 986 oraculum
3830 931 3938 986 fere

2385 1014 2647 1071 desertum
2672 1027 2771 1084 est,
2796 1015 2941 1089 quod
2978 1018 3125 1090 prius
3151 1021 3205 1072 in
3231 1020 3433 1075 bonore
3460 1024 3691 1077 maximo
3712 1023 3937 1078 habeba·

2384 1120 2499 1176 tur3
2535 1109 2599 1162 ad
2623 1108 2770 1182 quod
2790 1109 2947 1164 etiam
2969 1109 3265 1166 Alexander
3294 1113 3561 1186 profectus
3587 1125 3666 1169 est
3681 1154 3697 1180 ,
3720 1133 3935 1188 respon·

2382 1215 2499 1252 sum
2525 1199 2802 1270 petiturus.
2847 1201 3112 1271 Responsa
3134 1200 3207 1253 ibi
3241 1198 3357 1255 dari
3394 1200 3546 1273 ajunt
3580 1221 3689 1257 non
3729 1204 3933 1266 verbis,

2382 1285 2519 1338 sicut
2539 1283 2754 1356 Delphis
2773 1295 2826 1338 et
2846 1283 2986 1358 apud
3004 1283 3321 1340 Branchidas
3336 1327 3351 1352 ,
3372 1286 3465 1342 sed
3490 1307 3675 1360 magna
3697 1307 3759 1343 ex
3788 1301 3935 1362 parte

2380 1384 2517 1427 nutu
2564 1384 2616 1427 et
2668 1373 2862 1445 signis3
2916 1373 3365 1446 quemadmodum
3408 1375 3547 1449 apud
3594 1379 3889 1433 Homerum
3915 1396 3928 1432 ε

2388 1485 2411 1508 ι
2446 1461 2593 1515 Dixit
2624 1460 2959 1533 caeruleisque
2990 1461 3277 1535 superciliis
3305 1472 3431 1529 etc„
3462 1488 3485 1510 ι
3522 1476 3637 1518 vate
3671 1465 3929 1519 nimirum

2377 1549 2563 1602 Jovem
2602 1549 2856 1604 imitante.
2933 1546 3098 1618 Ajunt
3132 1559 3305 1602 autem
3332 1565 3577 1621 expresse
3612 1551 3722 1620 regi
3761 1560 3930 1606 vatem

2378 1633 2591 1699 dixisse,
2628 1633 2775 1706 quod
2799 1635 2945 1690 Iovis
2969 1633 3108 1688 filius
3134 1645 3288 1688 essct.

2451 1742 2545 1798 32.
2577 1743 2639 1794 In
2669 1739 2856 1813 Abydo
2876 1740 3009 1794 urbe
3035 1740 3227 1795 Osirim
3246 1720 3449 1794 colunt.
3495 1742 3559 1794 In
3580 1742 3809 1798 Osiridis
3836 1761 3929 1797 au-

2377 1859 2485 1904 tem
2508 1849 2702 1923 templo
2724 1867 2831 1902 non
2856 1847 2977 1902 licet
3014 1866 3114 1902 nec
3138 1848 3338 1903 mutor-i
3368 1867 3468 1903 nec
3503 1848 3707 1902 tibicini
3736 1849 3932 1904 sacriti-

2377 1961 2521 2014 cium
2546 1958 2821 2030 auspicari,
2849 1955 3293 2031 quemadmodum
3318 1956 3421 2012 diis
3447 1957 3560 2012 aliis
3583 1977 3699 2014 mos
3720 1972 3818 2016 est.

2449 2065 2538 2121 33.
2584 2067 2646 2118 In
2691 2065 2919 2138 Tentyra
2967 2065 3099 2118 urbe
3157 2074 3344 2137 praeter
3379 2083 3585 2122 morem
3631 2078 3933 2123 ceterorum

2377 2151 2737 2224 AEgyptiorum
2770 2150 3065 2207 crocodilus
3105 2149 3481 2218 dedecoratur,
3512 2163 3566 2208 et
3585 2171 3653 2208 ex
3680 2155 3933 2209 omnibus

2375 2239 2557 2294 belluis
2577 2240 2963 2294 inimicissimus
2981 2239 3224 2305 habetur,
3247 2250 3405 2313 atque
3426 2241 3497 2296 ab
3524 2242 3649 2315 ipsis
3670 2243 3929 2298 interimi-

2375 2336 2488 2384 tur.

2445 2414 2534 2477 34.
2594 2411 3055 2483 Quemadmodum
3091 2413 3244 2487 Psylli
3280 2413 3335 2468 in
3379 2414 3666 2486 Cyrenaica
3712 2419 3927 2488 regione

2373 2498 2657 2556 naturalem
2690 2498 2954 2571 quandam
2989 2500 3097 2554 vim
3118 2500 3313 2554 habent
3338 2511 3522 2555 eontra
3547 2503 3836 2575 serpentes,
3866 2516 3929 2559 ut

2372 2588 2503 2641 nihil
2533 2586 2651 2641 mali
2680 2605 2710 2641 a
2737 2589 3003 2640 venenatis
3028 2586 3206 2641 bestiis
3235 2590 3502 2659 patiantur
3542 2605 3559 2642 ε
3589 2591 3665 2644 sic
3696 2602 3751 2644 et
3780 2594 3923 2646 Ten-

2372 2673 2545 2744 tyritae
2568 2682 2753 2726 contra
2780 2669 3099 2738 meodilos,
3136 2681 3197 2726 ut
3220 2672 3349 2727 nibil
3372 2672 3444 2728 ab
3472 2675 3548 2728 eis
3578 2673 3758 2729 damni
3785 2679 3923 2732 acci·

2371 2758 2544 2830 piant,
2574 2757 2666 2812 sed
2694 2775 2802 2811 una
2824 2774 2947 2812 cum
2970 2756 3070 2812 illis
3092 2758 3385 2812 urinentur.

2442 2847 2531 2900 35.
2556 2845 2859 2904 Theban
2874 2855 3087 2899 centum
3098 2855 3279 2918 portas
3291 2844 3619 2912 habentium,
3641 2864 3758 2918 quae
3780 2867 3927 2904 nunc

2370 2933 2633 3007 Diospolis
2666 2942 2901 2998 vocatur,
2928 2930 3203 3004 longitudo
3227 2933 3352 2988 olim
3377 2932 3477 2989 fuit
3501 2934 3789 2988 stadiorum
3812 2939 3917 2993 802

2368 3038 2515 3076 nunc
2536 3021 2591 3074 in
2612 3019 2830 3074 modum
2854 3019 2953 3073 vici
2973 3017 3259 3075 habitatur.

2443 3108 2533 3164 36.
2577 3107 2917 3164 Asu-onomia
2949 3124 2981 3160 a
3004 3105 3261 3160 Thebanis
3298 3106 3506 3179 AEgypti
3532 3106 3927 3179 diligentissime

2366 3194 2571 3250 exculta
2596 3205 2702 3260 est3
2728 3203 2913 3246 auctor
2938 3193 3013 3246 eis
3033 3202 3191 3246 tanta
3211 3190 3489 3264 diligentiae
3514 3192 3613 3247 suit
3623 3195 3922 3249 Mercurius

2363 3282 2751 3353 Trismegistus.

2437 3368 2526 3439 37.
2550 3367 2799 3438 Virgines
2836 3384 2955 3439 quae
2998 3366 3157 3419 sacris
3196 3375 3484 3437 operantur
3526 3365 3667 3438 apud
3704 3369 3921 3423 Graecos

2361 3453 2595 3511 Pallades
2609 3451 2873 3509 dieantur.

2433 3542 2523 3596 38.
2549 3541 2613 3594 111
2638 3538 2985 3612 Elephantine
3006 3538 3139 3594 urbe
3154 3538 3273 3594 fons
3296 3549 3375 3594 est
3392 3539 3598 3596 easdem
3615 3540 3919 3597 affectiones

2360 3647 2483 3684 cum
2508 3627 2631 3682 Nilo
2656 3627 2855 3683 habens
2868 3669 2885 3696 ‚
2904 3639 3061 3701 atque
3085 3645 3191 3683 una
3207 3629 3590 3685 incrementum
3611 3628 3917 3686 decremen-

2362 3714 2902 3789 tumquesuscipiens3
2922 3732 2987 3769 ex
3008 3731 3117 3788 quo
3141 3713 3393 3788 majorem
3413 3725 3506 3771 aut
3527 3717 3789 3772 minorem
3810 3717 3914 3772 ier-

2362 3803 2597 3858 tilitatem
2624 3802 2973 3875 prasagiunt3
2998 3819 3117 3856 nam
3136 3803 3180 3855 si
3208 3801 3353 3859 Nilus
3378 3802 3606 3857 multum
3631 3803 3879 3858 increscit
3896 3844 3911 3869 ,

2360 3891 2571 3962 copiosa
2596 3887 2657 3943 iit
2682 3905 2893 3944 annona
2909 3908 2924 3955 3
2943 3889 3025 3942 sin
3043 3905 3229 3961 parum
3256 3899 3493 3961 augetur,
3521 3890 3725 3960 exigua.
3779 3891 3915 3946 Sunt

2362 3976 2536 4048 itaque
2560 3975 2617 4030 in
2640 3975 2783 4048 putei
2806 3975 3003 4046 pariete
3025 3984 3183 4039 notae,
3203 3974 3394 4047 quihus
3415 3992 3637 4030 annone
3656 3977 3806 4049 copia
3822 3989 3916 4032 aut

2363 4065 2586 4118 tenuitas
2606 4060 3036 4136 deprehenditur.

2434 4149 2521 4220 39.
2552 4151 2615 4202 In
2637 4149 2805 4220 Syene
2825 4146 2957 4201 urbe
2973 4146 3177 4201 solstitii
3194 4147 3355 4202 aestivi
3378 4156 3615 4220 tempore
3635 4166 3729 4221 per
3748 4153 3909 4204 meri-

2364 4234 2503 4289 diem
2529 4235 2673 4306 putei
2696 4231 2889 4286 nullam
2916 4232 3157 4287 umbram
3184 4233 3406 4300 babent,
3438 4244 3492 4288 et
3517 4234 3756 4289 similiter
3781 4254 3912 4307 gno-

2364 4347 2728 4490 ωῗδῗιὸυρτε
2766 4415 3161 4489 Elephantinam
3204 4415 3387 4470 urbem
3412 4417 3590 4471 minor
3618 4417 3911 4474 Cataractes

2362 4515 2459 4562 est.

2432 4616 2523 4678 41.
2561 4610 2831 4666 Strabonis
2888 4621 3124 4683 tempore
3168 4609 3405 4666 candace
3447 4609 3690 4682 quedam
3738 4613 3902 4667 virilis

2362 4718 2552 4773 mulier
2591 4717 2905 4790 AEthiopissa
2936 4716 3206 4788 imperavit
3230 4714 3589 4787 AEthiopibus‚
3621 4715 3714 4788 qui
3746 4732 3906 4786 supra

2360 4823 2641 4895 AEgyptum
2667 4829 2810 4876 sunt.
2884 4819 3009 4873 Haec
3035 4817 3196 4873 altem
3214 4817 3367 4872 oculo
3386 4827 3538 4891 capta
3554 4829 3689 4875 erat.
3735 4818 3906 4890 Ipsius

2359 4929 2499 5001 regia
2524 4937 2637 4982 ent
2656 4928 2856 4998 Napata
2880 4924 3006 4996 urbs
3032 4941 3231 4995 magna.

2430 5039 2501 5101 42
2515 5076 2529 5092 .
2563 5031 2803 5088 Candaee
2828 5029 3003 5086 multis
3039 5027 3360 5102 myriadibus
3390 5028 3698 5100 AEthiopum
3719 5037 3904 5083 contra

2358 5120 2661 5176 Petronium
2702 5121 2996 5172 Romanum
3032 5115 3240 5187 AEgypti
3265 5123 3539 5186 pretorem
3567 5112 3761 5168 bellum
3796 5129 3906 5184 ges-

724 5220 3897 5256 Μ

715 5283 804 5341 εἷο.
829 5302 885 5358 p.
908 5286 1041 5352 813,
1063 5289 1221 5343 BCD.
1260 5288 1379 5351 184,
1410 5290 1474 5342 Β.
1520 5285 1542 5356 ΙΙ
1572 5315 1646 5328 -
1687 5284 1774 5338 31.
1807 5302 1864 5356 p.
1897 5286 2020 5350 814,
2041 5287 2104 5340 Β.
2143 5284 2164 5353 ΙΙ
2195 5311 2268 5323 -

717 5365 894 5431 32ο34.
925 5384 980 5438 p.
1027 5369 1152 5431 814,
1181 5369 1306 5445 ρο.
1355 5367 1376 5436 ΙΙ
1430 5394 1503 5407 -
1538 5365 1626 5422 35.
1655 5383 1710 5438 p.
1745 5365 1878 5431 815,
1914 5368 1986 5419 D.
2023 5364 2044 5434 ΙΙ
2079 5392 2152 5405 -
2175 5363 2262 5416 36.

2352 5296 2406 5351 Ρ.
2430 5281 2552 5342 816,
2578 5279 2684 5333 CD.
2706 5275 2813 5348 {l-
2830 5274 2915 5344 37.
2940 5293 2995 5348 p.
3022 5275 3123 5328 816
3145 5277 3213 5329 D.
3237 5273 3258 5343 ΙΙ
3283 5273 3543 5336 -38-40.
3562 5290 3617 5344 p.
3644 5275 3766 5341 817.
3796 5271 3817 5340 ΙΙ
3834 5299 3906 5312 —

2353 5361 2418 5423 41
2444 5368 2497 5412 ct
2518 5361 2603 5421 42.
2632 5375 2685 5428 p.
2706 5357 2827 5420 820,
2849 5357 2953 5408 CD.
2973 5355 3082 5425 ss—
3098 5352 3165 5418 43
3180 5362 3229 5406 et
3244 5354 3333 5415 44.
3354 5369 3407 5423 p.
3432 5353 3555 5417 821,
3580 5353 3686 5407 CD.
3704 5351 3731 5403 ὁ
3752 5349 3901 5422 ταύτῃ
