4584 6284
619 496 720 554 xiv

620 627 684 685 et
699 621 1047 696 Susianam,
1072 637 1263 702 quam
1284 635 1485 701 nuper
1500 617 1698 699 cepit3
1733 635 1810 680 ex
1837 617 2173 700 praedaque

1077 485 1664 550 PROLEGOMENA
1704 486 1808 547 DE
1848 485 2196 548 DIONYSII
2234 489 2605 551 ΒΥΖΑΝΤΙῙ
2648 489 2957 552 ANAPLO
2999 489 3345 554 Bosrom.

2343 621 2435 682 Tu
2461 638 2608 685 vero
2635 619 2868 684 interea
2894 620 3045 685 dum
3070 625 3408 706 :Egyptum
3432 624 3565 689 viso
3589 634 3653 689 et
3691 629 3815 709 By-

617 708 791 792 regia
818 709 1066 791 triginta
1103 707 1377 771 camelos
1405 711 1663 770 onustos
1701 703 1872 767 misit
1910 704 2178 787 impera-
2265 707 2538 770 zantium
2561 708 2752 774 redeo
2778 709 2859 774 ad
2885 729 3165 776 mensem
3201 713 3439 777 Julium
3458 759 3477 792 ,
3511 714 3818 778 neoblivi-

620 799 739 863 tori
767 799 1122 881 solymano.
1158 795 1337 874 Quod
1367 812 1600 858 munus
1624 793 1762 858 heri
1789 794 1855 856 in
1880 795 2000 858 hac
2023 794 2178 858 urbe

619 889 812 972 Alepa
831 885 959 952 vidi
982 884 1199 950 afferri
1217 881 1376 966 regi,
1397 887 1459 945 et
1477 881 1791 965 deportari
1815 900 1853 945 a
1874 883 2178 946 sexcentis

616 973 974 1043 Genniseris
993 1021 1010 1050 ,
1044 970 1270 1036 ordine
1318 969 1714 1054 pompatico,
1755 975 1828 1033 ut
1865 987 2003 1034 mos
2045 977 2172 1047 est,

617 1083 763 1130 cum
786 1063 921 1142 regi
939 1065 1294 1126 Turcorum
1311 1058 1633 1143 quippiam
1653 1057 1853 1123 datur.
1871 1059 2177 1124 Nimirum

618 1156 684 1218 in
712 1154 936 1219 orbem
965 1167 1214 1231 magnae
1238 1165 1402 1213 areae
1425 1148 1812 1212 ambulantes
1827 1194 1844 1228 ,
1871 1154 1933 1212 et
1951 1147 2178 1230 singuli

617 1243 901 1326 aliquam
933 1238 1214 1304 muneris
1246 1243 1488 1320 partem
1521 1237 1808 1302 manibus
1837 1243 2174 1322 gestantes,

617 1334 754 1416 regi
797 1328 1364 1414 reproesentabant,
1403 1326 1706 1412 spectanti
1733 1345 1811 1391 ex
1843 1326 2178 1392 cancellata

620 1426 916 1488 fenestra.
974 1417 1099 1482 Alii
1153 1418 1440 1490 ferebant
1509 1422 1741 1480 storeas
1757 1461 1774 1495 ,
1844 1415 2178 1497 gracilibus

620 1508 1034 1578 arundinibus
1087 1525 1243 1570 auro
1287 1512 1670 1588 argentoque
1716 1503 2034 1568 textilibus
2079 1501 2179 1566 in·-

622 1599 830 1665 ductis
872 1597 1250 1671 elaboratas;
1303 1593 1412 1658 alii
1454 1592 1751 1678 ephippia
1791 1591 2056 1674 gemmis
2088 1591 2177 1655 di·

624 1689 874 1768 stincta,
895 1683 1002 1749 alii
1029 1702 1214 1748 arcus
1236 1682 1544 1759 Persicos,
1557 1681 1852 1764 „plerique
1879 1679 2178 1762 stragulas

619 1782 821 1842 vestes
850 1781 915 1839 et
942 1772 1381 1856 Babylonicas,
1409 1770 1514 1834 alii
1542 1769 2017 1854 peripetasmata
2043 1769 2178 1833 bel-

625 1869 792 1931 luata
821 1883 897 1927 ex
932 1881 1086 1927 auro
1121 1867 1502 1944 argentoque
1530 1858 1848 1924 textilibus
1863 1903 1881 1935 ,
1909 1857 2013 1921 alii
2041 1864 2180 1922 ten-

621 1954 784 2018 toria
802 1969 1049 2016 summa
1065 1955 1197 2014 arte
1225 1949 1501 2013 laborata
1515 1993 1533 2028 ,
1551 1947 1658 2012 alii
1681 1945 1888 2011 libros·
1898 1943 2178 2011 Persicos

621 2059 775 2106 auro
814 2046 877 2103 et
921 2036 1190 2120 gemmis
1245 2045 1528 2114 ornatos,
1574 2033 1859 2098 nonnulli
1889 2033 2176 2100 sacculos

621 2144 1017 2213 gemmarum
1053 2126 1310 2209 plenos;
1341 2123 1524 2188 multi
1569 2122 1850 2188 ferebant
1876 2122 2177 2205 imagines

620 2217 952 2283 hominum
972 2215 1488 2300 reliquorumque
1505 2210 1866 2276 animalium
1891 2230 1967 2275 ex
1979 2210 2177 2277 serico

621 2323 901 2390 auroque
926 2311 991 2368 et
1023 2309 1282 2384 argento
1305 2300 1684 2378 elaborataS,
1716 2299 1824 2364 alii
1868 2299 1988 2364 alia
2035 2319 2206 2383 quae,

619 2398 882 2477 longum
933 2399 1100 2457 esset
1149 2407 1500 2480 recensere.
1554 2388 1712 2452 Exin
1760 2389 1976 2470 Alepia
2033 2387 2170 2473 (leq.

619 2480 886 2567 Amulio)
921 2487 1126 2546 castra
1168 2477 1536 2562 reliquimus
1563 2482 1627 2542 et
1660 2475 1921 2559 profecti
1961 2494 2174 2542 sumus

617 2571 982 2638 Melitonem
1009 2569 1072 2652 (1.
1103 2566 1453 2648 Melitenen)
1471 2564 1690 2630 urbem
1715 2564 2028 2630 Armeniae
2061 2565 2175 2628 mi·

617 2661 792 2726 noris
817 2664 1060 2742 septem
1091 2656 1334 2724 diebus.
1367 2653 1519 2718 Inde
1544 2671 1758 2718 rursus
1779 2654 2036 2736 trajecto
2055 2655 2176 2718 Eu-

615 2751 838 2834 phrate
879 2743 1222 2812 redivimus
1265 2741 1585 2818 Amidam,
1619 2760 1696 2805 ex
1737 2761 1859 2824 qua
1896 2741 2172 2825 quinque

613 2835 834 2902 castris
880 2832 1166 2900 venimus
1214 2829 1280 2894 in
1323 2829 1549 2893 urbem
1593 2828 1892 2892 Edessam
1913 2875 1929 2906 ,
1981 2848 2172 2913 quam

609 2922 802 2990 hodie
813 2927 1037 2988 vocant
1058 2917 1284 2998 Offam,
1303 2917 1368 2982 in
1385 2935 1508 3001 qua
1523 2915 1707 2980 Turci
1723 2915 1940 2980 dicunt
1956 2923 2172 2980 natum

609 3013 960 3090 Abraham3
989 3009 1264 3092 ideoque
1310 3025 1389 3072 ex
1431 3008 1602 3071 fonte
1618 3052 1636 3087 ,
1666 3023 1744 3068 ex
1782 3022 1909 3087 quo
1952 3003 2173 3070 fluvius

611 3107 825 3166 manat
867 3100 1229 3164 discurrens
1276 3114 1392 3180 per
1429 3094 1654 3159 urbem
1672 3139 1689 3169 ,
1722 3091 1926 3173 pisces
1965 3110 2175 3156 sacros

607 3189 844 3253 habent
903 3193 970 3252 et
1020 3203 1151 3249 non
1202 3185 1531 3266 attingunt.
1585 3185 1665 3244 At
1713 3179 1916 3244 Judaei
1962 3179 2180 3244 dicunt

612 3278 932 3342 Abraham
962 3280 1181 3337 natum
1212 3272 1278 3334 in
1305 3273 1512 3347 Carra,
1547 3269 1812 3334 distante
1838 3266 1917 3330 ab
1945 3267 2178 3332 Edessa

614 3368 732 3432 iter
777 3364 964 3429 unius
1012 3361 1138 3425 diei
1155 3407 1173 3438 ‚
1222 3377 1412 3443 quam
1462 3359 1680 3420 Carras
1721 3373 1858 3420 esse
1911 3355 2178 3420 arbitror

617 3453 863 3519 nobiles
920 3449 1101 3515 clade
1139 3445 1362 3512 Crassi.
1411 3447 1504 3509 Ex
1548 3444 1784 3508 Edessa
1819 3442 2017 3507 tribus
2073 3461 2175 3506 ca—

617 3541 762 3605 stris
804 3539 1188 3622 Euphratem
1231 3534 1589 3615 trajecimus
1624 3533 1788 3597 inter
1817 3531 2177 3615 Hierapolin

615 3640 681 3694 ct
704 3633 979 3713 Zeugma
1007 3627 1478 3705 Commagenus,
1511 3620 1621 3686 ubi
1649 3620 1857 3686 adhuc
1895 3620 2179 3684 visuntur

617 3717 902 3803 reliquiae
941 3712 1180 3798 antiqui
1219 3712 1459 3796 pontis;
1489 3711 1599 3775 ubi
1644 3717 1864 3774 catena
1907 3709 1972 3772 in
2013 3709 2177 3773 hanc

619 3813 868 3872 aetatem
897 3809 1196 3882 servatur,
1229 3801 1410 3881 cujus
1437 3799 1728 3864 meminit
1766 3796 2006 3862 Plinius
2050 3797 2173 3882 (Cs.

624 3898 716 3959 De
747 3897 1050 3973 Bosporo,
1101 3909 1167 3975 p.
1213 3893 1318 3970 45,
1352 3887 1437 3971 6).
1486 3889 1584 3952 Ab
1623 3886 1937 3970 Euphrate
1978 3884 2176 3948 tribus

618 3981 838 4046 castris
874 3979 1158 4044 venimus
1199 3975 1265 4040 in
1319 3977 1539 4040 urbem
1588 3994 1775 4058 quam
1823 3974 2014 4039 hodie
2041 3974 2176 4056 Syri

617 4076 841 4135 vocant
863 4069 1057 4150 Alep,
1088 4067 1242 4131 olim
1277 4083 1426 4130 vero
1468 4083 1542 4128 ea
1570 4069 1703 4127 erat
1727 4066 1978 4143 Beroea,
2011 4080 2134 4125 non
2153 4107 2170 4138 ,

616 4164 686 4222 ut
730 4157 990 4241 quidam
1038 4154 1327 4230 tradunt,
1363 4152 1733 4235 Hierapolis.
1766 4151 1882 4215 Hic
1912 4151 2176 4214 hiberna

617 4253 909 4329 quattuor
936 4241 1252 4306 mensium
1295 4241 1634 4321 exegimus.
1667 4241 1853 4302 Plura
1896 4257 2023 4302 non
2063 4236 2176 4300 ad-

619 4333 765 4399 dam
791 4349 1112 4397 reservans
1145 4330 1401 4413 longum
1441 4327 1733 4391 volumen
1777 4327 2016 4390 itineris
2047 4325 2172 4388 mei

619 4423 683 4486 in
708 4421 977 4486 reditum
1006 4438 1219 4484 meum
1245 4416 1624 4501 Byzantium.

2266 795 2460 858 scaris
2480 795 2569 859 tui
2588 795 2785 874 Ginii;
2804 815 2879 862 ac
2897 797 2951 860 si
2971 799 3139 862 forte
3151 799 3353 863 ullum
3374 800 3585 865 locum
3599 801 3773 865 vides
3790 847 3809 878 ‚
3898 811 3904 816 ’

2268 881 2375 944 ubi
2407 882 2718 948 aediflcare
2740 883 2975 968 possim
2996 885 3214 950 nidum
3250 889 3587 953 senectutis
3612 907 3773 954 meae
3794 936 3811 965 ‚

2267 988 2349 1033 ne
2376 978 2731 1053 praetereas.
2756 974 2847 1037 Ita
2870 972 3035 1036 enim
3062 992 3255 1038 canus
3277 974 3357 1040 ad
3388 994 3500 1041 vos
3527 975 3775 1040 rediero
3792 1023 3811 1054 ‚

2265 1076 2337 1123 ut
2364 1059 2541 1124 humi
2568 1059 2795 1126 cubare
2820 1071 3119 1145 perpetuo
3138 1054 3352 1128 malim
3368 1111 3387 1146 ,
3408 1084 3599 1148 quam
3620 1067 3817 1131 semel

2265 1147 2506 1231 erigere
2554 1148 2623 1213 in
2666 1148 2885 1216 nidum
2924 1170 3291 1234 suspensum
3332 1173 3409 1218 ex
3451 1154 3637 1237 longa
3680 1173 3814 1239 spe.

2268 1237 2615 1315 Adderem‚
2649 1237 2767 1304 nisi
2792 1259 3001 1322 regem
3030 1241 3308 1306 audirem
3329 1249 3644 1308 remotum
3677 1261 3715 1308 a
3741 1243 3821 1306 li-

2265 1327 2417 1393 teris
2433 1375 2459 1406 ,
2487 1331 2767 1394 efficeres
2794 1349 2941 1395 cum
2970 1330 3234 1397 Domino
3264 1333 3613 1396 Castellum
3630 1379 3649 1411 ‚
3681 1333 3820 1416 epi-

2267 1435 2461 1499 scopo
2482 1417 2938 1496 Matisconensi,
2958 1425 3028 1483 ut
3044 1437 3154 1484 rex
3168 1419 3633 1504 peregrinationi
3654 1439 3818 1486 meas

2266 1505 2517 1570 faveret.
2546 1506 2671 1572 Sed
2706 1525 2785 1572 ne
2814 1506 2933 1570 sim
2960 1507 3353 1589 importunus
3370 1555 3387 1586 ,
3419 1514 3613 1572 totam
3654 1509 3817 1574 banc

2266 1593 2684 1677 provisionem
2710 1595 2998 1681 relinquo
3019 1594 3260 1678 judicio
3284 1603 3392 1661 tuo
3408 1642 3425 1674 ,
3460 1598 3570 1680 qui
3598 1617 3819 1665 sensus

2265 1683 2434 1764 regis
2484 1684 2742 1767 ejusque
2800 1683 3181 1749 intimorum.
3225 1685 3389 1749 nosti
3436 1703 3567 1749 non
3608 1687 3820 1752 minus

2263 1789 2455 1853 quam
2482 1770 2795 1837 fortunam
2823 1790 3028 1837 meam
3058 1771 3415 1836 destitutam
3447 1774 3621 1837 omni
3646 1776 3821 1840 auxi-

2265 1858 2381 1938 lio,
2414 1867 2479 1924 et
2509 1861 2645 1928 solo
2671 1880 2813 1926 meo
2836 1861 3007 1927 tenui
3036 1861 3322 1944 vectigali
3363 1879 3529 1944 aegre
3572 1871 3821 1928 susten-

2262 1953 2454 2013 tatam
2497 1956 2592 2014 tot
2628 1968 2821 2015 annos
2866 1949 3448 2035 peregrinationem.
3478 1952 3713 2015 Verum
3753 1961 3824 2018 ut

2265 2037 2401 2103 sita
2423 2039 2618 2104 literis
2640 2059 2751 2104 rex
2768 2046 3075 2115 remotus,
3101 2057 3227 2104 non
3254 2045 3466 2103 tamen
3492 2058 3530 2103 a
3544 2039 3828 2120 justitias

2265 2127 2435 2212 quod
2472 2147 2553 2193 ex
2598 2119 2671 2192 ef)
2717 2126 2816 2210 (ex
2848 2127 2969 2210 τοῖ’)
2996 2127 3252 2210 colligo,
3299 2146 3489 2211 quem
3538 2129 3821 2212 quotidie

2264 2219 2572 2283 cariorem
2602 2219 2733 2301 regi
2762 2217 2897 2281 fieri
2921 2218 3136 2296 audio,
3168 2236 3296 2282 non
3322 2217 3406 2282 ob
3430 2217 3605 2282 aliud
3632 2237 3819 2301 quam

2263 2307 2345 2371 ob
2387 2305 2765 2387 singularem
2801 2304 3101 2386 justitiam
3146 2310 3340 2370 tuam·
3390 2303 3553 2382 Quid
3590 2306 3821 2386 iustius

2264 2412 2453 2476 quam
2483 2393 2806 2458 heroicum
2847 2411 3059 2473 regem
3078 2398 3208 2457 tam
3236 2392 3492 2457 divitem
3536 2391 3821 2456 debitum

2263 2489 2560 2565 praestare
2605 2484 2970 2565 paternum?
3012 2483 3141 2561 Ego
3191 2499 3307 2562 per
3346 2481 3541 2544 hosce
3600 2479 3821 2563 viginti

2265 2589 2462 2635 annos
2489 2587 2617 2633 non
2644 2567 2853 2633 destiti
2881 2568 3040 2631 bene
3079 2567 3310 2630 mereri
3347 2567 3428 2630 de
3453 2583 3604 2650 rege
3630 2569 3823 2632 Fran·

2259 2657 2430 2723 cisco
2458 2674 2533 2722 ac
2551 2656 2754 2740 potius
2775 2655 2853 2720 de
2876 2659 3007 2720 tota
3019 2654 3265 2718 valesia
3279 2661 3487 2735 gente,
3510 2673 3658 2720 cum
3681 2655 3820 2720 aliis

2260 2745 2646 2811 orationibus
2672 2749 2806 2808 tum
2828 2745 3027 2806 tribus
3050 2743 3129 2807 ad
3150 2760 3366 2824 regem
3395 2742 3639 2822 Angliae
3672 2743 3823 2808 scri·

2261 2836 2419 2918 ptis,
2452 2831 2856 2898 suadentibus
2882 2830 3162 2896 Francia
3192 2830 3436 2912 regium
3476 2849 3709 2896 nomen
3740 2851 3819 2897 ne

2260 2922 2545 3007 amplius·
2576 2927 2863 3003 usurpet,
2917 2925 3025 2984 aut
3068 2920 3205 3000 eius
3264 2925 3471 3001 partes
3540 2926 3815 3000 repetat3

2261 3030 2417 3096 quas
2447 3011 2811 3093 priusquam
2860 3008 3195 3094 scriberem
3216 3053 3233 3084 ,
3263 3007 3438 3071 testis
3482 3013 3579 3071 est
3608 3006 3821 3072 Cardi-

2263 3098 2421 3163 nalis
2447 3101 2885 3178 Armaqniacus
2919 3114 3033 3160 me
3074 3097 3350 3160 hiemem
3396 3097 3819 3161 consumsisse

2264 3186 2331 3250 in
2356 3184 2738 3250 bibliotheca
2766 3182 3044 3266 legendis
3063 3182 3389 3247 codicibus
3418 3181 3811 3265 pontificum,

2263 3273 2433 3358 apud
2450 3293 2611 3358 quos
2626 3273 2764 3338 haec
2782 3291 2969 3336 causa
2984 3280 3117 3336 tum
3142 3268 3637 3354 disceptabatur3
3660 3290 3820 3354 quos

2265 3363 2317 3426 si
2339 3364 2652 3427 Sei-'setius
2678 3360 2949 3442 legisset,
2971 3361 3154 3440 longe
3182 3359 3363 3423 aliter
3384 3360 3547 3422 hanc
3564 3376 3819 3424 causam

2263 3455 2609 3515 tractasset.
2662 3449 2821 3526 Quid
2868 3449 3107 3532 aequius
3160 3464 3351 3529 quam
3406 3463 3619 3528 regem
3661 3446 3821 3509 mihi

2266 3537 2416 3602 dare
2444 3535 2700 3620 aliquod
2727 3535 3079 3619 permgium
3108 3531 3445 3599 senectutis
3485 3550 3645 3598 meae
3662 3579 3681 3614 ‚
3709 3533 3820 3619 qui

2261 3625 2431 3708 regis
2465 3625 2830 3710 praescripto
2845 3630 3078 3689 tantam
3102 3620 3663 3707 peregrinationem
3688 3639 3822 3687 sus-

2267 3714 2441 3797 cepi,
2472 3718 2535 3777 et
2577 3709 2817 3776 tamdiu
2862 3711 3123 3776 sustinui
3168 3711 3342 3775 nullo
3382 3709 3556 3790 regio
3586 3710 3819 3775 auxilio

2237 3791 2553 3884 adjutus?
2598 3799 2901 3865 Omnibus
2942 3819 3043 3864 me
3082 3798 3501 3883 voluptatibus
3548 3798 3815 3882 privavi,

2266 3909 2455 3955 senex
2469 3895 2563 3954 tot
2591 3907 2900 3954 aerumnas
2920 3888 3118 3952 subivi
3134 3935 3153 3964 ,
3183 3894 3254 3953 ut
3270 3887 3622 3970 jucundum
3642 3885 3821 3970 quid-

2266 3979 2412 4043 dam
2452 3977 2586 4058 regi
2627 3975 2957 4060 gratificari
3001 3994 3271 4059 possem.
3320 3977 3489 4039 Bene
3526 3975 3681 4039 vale.
3726 3977 3819 4038 Ex

2264 4067 2420 4131 urbe
2439 4064 2599 4147 Alep
2612 4111 2628 4142 ,
2653 4064 2935 4146 emporio
2959 4063 3369 4128 celeberrimo
3391 4061 3581 4126 totius
3603 4061 3821 4126 Orien·

2263 4156 2344 4218 tis
2360 4200 2378 4232 ‚
2403 4156 2484 4217 IV
2507 4155 2666 4216 Non.
2693 4151 2891 4234 April.
2914 4153 3315 4216 MDXLIX.—
3330 4153 3501 4214 Tuus
3524 4149 3817 4232 antiquus

2262 4241 2461 4306 cliens
2492 4242 2714 4304 Petrus
2736 4238 2975 4302 Gillius.
