4584 6284
2062 486 2529 549 PERIEGESIS.

532 624 651 711 (m)
677 626 994 701 Bithyniqne
1020 626 1120 679 viri
1137 664 1154 690 ,
1182 622 1527 697 pinguissima
1551 638 1679 675 rura
1696 618 1925 675 oelemes
1954 635 1969 675 ε

676 732 782 787 qua
802 714 1009 770 Rhebas
1035 712 1258 787 pulcher
1274 710 1572 783 wtissima
1598 709 1818 767 flumina
1843 708 2032 774 volvit,

675 803 881 859 Rhebas
894 846 917 876 ‚
945 804 1040 876 qui
1057 800 1236 875 rapidi
1259 798 1500 855 decurrit
1527 798 1598 853 sd
1615 798 1748 854 ostia
1765 798 1942 853 Ponti.

670 895 778 949 Tot
800 892 985 967 populi
1012 902 1179 946 terras
1203 890 1444 945 habitant
1468 906 1565 961 per
1584 888 1739 943 litora
1757 886 1908 941 Ponti
1935 902 1951 940 z

533 985 642 1039 705
669 1000 794 1037 nam
821 981 974 1055 prius
998 980 1238 1053 exposita
1261 978 1484 1051 Scythia
1503 986 1630 1032 sunt
1654 976 1854 1031 semina
1871 976 2058 1047 gentis.

515 1056 644 1133 (⁸⁰⁰)
744 1070 904 1124 Nunc
923 1068 1068 1125 Asiae
1087 1066 1236 1137 regio
1259 1066 1570 1135 contingens
1590 1061 1748 1118 litora
1773 1061 1927 1117 nobis

670 1155 880 1211 dicatur
895 1194 912 1221 ‚
933 1163 1110 1227 partes
1126 1149 1318 1207 calidas
1339 1168 1458 1224 qun
1483 1151 1652 1205 currit
1677 1148 1744 1204 ad
1761 1150 1920 1203 austri
1936 1188 1952 1215 ,

670 1253 830 1315 atque
845 1240 1242 1313 Hellespontum
1267 1238 1452 1293 transit
1476 1238 1744 1310 Syriaeque
1757 1252 2007 1301 massus,

671 1328 848 1401 poscit
873 1338 928 1381 et
947 1325 1194 1382 Arabiam
1207 1366 1224 1389 ,
1251 1342 1369 1397 que
1396 1323 1585 1378 florent
1609 1322 1768 1377 ubere
1793 1332 1964 1379 terre.

531 1424 644 1477 770
673 1418 811 1471 Sunt
835 1411 1173 1471 Chalcedonii
1189 1412 1366 1485 primi,
1390 1420 1509 1483 post
1525 1410 1656 1464 ostia
1677 1410 1853 1474 Ponti,

676 1502 874 1555 m-ia
905 1499 1142 1572 Byzantis
1161 1498 1255 1571 qui
1283 1507 1509 1551 cernunt
1529 1495 1730 1569 optima
1745 1506 1952 1559 contra,

675 1586 1032 1659 Romanisque
1055 1584 1142 1659 pie
1162 1584 1337 1656 regnis
1359 1582 1689 1637 dominantia
1712 1580 1937 1637 mundo.

521 1666 646 1744 (sus)
677 1672 916 1747 Bebrycii
936 1683 1057 1745 post
1074 1672 1200 1735 hos,
1227 1680 1282 1725 et
1307 1671 1474 1743 Mysia
1491 1667 1764 1724 montibus
1787 1668 1916 1731 alta,

677 1778 785 1833 qua
815 1758 941 1815 Cius
969 1758 1170 1830 egregia
1196 1755 1487 1811 decurrens
1510 1765 1810 1809 murmurat
1831 1752 1976 1809 unda

537 1853 649 1905 775
677 1864 785 1919 qua
809 1844 1068 1919 nymphas
1085 1844 1334 1899 comitem
1367 1842 1654 1915 perhibent
1675 1840 1912 1914 rapuisse
1937 1840 2167 1913 potentis

677 1930 875 1988 Alcide
897 1948 1152 2005 puerum,
1181 1932 1480 1985 tristissima
1512 1928 1617 1985 sata
1639 1929 1918 2001 gementis.

677 2020 816 2075 Hinc
831 2018 1226 2093 Hellespontum
1252 2016 1583 2093 pertenditur
1601 2016 1822 2089 angulus
1843 2018 2028 2087 ingens
2045 2056 2062 2082 ,

543 2100 644 2182 (sn)
677 2124 780 2180 qua
803 2106 1014 2161 brevior
1033 2106 1273 2179 Phrygiae
1289 2124 1412 2179 pars
1431 2116 1512 2161 est
1535 2121 1696 2160 :nam
1716 2102 1874 2159 latior
1891 2104 2034 2158 intus

677 2196 913 2268 Sanga-ii
933 2194 1064 2268 ripis
1095 2195 1242 2249 fluvii
1265 2194 1434 2249 vicina
1455 2194 1680 2267 rapacis.

536 2290 650 2341 780
676 2281 940 2337 Tenditur
954 2282 1068 2337 haec
1087 2283 1268 2356 potius
1277 2282 1484 2336 Titanis
1504 2281 1718 2354 pinguis
1740 2279 1811 2334 sd
1833 2292 1984 2335 ortus
1997 2318 2014 2345 ,

680 2370 844 2426 altera
864 2367 933 2423 ad
953 2386 1199 2435 occasus,
1227 2367 1344 2423 alte
1374 2368 1474 2423 sub
1495 2368 1768 2423 montibus
1796 2366 1934 2433 lde,

683 2458 893 2531 altaque
907 2474 1012 2530 qua
1031 2456 1224 2511 cecidit
1244 2456 1498 2529 praet-ro
1525 2458 1744 2511 nominc
1766 2455 1927 2528 Troja
1948 2494 1965 2521 ,

529 2558 654 2639 (81⁹)
685 2544 755 2600 ad
771 2546 972 2601 Xanthi
990 2543 1219 2617 liquidas
1236 2563 1336 2599 nec
1356 2562 1466 2599 non
1485 2546 1769 2600 Simoentis
1790 2544 1858 2599 ad
1881 2544 2067 2598 undas.

683 2635 813 2689 Post
831 2634 946 2689 haec
965 2633 1148 2689 AEolie
1163 2632 1318 2688 tellus
1341 2632 1688 2706 pretenditur
1715 2652 1824 2688 orae
1839 2673 1855 2698 ,

541 2729 652 2782 785
683 2722 934 2777 fluctibus
949 2722 1112 2793 AEgaei
1134 2720 1320 2796 primis
1341 2738 1459 2794 quae
1477 2720 1721 2777 tunditur
1752 2721 1862 2777 alti.

680 2808 816 2865 Inde
835 2820 978 2865 tenet
997 2820 1164 2865 terras
1179 2811 1392 2883 pelagus
1413 2830 1580 2885 prope
1603 2813 1816 2883 sanguis
1837 2814 2028 2867 Ionum
2051 2850 2068 2875 ,

679 2916 777 2971 per
797 2915 930 2970 quas
957 2897 1228 2953 neander
1251 2900 1465 2972 pinguis
1491 2899 1766 2956 descendit
1788 2900 1844 2953 in
1872 2918 2074 2971 aequor,

526 2978 650 3059 (aas)
681 2986 822 3041 inter
843 2986 1088 3041 Miletum
1105 3004 1325 3043 currens
1345 2986 1609 3059 latamque
1626 2988 1870 3043 Prienen.

683 3074 768 3130 Ad
794 3075 928 3131 latus
953 3076 1182 3131 istorum
1203 3074 1428 3131 boreum
1447 3086 1574 3131 sunt
1592 3078 1789 3131 moenia
1810 3076 1950 3131 clara
1963 3116 1978 3139 ,

540 3172 656 3225 790
683 3163 812 3217 urbs
831 3164 1072 3238 Ephesus
1086 3204 1104 3231 ,
1131 3162 1330 3219 claudit
1345 3180 1504 3236 quam
1522 3175 1674 3235 grato
1689 3164 1844 3219 litore
1859 3176 2074 3236 pontiu.

537 3240 656 3320 (sto)
687 3253 812 3305 Post
836 3252 930 3306 has
953 3252 1193 3307 Maeoniae
1219 3250 1376 3306 tellus
1389 3291 1405 3316 ,
1442 3269 1562 3324 qnae
1583 3252 1752 3323 vergit
1768 3251 1836 3305 ad
1859 3263 2006 3306 ortus
2023 3292 2040 3317 ,

689 3349 746 3392 et
766 3337 940 3392 Tmoli
962 3338 1118 3393 colles
1140 3378 1156 3403 ,
1187 3338 1380 3393 fluvius
1399 3338 1596 3411 quibus
1616 3337 1813 3393 aurifer
1827 3340 1938 3391 exit

693 3422 936 3478 Pactolus
959 3441 974 3479 :
1003 3422 1152 3495 cujus
1169 3442 1334 3497 prope
1355 3443 1496 3498 ripas
1519 3435 1758 3497 tempore
1791 3442 1954 3479 verno

696 3513 740 3565 si
763 3509 944 3567 sedeas
959 3553 976 3580 ,
1001 3510 1143 3567 dulci
1165 3514 1388 3586 capiaris
1413 3522 1632 3587 pectora
1659 3524 1818 3568 cantu

552 3608 665 3661 795
697 3617 1018 3672 cygnorum,
1045 3611 1268 3674 pascunt
1293 3618 1428 3673 quos
1447 3600 1628 3656 herboe
1653 3600 1876 3655 flumina
1899 3600 2122 3655 circum.

695 3687 834 3741 Nam
859 3688 1052 3743 florent
1070 3689 1207 3743 Asia
1226 3706 1322 3761 per
1344 3706 1558 3762 campos
1582 3688 1811 3761 plurima
1831 3700 2008 3762 prataa

671 3775 792 3831 ‘scd
819 3777 988 3849 magis
1009 3776 1080 3831 nd
1101 3778 1321 3832 fluvium
1342 3776 1624 3849 Mandri,
1647 3778 1850 3849 gurgite
1875 3778 1994 3831 miti

537 3862 668 3942 (8³7)
699 3882 860 3937 quem
875 3863 1030 3937 juxta
1049 3864 1264 3921 volvens
1284 3884 1341 3921 se
1359 3877 1652 3922 murmurat
1679 3864 1824 3921 unda
1839 3866 2060 3939 Caystri.

699 3952 828 4006 Post
847 3951 948 4007 bos
964 3962 1092 4007 sunt
1117 3954 1298 4026 Lycii,
1329 3971 1464 4026 quos
1485 3954 1734 4009 Xanthus
1754 3951 1946 4007 dividit
1968 3954 2137 4008 amnis
2151 3993 2167 4018 ,

555 4050 671 4105 800
699 4038 770 4097 ad
802 4056 948 4093 mare
971 4050 1245 4111 vergentes
1277 4056 1292 4095 :
1323 4042 1417 4114 qui
1437 4040 1606 4095 Tauri
1630 4058 1832 4095 cornua
1853 4050 2112 4107 cernunt,

549 4121 666 4197 (eso)
701 4144 872 4199 usque
885 4126 953 4182 ad
965 4128 1302 4202 Pamphylos,
1319 4129 1604 4202 perhibent
1620 4148 1778 4203 quem
1791 4130 2006 4185 nomine
2019 4130 2242 4201 Cragum
2251 4172 2264 4185 .

699 4213 816 4269 mic
833 4215 1054 4287 aspicies
1077 4214 1386 4289 Aspendum
1399 4256 1417 4281 ,
1446 4218 1641 4272 moenia
1663 4215 1814 4289 cujus

703 4302 1048 4376 Eurymedon
1077 4305 1252 4359 amnis
1278 4304 1422 4361 radit
1439 4306 1613 4361 vicina
1637 4304 1930 4381 profundo.

705 4390 1080 4464 Continuoque
1091 4390 1274 4464 jacent
1298 4392 1412 4447 alia
1428 4392 1789 4467 Pamphylidis
1808 4394 1966 4450 urbes
1991 4412 2006 4449 z

564 4492 678 4546 805
707 4482 942 4552 Corycus
963 4522 978 4546 ,
1010 4483 1280 4553 Pes-gequc
1301 4481 1505 4547 calens,
1531 4491 1586 4536 et
1601 4481 1737 4537 celsa
1761 4483 2008 4541 Phaselis.

558 4563 678 4641 (abs)
709 4568 818 4622 Has
841 4585 998 4639 supra
1022 4568 1210 4623 mediis
1232 4568 1468 4625 habitant
1488 4567 1690 4623 telluris
1705 4568 1762 4623 in
1785 4570 1952 4634 arvis,

710 4654 781 4709 ad
803 4666 978 4729 partes
1002 4666 1152 4712 ottus
1167 4696 1184 4721 ‚
1207 4674 1332 4729 gens
1354 4655 1490 4711 dura
1515 4659 1787 4730 Lycaones
1813 4659 1993 4711 armis.

714 4743 839 4797 Post
854 4742 956 4797 hos
979 4742 1216 4799 Pisidum
1233 4744 1573 4817 pinguissima
1590 4761 1718 4798 rura
1737 4744 2007 4815 coluntur,

711 4829 996 4884 Termesus
1014 4869 1031 4896 ‚
1058 4828 1232 4903 Lyrbe
1249 4869 1266 4896 ,
1295 4848 1394 4884 nec
1419 4848 1526 4885 non
1553 4830 1839 4885 clarissima
1865 4829 2015 4902 Selge
2031 4870 2047 4897 ,

569 4928 685 4980 810
714 4918 886 4986 gentis
905 4916 1183 4988 Amyclae
1202 4916 1557 4990 pulcherrima
1583 4918 1781 4971 moenia
1799 4916 2092 4989 quondam.

715 4999 858 5055 Hinc
883 5002 1034 5057 sinus
1059 5013 1144 5057 ast
1161 5002 1350 5074 longus
1370 5002 1592 5058 Cilicum
1609 5042 1626 5069 ,
1655 5004 1748 5076 qui
1765 5004 1936 5078 vergit
1960 5002 2028 5057 ad
2055 5014 2204 5057 ortus
2220 5042 2236 5067 ,

717 5084 914 5142 Euxini
935 5100 1220 5161 penetrans
1243 5091 1440 5145 vicinas
1461 5091 1688 5162 aequoris
1713 5090 1878 5145 undas
1903 5106 1917 5145 :

563 5172 688 5255 (aas)
720 5174 864 5229 hunc
884 5176 1024 5231 Asiae
1045 5176 1330 5249 perhibent
1347 5179 1581 5248 angustis
1605 5178 1844 5251 partibus
1863 5196 1992 5231 esse.

720 5264 808 5317 cui
829 5275 1008 5319 tamen
1029 5264 1292 5320 immenso
1319 5266 1466 5321 fluvii
1495 5284 1550 5321 se
1576 5268 1780 5339 gurgite
1799 5266 2049 5334 miscent,

581 5364 694 5420 015
724 5370 820 5425 per
839 5352 1058 5425 longum
1091 5355 1348 5428 Pyramus
1365 5356 1590 5429 spatium
1619 5358 1944 5429 Pinarusque
1972 5356 2163 5422 voluti,

3770 492 3877 543 to?

2328 617 2509 673 flexilis
2532 632 2586 671 et
2611 614 2858 689 Cydnus,
2889 615 3095 670 dirimit
3118 615 3213 689 qui
3242 614 3462 669 {lumine
3476 616 3703 671 Tarson.

2325 708 2464 761 Hinc
2490 706 2604 761 alie
2624 705 2850 761 Cilicum
2874 715 2997 759 sunt
3020 704 3169 759 celsis
3192 704 3455 759 moenibus
3476 702 3666 771 urbes,

2326 796 2643 869 Lyrnessus,
2666 794 2959 867 Mallosque
2978 793 3133 847 simul
3156 792 3329 847 vicina
3344 789 3625 865 profundo
3637 831 3653 855 ,

2324 894 2481 957 atque
2496 884 2603 941 Soli
2622 882 2799 940 medio
2822 894 3085 939 terrarum
3102 882 3209 937 fine
3230 881 3405 939 locati.

2325 972 2676 1045 Commagena
2704 970 2899 1027 dehinc
2924 972 3069 1043 regio
3090 1010 3106 1037 ,
3136 970 3403 1043 Syriaeque
3433 978 3730 1042 sequuntur

2328 1060 2483 1114 urbes
2496 1100 2512 1127 ,
2534 1059 2801 1133 disposite
2818 1076 2915 1132 per
2931 1057 3073 1129 longi
3094 1057 3247 1112 litora
3274 1056 3443 1111 flexus
3476 1071 3492 1109 z

2324 1164 2446 1201 nam
2466 1146 2604 1202 Casii
2624 1146 2823 1201 montis
2848 1162 2959 1217 qua
2970 1145 3239 1219 prominet
3260 1160 3355 1197 ora
3372 1161 3468 1215 pcr
3498 1160 3703 1215 aequor,

2326 1234 2491 1304 vergit
2514 1236 2571 1288 in
2600 1250 2817 1287 occasus
2844 1230 3053 1287 diffusis
3078 1230 3333 1286 tractibus
3359 1229 3523 1287 unda.

2400 1322 2559 1377 Nunc
2582 1321 2811 1393 reliquas
2838 1320 2977 1375 Asine
2996 1330 3171 1393 partes
3192 1318 3288 1374 tibi
3316 1318 3551 1373 carmine
3572 1319 3800 1393 pandam
3815 1359 3833 1388 ,

2324 1408 2567 1482 quadrati
2589 1408 2765 1464 lateris
2786 1427 2893 1483 qua
2911 1406 3179 1465 clauditur
3195 1406 3433 1479 undique
3455 1406 3624 1463 forma
3638 1448 3654 1475 ,

2324 1507 2377 1551 et
2400 1497 2582 1570 spatiis
2604 1515 2819 1571 campos
2834 1496 3001 1567 longis
3026 1494 3300 1569 protendit
3326 1496 3381 1549 in
3406 1507 3609 1553 ortum.

2325 1584 2437 1638 Scis
2458 1584 2655 1639 etenim
2679 1601 2993 1639 memorasse
3010 1582 3141 1651 tibi,
3166 1581 3313 1655 quod
3338 1582 3557 1637 collibus
3583 1583 3700 1639 altis·

2324 1690 2419 1744 per
2445 1682 2611 1727 totam
2636 1670 2825 1727 mediis
2856 1689 3012 1727 mons
3038 1672 3223 1742 ingens
3246 1668 3484 1725 tenditur
3506 1672 3615 1725 oris
3631 1713 3651 1743 ‚

2324 1761 2417 1835 qui
2442 1760 2574 1817 fines
2603 1758 2731 1817 Asia
2756 1760 2935 1832 nigros
2956 1758 3207 1832 producit
3234 1756 3301 1811 ad
3319 1756 3482 1811 Indos
3512 1775 3526 1811 :

2326 1848 2431 1903 hoc
2450 1858 2563 1904 esto
2586 1846 2811 1901 laterum
2840 1846 3065 1902 bonum
3086 1846 3215 1913 tibi3
3238 1846 3389 1901 Nilus
3413 1844 3482 1901 ad
3506 1864 3627 1901 oras

2328 1936 2592 2011 hesperias
2610 1934 2758 2004 finit3
2792 1934 2887 1991 scd
2909 1936 3107 2009 Tethys
3137 1935 3261 1990 solis
3279 1934 3346 1990 ab
3366 1946 3491 1989 ortu

2330 2024 2515 2081 Indica
2528 2024 2827 2081 concludit:
2859 2024 3103 2080 Rubrum
3128 2042 3273 2079 mare
3295 2026 3543 2079 terminat
3563 2036 3801 2079 austrum

2403 2114 2592 2186 Aspice
2612 2130 2757 2168 nunc
2788 2112 2967 2183 igitur,
2996 2111 3129 2166 dum
3158 2111 3319 2167 finem
3350 2111 3584 2167 versibus
3605 2124 3753 2167 ortu·

2334 2200 2611 2273 pervenio,
2638 2209 2879 2273 retegens
2906 2199 3001 2254 tibi
3034 2198 3169 2253 veris
3194 2199 3377 2254 omnia
3396 2198 3557 2254 rebus
3574 2241 3589 2263 ,

2337 2287 2589 2361 incipiens
2607 2287 2769 2359 Syrie
2799 2286 2953 2341 terris
2968 2326 2983 2353 ,
3013 2303 3119 2358 qua
3145 2296 3293 2359 parte
3320 2285 3527 2359 reliqui.

2338 2377 2472 2443 Quae
2492 2413 2509 2440 ,
2531 2372 2744 2447 pelagus
2768 2390 2929 2446 supra
2953 2371 3055 2426 sub
3088 2370 3251 2426 solem
3273 2373 3434 2445 vergit
3460 2372 3528 2427 ad
3556 2384 3761 2429 austros
3786 2416 3801 2439 ,

2342 2461 2561 2517 urbibus
2592 2472 2647 2515 et
2666 2460 2843 2515 multis
2861 2459 3129 2515 habitatur
3160 2476 3176 2513 ι
3198 2462 3415 2515 nomine
3439 2463 3617 2534 prisco

2342 2566 2463 2621 quae
2484 2548 2624 2603 Cava
2650 2546 2911 2617 vulgatur,
2939 2546 3167 2601 mediam
3186 2547 3310 2618 quia
3329 2547 3551 2602 collibus
3574 2549 3695 2603 altis

2344 2646 2503 2709 atque
2530 2634 2787 2689 humilem
2815 2634 3049 2689 Libanus
3074 2633 3273 2689 claudit
3298 2645 3573 2708 protentus
3600 2638 3655 2691 in
3682 2649 3879 2705 ortum,

2343 2740 2695 2795 occasumque
2709 2732 2893 2795 petens
2919 2722 3131 2789 Casius;
3156 2722 3441 2795 multisque
3468 2724 3705 2779 virorum

2344 2810 2595 2867 incolitur
2620 2810 2828 2885 populis
2862 2810 3209 2883 locupletibus
3236 2809 3372 2865 alma
3394 2808 3689 2884 diremptis.

2347 2916 2577 2971 namque
2602 2898 2690 2953 alii
2714 2896 2902 2953 mediis
2926 2898 3165 2953 habitant
3184 2897 3385 2953 telluris
3420 2898 3474 2951 in
3500 2899 3639 2952 arvis

2344 2990 2547 3061 hosque
2570 2988 2729 3060 Syros
2758 2987 2973 3060 proprie
2990 2986 3307 3059 perhibent3
3328 2985 3418 3039 sed
3445 2986 3595 3041 litora
3616 2985 3767 3059 juxta

2344 3078 2616 3132 Phoenices
2642 3076 2861 3141 vivunt,
2894 3074 3054 3129 veteri
3076 3074 3391 3145 cognomine
3410 3072 3538 3129 dicti
3557 3114 3574 3141 ,

2344 3182 2477 3235 quos
2506 3164 2649 3217 misit
2669 3161 2941 3235 quondam
2968 3180 3117 3217 mare
3145 3161 3389 3216 Rubrum
3417 3161 3664 3216 laudibus
3687 3172 3871 3217 auctos
3891 3202 3909 3229 ,
3941 3162 4059 3217 845

2344 3248 2591 3304 Chaldaeo
2618 3248 2845 3302 nimium
2868 3245 3167 3301 decoratam
3198 3248 3451 3318 sanguine
3472 3258 3699 3318 gentem,

2343 3336 2653 3408 arcanisque
2684 3336 2783 3389 Dei
2808 3333 3121 3389 celebratam
3146 3333 3351 3405 legibus
3376 3352 3539 3389 unam
3572 3350 3587 3389 ε

2344 3425 2437 3497 qui
2457 3422 2673 3497 pelagus
2698 3421 2859 3495 primi
2885 3431 3149 3477 tentantes
3173 3421 3394 3476 navibus
3426 3422 3542 3477 altis

2344 3510 2630 3585 disjunctas
2646 3522 2824 3585 gentes
2850 3509 3146 3567 docuerunt
3162 3508 3385 3583 jungere
3400 3528 3629 3567 mercem
3648 3552 3665 3581 ,

2346 3611 2399 3655 et
2424 3600 2585 3674 primi
2606 3598 2768 3655 stellis
2794 3616 3046 3653 numeros
3074 3616 3377 3671 nomenque
3405 3596 3668 3653 dederunt
3684 3639 3699 3667 ,

2348 3700 2505 3762 atque
2523 3688 2689 3743 oculis
2716 3688 2985 3759 (mirum)
3011 3705 3163 3741 voces
3186 3688 3382 3742 sentire
3409 3687 3608 3757 figuris.

2350 3776 2419 3829 Hi
2444 3794 2629 3830 muros
2652 3778 2809 3849 lopes
2834 3776 3138 3847 Gazamque
3158 3785 3214 3828 et
3238 3771 3421 3828 Elaida
3443 3772 3710 3845 complent
3724 3814 3741 3839 ,

2352 3865 2725 3938 antiquamque
2738 3866 2943 3937 Tyrum
2963 3903 2978 3930 ,
3000 3864 3179 3936 Beryti
3206 3873 3261 3918 et
3288 3863 3481 3917 moenia
3508 3872 3669 3933 gratae
3684 3902 3701 3927 ,

3914 692 4036 779 (ῦὸ)

3936 2724 4051 2777 840

3946 3600 4061 3655 eso

3947 3765 4067 3843 (⁰¹⁰)

2354 3954 2685 4025 vicinamque
2708 3952 2843 4007 mari
2860 3951 3049 4025 Byblin
3064 3992 3080 4017 ,
3101 3949 3405 4024 Sidonaque
3428 3950 3703 4023 pulchram
3722 3989 3739 4015 ,

2355 4058 2513 4113 quam
2534 4038 2687 4113 juxta
2706 4037 2913 4112 liquido
2929 4040 3221 4093 Bostrenus
3241 4038 3449 4109 gurgite
3466 4038 3634 4092 currit
3650 4077 3666 4101 ,

2355 4138 2411 4182 et
2443 4128 2693 4201 pinguem
2712 4127 2987 4200 Tripolin,
3008 4144 3109 4181 nec
3135 4144 3244 4180 non
3276 4123 3565 4180 Orthosida
3588 4140 3787 4177 sacram
3802 4160 3818 4187 ,

2362 4214 2629 4271 Laodicen
2648 4216 2847 4288 pariter
2862 4216 3087 4287 positam
3108 4231 3278 4287 prope
3298 4212 3423 4267 litus
3441 4230 3709 4267 amoenum
3725 4251 3742 4277 ,

2360 4312 2413 4357 et
2434 4300 2613 4359 Posidi
2638 4312 2811 4357 turres
2822 4294 2851 4367 ,'
2872 4312 2925 4357 et
2946 4301 3195 4375 Daphnes
3212 4300 3411 4375 optima
3441 4310 3636 4373 tempe.

2360 4392 2639 4447 Terrarum
2666 4390 2855 4447 mediis
2874 4395 3117 4465 Apameae
3147 4391 3341 4446 moenia
3364 4389 3515 4445 clarae
3533 4430 3549 4456 ,

2362 4478 2429 4534 ad
2453 4478 2606 4552 cujus
2632 4490 2807 4553 partes
2828 4496 2949 4534 eoas
2974 4480 3142 4533 currit
3168 4480 3395 4533 Orontes
3411 4515 3428 4544 ,

2365 4566 2615 4623 Antiochi
2642 4564 2851 4621 medius
2878 4564 3081 4619 dirimit
3100 4566 3195 4639 qui
3219 4565 3427 4636 gurgite
3448 4580 3627 4634 regna.

2367 4656 2493 4710 Haec
2510 4654 2685 4710 omnis
2702 4654 2887 4727 pingui
2918 4653 3067 4708 tellus
3092 4664 3172 4707 est
3193 4652 3356 4707 ubere
3382 4651 3497 4706 laeta
3513 4690 3530 4718 ,

2366 4743 2647 4799 arboribus
2675 4742 2873 4817 pariter
2896 4743 3182 4815 pecorique
3208 4750 3263 4795 et
3286 4737 3566 4795 commoda
3592 4738 3710 4793 viti.

2366 4828 2435 4885 ad
2460 4828 2613 4903 cujus
2638 4828 2771 4885 fines
2794 4830 3007 4884 veniens
3027 4869 3042 4891 ,
3064 4846 3202 4902 quos
3226 4829 3473 4882 terminat
3490 4835 3686 4892 auster,

2368 4918 2549 4975 Arabii
2573 4937 2754 4973 cernes
2781 4918 3000 4972 extremi
3018 4918 3171 4971 litora
3197 4916 3367 4989 ponti,

2369 5006 2461 5077 qui
2479 5006 2683 5078 Syriam
2712 5002 2917 5059 medius
2944 5002 3272 5058 disterminat
3293 4999 3679 5071 Arabiamque,

2370 5104 2423 5147 et
2447 5093 2617 5163 tangit
2644 5108 2863 5163 vergens
2888 5090 3145 5145 orientem
3164 5104 3349 5143 versus
3370 5086 3586 5142 Elanos.

2372 5183 2531 5236 Dives
2554 5179 2723 5237 Arabs
2742 5190 2861 5253 post
2885 5196 3019 5252 quos
3032 5178 3288 5233 latissima
3314 5173 3550 5250 possidet
3568 5192 3693 5229 arva
3712 5214 3729 5240 ,

2372 5286 2491 5341 quae
2518 5276 2760 5341 protenta
2778 5265 2873 5319 diu
2905 5265 3193 5337 cinguntur
3218 5264 3285 5318 ab
3313 5282 3527 5337 aequore
3557 5260 3755 5317 Partho

2375 5356 2678 5429 Arabioque
2696 5396 2713 5423 ,
2745 5355 2860 5410 serit
2887 5354 3149 5429 zephyrus
3174 5352 3320 5427 quod
3351 5352 3561 5407 flamine
3584 5366 3759 5416 soevo3

3822 4058 3829 4067 ·
3948 4036 4064 4090 855

3954 4290 4083 4376 (sis)

3956 4476 4073 4531 sao

3960 4549 4083 4625 (πο)

3958 5346 4076 5401 sto
