4584 6284
1781 440 2133 504 ANAPLUS
2177 438 2493 500 BosPom
2534 434 2875 497 Tuntcu.
3890 440 3927 490 υ

734 585 860 640 Sera
893 579 1068 636 fidis.-

738 601 903 724 aetati:
923 664 1188 738 appellant
1209 661 1346 716 Dios
1363 666 1544 725 Sacra,
1568 660 1744 714 fanum
1771 661 1916 714 Jovis
1941 658 2098 712 fuisse
2126 655 2290 710 videri

739 763 909 827 potest
927 793 944 816 ,
979 750 1272 824 praesertim
1301 765 1423 801 cum
1449 763 1606 819 supra
1633 744 1717 810 id,
1756 745 1900 817 quod
1929 763 2070 798 nunc
2105 751 2295 797 vocant

741 831 932 912 Ἱερόν,
957 841 1228 910 Bosporus
1255 845 1436 908 pergat
1455 843 1704 904 angustus
1727 833 1862 886 ultra
1898 831 2007 887 duo
2044 830 2289 892 miliaria,

742 927 996 980 nimirum
1038 939 1210 994 usque
1257 919 1326 974 ad
1361 919 1492 974 Dios
1533 923 1723 983 Sacra,
1761 916 1894 972 adeo
1921 927 1979 971 ut
2013 917 2088 970 ibi
2121 915 2295 988 aliqua

742 1015 888 1070 Jovis
910 1031 1004 1067 ara
1029 1009 1208 1066 suerit.
1278 1011 1476 1064 Tamen
1500 1007 1748 1079 templum
1772 1005 1916 1062 Jovis
1945 1005 2084 1073 Urii,
2115 1005 2296 1060 termi-

741 1117 845 1154 nus
873 1099 1098 1171 Bospori
1123 1095 1192 1150 ab
1219 1094 1520 1150 auctoribus
1547 1092 1846 1156 celebratus,
1877 1091 1980 1146 iilic
2008 1108 2116 1146 non
2157 1089 2294 1155 suit,

746 1196 800 1240 et
835 1194 1066 1239 erratum
1101 1201 1214 1238 esse
1247 1183 1303 1236 in
1343 1180 1686 1236 Straboniano
1711 1177 1890 1234 codice
1911 1175 1992 1232 vel
2033 1194 2100 1231 ex
2133 1178 2298 1248 ipsius

749 1270 1022 1327 Strabonis
1045 1268 1214 1324 verbis
1233 1268 1423 1341 liquet,
1440 1285 1562 1322 cum
1582 1266 1655 1322 ait
1673 1264 1814 1338 apud
1835 1263 2084 1336 templum
2101 1267 2298 1336 Byzan·

753 1358 948 1414 tiorum
975 1367 1030 1412 et
1053 1353 1518 1410 chalcedoniorum
1547 1352 1736 1408 fretum
1767 1351 2150 1407 strictissimum
2185 1367 2299 1404 esse

753 1445 914 1498 totius
928 1441 1178 1514 Bospori,
1195 1437 1252 1494 id
1274 1438 1420 1512 quod
1435 1457 1543 1494 non
1569 1448 1647 1493 est
1663 1437 1804 1510 apud
1825 1437 2003 1492 sinum
2024 1453 2299 1508 nuncupa·

755 1541 868 1584 tum
889 1529 1021 1584 Dios
1039 1534 1216 1590 Sacra,
1249 1537 1362 1582 tum
1379 1525 1542 1596 magis
1568 1543 1634 1578 ex
1655 1524 1880 1579 Arriano
1903 1521 2121 1596 (Peripl.
2147 1526 2178 1592 S
2203 1523 2292 1593 37)

757 1614 992 1670 tradente
1032 1617 1258 1686 Cyaneas
1291 1612 1630 1684 quadraginta
1663 1608 1828 1664 stadia
1871 1607 2064 1664 distare
2103 1628 2134 1664 a
2176 1609 2300 1663 sano

756 1701 900 1758 Jovis
919 1700 1034 1754 Urii
1052 1739 1068 1765 ,
1092 1698 1184 1754 ubi
1212 1697 1352 1753 idem
1387 1697 1558 1752 totius·
1572 1696 1793 1768 Bospori
1821 1713 1880 1750 os
1907 1695 2299 1750 strictissimum

1094 577 1454 648 Quamobrem
1494 576 1550 629 in
1583 575 1722 640 sinu,
1743 591 1902 645 quem
1940 572 2107 627 Graeci
2133 570 2292 642 hujus
2376 571 2485 624 sive
2510 565 2749 637 intelligit
2770 567 3001 637 Cyaneas
3022 573 3233 630 cautes,
3258 565 3525 632 cingentes
3550 563 3845 634 Bosporum
3878 571 3933 616 et

2380 653 2801 728 promontorium
2830 659 3195 721 nuncupatum
3240 651 3471 714 Fanum,
3522 647 3611 703 ubi
3654 649 3934 722 scriptores

2380 741 2531 812 longe
2548 739 2868 810 antiquiores
2890 736 3078 791 dicunt
3098 735 3353 790 duntaxat
3370 746 3599 808 quatuor
3622 735 3793 790 stadia
3808 736 3934 790 latas

2381 847 2491 883 esse
2518 828 2779 897 angustias
2801 865 2817 890 ,
2842 841 2999 895 supra
3026 840 3157 895 quas
3185 824 3421 878 eminent
3458 821 3569 878 duo
3600 824 3837 890 castella,
3866 824 3939 878 al-

2382 927 2555 970 terum
2580 932 2645 968 ex
2671 913 2795 970 Asia
2812 953 2827 979 ,
2847 911 3069 966 alterum
3096 928 3163 965 ex
3180 912 3395 983 Europa
3408 951 3425 978 ‚
3446 929 3565 983 quae
3582 912 3752 966 Graeci
3774 929 3938 986 usque

2380 1002 2447 1058 ad
2471 1004 2615 1057 hunc
2630 1001 2771 1056 diem
2788 1009 2975 1054 vocant
2994 989 3156 1072 Ἱερά,
3170 996 3262 1052 ubi
3280 997 3495 1069 antiqua
3508 997 3624 1052 sana
3644 997 3801 1054 fuisse
3814 1017 3939 1056 cum

2380 1108 2444 1144 ex
2468 1087 2743 1144 antedictis
2758 1104 3025 1158 assequor,
3051 1097 3167 1141 tum
3188 1103 3257 1139 cx
3280 1083 3409 1138 meis
3435 1085 3601 1138 oculis
3621 1095 3675 1138 et
3692 1085 3935 1156 pedibus,

2382 1177 2573 1250 quibus
2588 1175 2721 1231 infra
2734 1172 3005 1231 ostendam
3013 1171 3081 1227 ab
3091 1172 3289 1226 ultimis
3300 1171 3523 1244 Bospori
3540 1169 3813 1226 saucibus·
3800 1183 3941 1228 mter

2383 1266 2765 1322 chalcedonem
2794 1275 2845 1319 et
2870 1264 3177 1336 Byzantium
3204 1261 3317 1314 sitis
3340 1259 3407 1314 ad
3430 1259 3635 1315 castella
3660 1249 3801 1332 Ἱερά
3828 1279 3941 1316 esse

2384 1363 2593 1408 centum
2626 1363 2681 1406 et
2707 1351 2889 1421 viginti
2925 1346 3123 1404 stadia·
3152 1364 3383 1419 quorum
3410 1347 3543 1400 situs
3570 1347 3802 1402 ostendit
3826 1348 3941 1402 nul-

2384 1442 2493 1496 lum
2516 1439 2735 1494 locum
2720 1456 2775 1492 ιιι
2796 1440 3035 1510 Bosporo
3056 1445 3165 1489 tam
3192 1444 3375 1506 aptum
3398 1451 3511 1487 esse
3528 1432 3597 1488 ad
3620 1433 3940 1490 obsidendas

2384 1530 2603 1602 Bospori
2644 1526 2816 1582 fauces
2849 1543 3007 1598 quam
3050 1523 3195 1578 locus
3226 1523 3319 1577 ubi
3344 1521 3507 1576 hodie
3535 1513 3701 1594 Ἱερὸν
3723 1521 3939 1590 dicitur,

2385 1612 2673 1685 ejusmodi,
2705 1613 2871 1686 qualis
2894 1630 2923 1667 a
2950 1610 3169 1684 Polybio
3195 1607 3527 1664 describitur.
3560 1632 3583 1655 ι
3608 1609 3807 1663 Fanum
3833 1627 3945 1665 esse

2386 1700 2515 1754 dicit
2552 1699 2728 1754 locum
2784 1709 2969 1752 natura
3008 1695 3419 1751 munitissimum
3436 1733 3451 1758 ,
3480 1695 3643 1748 situm
3682 1695 3737 1748 in
3788 1697 3945 1750 Ponti

751 1807 864 1844 esse
885 1787 1042 1852 dicit,
1070 1785 1368 1859 ibidemque
1393 1803 1504 1840 esse
1531 1783 1722 1839 ostium
1750 1783 1908 1838 Ponti
1930 1781 2098 1840 addit.
2173 1781 2300 1838 Pbi-
2387 1791 2539 1852 ostio,
2564 1805 2721 1861 quem
2746 1787 2981 1860 Byzantii
3011 1786 3207 1857 ingenti
3235 1785 3455 1856 pecunia
3484 1783 3699 1837 mercati
3730 1783 3949 1840 fuissent

753 1878 994 1932 lostratus
1021 1886 1075 1931 et
1108 1875 1394 1947 Dionysius
1426 1871 1710 1946 Byzantius
1734 1870 1920 1926 dicunt
1945 1889 2053 1926 esse
2077 1882 2307 1944 quatuor
2370 1871 2766 1947 opportunitate
2776 1870 2875 1925 loci
2892 1869 3113 1944 pellecti,
3130 1887 3197 1923 ne
3212 1869 3369 1924 ullam
3390 1887 3641 1942 cuiquam
3654 1868 3949 1926 commodi·

755 1962 1064 2018 stadiorum.
1094 1969 1164 2018 At
1187 1960 1464 2033 objicietur
1484 1961 1730 2034 Polybius
1755 1963 1833 2026 (4,
1873 1960 1959 2029 39,
1991 1964 2048 2028 6)
2069 1957 2305 2013 scribens
2372 1974 2531 2019 tatem
2548 1959 2908 2033 relinquerent
2934 1959 2989 2014 in
3006 1960 3241 2013 Pontum
3268 1955 3351 2014 rel
3364 1975 3433 2013 ex
3450 1959 3627 2013 Ponto
3640 1957 3945 2030 navigandi,

755 2053 932 2106 sanum
972 2053 1118 2108 Jovis
1153 2050 1348 2104 distare
1390 2048 1459 2104 ab
1485 2051 1698 2122 Europa
1737 2045 2020 2103 duodecim
2059 2043 2299 2110 mdiv,

2392 2049 2489 2102 nisi
2510 2046 2567 2101 id
2592 2065 2717 2102 cum
2738 2047 3011 2102 voluntate
3034 2043 3227 2098 faceret
3254 2043 3648 2115 Byzantiorum.
3680 2064 3703 2093 ι
3730 2045 3783 2097 Is
3802 2043 3949 2098 locus

753 2139 1028 2210 objicietur
1053 2140 1212 2193 etiam
1245 2139 1532 2210 Procopius
1547 2177 1564 2204 ,
1589 2135 1800 2192 tradens
1827 2137 2003 2191 Asiam
2025 2145 2182 2206 atquc
2205 2133 2309 2188 En·
2392 2138 2435 2190 si
2462 2135 2529 2190 ad
2552 2136 2873 2207 superiorem
2897 2133 3051 2187 Ponti
3072 2131 3369 2196 introitum,
3396 2133 3833 2186 inter-currentem
3863 2133 3945 2186 in·

754 2245 940 2302 ropam
979 2227 1180 2283 circum
1230 2224 1478 2300 Abydum
1523 2235 1576 2280 et
1637 2227 1838 2282 Sestum
1883 2241 2046 2296 prope
2081 2223 2218 2276 inter
2254 2239 2312 2276 se
2395 2235 2473 2278 ter
2484 2223 3015 2296 Myrleiumetsinum
3030 2229 3389 2292 nuncupatum
3405 2219 3535 2273 Dios
3554 2219 3727 2283 Sacra,
3750 2217 3949 2286 suisset,

759 2313 1005 2369 acoedere
1021 2352 1037 2379 ‚
1067 2315 1366 2383 iterumque
1413 2313 1552 2366 circa
1587 2311 1894 2384 Byzantium
1927 2320 1980 2364 et
2023 2308 2309 2364 Chalcedo-
2398 2310 2489 2364 ubi
2512 2311 2777 2380 Bosporus
2790 2307 2985 2378 largior
3010 2319 3064 2362 et
3078 2307 3247 2362 multo
3260 2306 3497 2379 rapidior
3514 2317 3569 2361 et
3586 2305 3823 2379 undique
3848 2307 3955 2362 sere

761 2417 888 2454 nem
925 2416 1095 2470 usque
1133 2397 1204 2452 ad
1243 2409 1416 2469 petras
1446 2397 1676 2469 Cyaneas
1708 2395 1834 2451 olim
1875 2395 2178 2468 appellatas,
2221 2394 2313 2448 ubi

763 2483 946 2540 fanum
969 2501 1114 2538 nunc
1135 2484 1206 2537 ita
1227 2483 1560 2556 appellatum.
1633 2484 1696 2536 In
1719 2481 1802 2536 his
1822 2481 1962 2534 enim
1985 2481 2112 2535 locis
2133 2479 2315 2535 decem

763 2569 1061 2626 stadiorum
1087 2569 1358 2624 intervallo
1388 2585 1556 2640 eoque
1583 2568 1756 2622 minus
1785 2577 2008 2638 utraque
2045 2567 2317 2620 continens

765 2667 1037 2732 separatur
1054 2657 1124 2712 ab
1153 2656 1334 2714 altera.
1409 2655 1618 2726 Quibus
1652 2653 1868 2727 objectis
1891 2651 2318 2727 respondendnm

765 2755 844 2800 est
879 2761 992 2798 non
1017 2743 1305 2817 intelligere
1330 2742 1608 2817 Polybium
1654 2741 1722 2796 de
1749 2739 2026 2797 latitudine
2059 2743 2281 2814 Bospori
2301 2781 2318 2807 ,

763 2831 856 2887 sed
881 2831 951 2886 de
985 2831 1234 2886 distantia
1271 2830 1378 2886 sani
1406 2830 1475 2886 ab
1499 2831 1744 2903 Europa3
1783 2827 1890 2882 sani
1917 2829 2059 2882 enim
2102 2847 2195 2884 arx
2223 2831 2321 2883 sita

767 2918 866 2972 suit
891 2918 946 2974 in
967 2917 1249 2990 supercilio
1259 2918 1630 2991 promontorii,
1647 2915 1740 2969 ubi
1758 2915 1914 2970 etiam
1932 2931 2076 2968 nunc
2092 2926 2320 2970 castrum

767 3017 873 3073 est,
905 3005 1054 3078 quod
1093 3005 1278 3078 vulgus
1323 3007 1480 3060 etiam
1508 3005 1812 3060 Graecorum
1863 3003 2103 3056 nominat
2129 2993 2319 3073 Ἱερόν,

767 3090 823 3145 id
850 3101 928 3145 est
949 3094 1182 3156 Fanum3
1205 3101 1313 3156 aut,
1345 3092 1388 3144 si
1415 3089 1655 3162 intelligit
1679 3088 1858 3144 fanum
1877 3087 2030 3160 juxta
2047 3089 2171 3143 litus
2189 3091 2323 3144 Bos·

767 3179 884 3250 pori
905 3179 1065 3232 situm
1081 3217 1097 3243 ,
1123 3177 1318 3232 codicis
1340 3176 1610 3250 Polybiani
1627 3185 1858 3230 erratum
1883 3193 2012 3242 esse,
2033 3185 2127 3230 aut
2149 3177 2320 3249 ipsum

771 3281 944 3319 errare
959 3262 1212 3330 dicemus,
1232 3265 1546 3334 Procopium
1563 3273 1734 3316 autem
1753 3279 1970 3334 prorsus
1987 3281 2018 3316 a
2037 3280 2154 3316 vera
2173 3279 2325 3318 men·

771 3369 895 3407 sura
912 3351 1170 3414 aberrare,
1191 3353 1300 3405 sive
1313 3352 1552 3422 intelligit
1567 3350 1635 3404 de
1647 3349 1919 3406 intervallo
1937 3351 2074 3405 inter
2091 3352 2324 3424 Cyaneas

776 3438 877 3492 sito
893 3477 909 3503 ,
938 3439 1075 3491 inter
1099 3455 1228 3509 quas
1255 3436 1444 3491 fretum
1471 3435 1796 3490 intercedens
1817 3453 1880 3490 ex
1905 3435 2160 3491 Strabone
2177 3447 2228 3492 et
2255 3457 2321 3492 ex

777 3520 1118 3595 meoiudicio
1145 3533 1282 3594 patet
1323 3524 1378 3577 in
1423 3521 1748 3577 latitudinem
1787 3522 1970 3594 viginti
1997 3522 2319 3590 stadiorum,

778 3707 944 3761 Didot
961 3710 1024 3777 >⁴2
1046 3706 1106 3759 At
1132 3705 1186 3759 δὲ
1205 3705 1410 3758 Koa-em
1434 3705 1552 3775 πρὸς
1575 3709 1645 3776 τῷ
1671 3703 1878 3774 στόματι
1899 3708 1986 3758 τοῦ
2023 3705 2208 3758 Πόντου
2228 3704 2323 3758 εἰσὶ

782 3785 868 3839 δύο
887 3785 1104 3853 νησίδια,
1128 3784 1186 3838 το
1216 3785 1301 3856 μὲν
1321 3787 1384 3856 τῇ
1401 3783 1608 3856 Εὗρώπῃ
1631 3783 1886 3853 προσεχίς,
1911 3781 1970 3836 τὸ
1994 3782 2046 3836 δὲ
2063 3786 2124 3854 τῇ
2159 3782 2290 3854 Ἆσίᾳ
2306 3825 2321 3850 ,

783 3863 990 3933 πορθμῶ
1029 3861 1338 3932 διειργόμενα
1375 3861 1490 3913 ὅσον
1527 3857 1680 3912 εἴκοσι
1719 3858 1950 3913 σταδίων.
1984 3859 2230 3914 Τοσοῦτον
2277 3860 2331 3914 δὲ

779 3941 938 4012 διέχει
959 3938 1140 3992 καὶτοῦ
1159 3939 1289 4010 ἱερου
1306 3945 1402 3994 των
1419 3937 1697 4001 Βυζαντίων
1723 3938 1807 3990 καὶ
1827 3941 1913 3990 τοῦ
1939 3937 2071 4008 ἱεροῦ
2089 3944 2176 3992 τοῦ
2199 3939 2333 3993 Χαλ-

780 4019 1044 4088 κηδονίων·
1079 4019 1198 4089 ὅπερ
1219 4019 1284 4088 (l.
1313 4013 1460 4090 comp
1482 4035 1604 4072 cum
1620 4018 1854 4088 Corayo)
1876 4015 1979 4070 ἔστι
2002 4022 2088 4070 τοῦ
2105 4017 2331 4081 Εὐξείνου

785 4093 844 4148 τὸ
866 4095 1192 4148 στενωτατον·
1220 4094 1435 4165 προιόντι
1453 4073 1568 4164 γὰρ’
1575 4094 1690 4146 δέκα
1716 4093 1934 4156 σταδίους
1955 4093 2076 4164 ἄκρα
2095 4093 2198 4148 icti
2220 4115 2335 4150 πεν-

784 4173 1045 4228 vanam
1066 4175 1276 4226 ποιοῦσα
1299 4172 1386 4226 τὸν
1408 4173 1659 4244 πορθμόν,
1687 4169 1734 4225 εἶ
1737 4189 1796 4223 τα
1821 4170 2104 4226 διίσταται
2083 4191 2161 4228 sm
2185 4172 2335 4229 πλέον

783 4252 868 4306 καὶ
887 4252 1048 4306 ποιειν
1070 4250 1276 4324 ἄρχεται
1293 4248 1383 4317 τὴν
1403 4250 1734 4322 Προποντίδα.
1758 4249 1867 4304 {tab
1885 4245 2040 4322 pis*
1985 4271 2071 4304 ουν
2091 4255 2175 4318 τῆς
2191 4252 2339 4325 ἄκρας

785 4333 870 4398 τῆς
891 4329 950 4384 τὸ
972 4329 1322 4385 πενταστάδιον
1351 4330 1582 4398 ποιούσης
1597 4327 1676 4382 ἐπὶ
1693 4327 1778 4382 τὀν
1803 4327 1896 4383 ὑπὸ
1917 4332 1980 4401 τῇ
2010 4329 2140 4402 Συκῇ
2158 4330 2337 4384 καλού-

783 4429 934 4484 μενον
959 4409 1136 4482 λιμένα
1157 4409 1346 4463 στάδιοι
1367 4409 1508 4464 πέντε
1530 4408 1615 4463 καὶ
1634 4409 1921 4480 τριάκοντα,
1950 4407 2167 4464 ἔντεῦθιν
2188 4411 2232 4464 δ’
2261 4412 2341 4467 ἐπὶ

785 4489 844 4544 ab
872 4489 1022 4561 Κέρας
1037 4492 1135 4542 τῶν
1162 4487 1438 4552 Βυζαντίων
1473 4489 1637 4544 πόντι.
1661 4490 1724 4542 In
1741 4486 1826 4542 his
1843 4506 1944 4561 pro
1971 4492 2204 4544 τοσοῦτον
2239 4489 2338 4562 legi

790 4569 942 4623 velim
964 4568 1036 4630 δὶς
1057 4571 1318 4634 τοσοῦτονς
1347 4579 1488 4623 certe
1521 4568 1594 4630 δὶς
1627 4565 1852 4639 syllaba,
1885 4565 2212 4639 przeoedeute
2243 4569 2343 4641 syl-

785 4646 908 4702 laba
939 4647 1086 4714 διων,
1117 4645 1262 4701 facilc
1293 4643 1506 4700 excidit.
1543 4647 1629 4700 Sic
1653 4645 2004 4700 nanciscimur
2047 4649 2117 4710 4ο
2141 4645 2337 4712 stadia,

793 4737 924 4797 quot
939 4743 1046 4780 esse
1065 4744 1095 4781 a
1110 4725 1326 4799 Cyaneis
1337 4722 1404 4779 ad
1427 4727 1627 4780 Fanum
1641 4725 1762 4779 satis
1780 4735 1920 4779 recte
1940 4723 2153 4780 tradunt
2166 4728 2343 4782 Arria·

791 4805 944 4874 nass
971 4807 1038 4874 37
1064 4822 1118 4876 p.
1144 4810 1242 4870 4οι
1262 4815 1316 4859 et
1331 4807 1636 4876 Anonymus
1657 4807 1771 4862 Per.
1794 4805 2002 4871 Pont.§
2039 4821 2104 4874 9¹
2134 4821 2188 4876 p.
2212 4809 2338 4869 422.

789 4883 934 4952 Qua!
966 4880 1208 4954 deinceps
1239 4892 1593 4936 memorantur
1631 4879 1810 4936 decem
1848 4878 2034 4948 stadia,
2067 4883 2338 4953 pertinent

793 4977 962 5032 usqne
985 4958 1054 5014 ad
1089 4960 1217 5014 bod.
1243 4959 1519 5030 Madehjar
1539 4958 1742 5014 Kalmi
1759 4961 1869 5013 sive
1895 4957 1962 5013 ad
1987 4961 2340 5031 Argyronium

793 5055 994 5110 prom„
1013 5039 1105 5092 ubi
1124 5057 1304 5092 revera
1317 5049 1438 5093 sunt
1448 5039 1680 5109 quinque
1691 5038 1982 5092 stadiorum
1993 5039 2262 5108 angustiae.
2281 5041 2339 5095 ln

789 5117 1054 5190 plerisque
1070 5116 1262 5172 tabulis
1285 5116 1454 5172 fauces
1467 5118 1562 5189 ipsi
1580 5117 1706 5172 Fani
1723 5117 2088 5188 promontorio
2101 5115 2343 5189 adjacen-

795 5205 870 5250 tes
881 5195 1114 5268 ejusdem
1137 5213 1352 5269 prorsus
1369 5207 1489 5251 sunt
1505 5195 1790 5252 latitudinis
1805 5217 1819 5262 ς
1834 5194 1924 5250 sed
1939 5195 2114 5269 paullo
2131 5196 2342 5252 latiores

785 5273 1280 5330 exhibetMoltkius.
1297 5273 1440 5329 Idem
1457 5277 1612 5329 etiam
1621 5273 1887 5329 Strabonis
1904 5284 2086 5329 auctor
2103 5277 2386 5329 statuisse·

2402 2413 2555 2469 rupes
2575 2404 2869 2468 praeruptae,
2890 2411 2998 2450 non
3015 2404 3121 2448 tam
3146 2395 3241 2466 ipsi
3260 2395 3389 2448 alios
3412 2393 3772 2465 impedissent,
3794 2412 3953 2466 quam

2400 2485 2701 2556 semetipsos
2726 2500 2835 2536 non
2861 2481 3111 2536 habentes
3134 2500 3305 2552 neque
3325 2480 3665 2536 commodum
3690 2500 3957 2537 accessum

2406 2589 2575 2644 neque
2600 2581 2835 2643 portum.
2910 2568 3065 2624 Adde
3090 2567 3237 2642 quod
3262 2569 3502 2624 hostibus
3528 2569 3957 2626 commoditatem

2404 2659 2731 2730 reliquissent
2776 2653 3053 2710 muniendi
3092 2657 3518 2728 promontorium
3564 2655 3709 2727 quod
3752 2658 3957 2711 Fanum

2404 2746 2689 2800 etiamnum
2718 2743 3005 2816 appelletur
3035 2753 3221 2797 natura
3247 2743 3687 2808 munitissimum,
3716 2743 3784 2798 ad
3808 2745 3959 2816 cujus

2404 2831 2604 2887 radices
2644 2831 2839 2886 fretum
2885 2841 2965 2885 est
3006 2829 3429 2900 cognatissimum
3470 2831 3630 2884 totius
3670 2832 3888 2901 Bospori
3912 2829 3957 2884 ³.

2408 2919 2560 2975 Adde
2583 2920 2743 2974 etiam
2759 2919 2863 2974 boc
2882 2919 3305 2991 promontorium
3318 2916 3533 2989 plenum
3554 2917 3721 2972 ruinis
3738 2919 3963 2973 retinere

2406 3007 2579 3063 adhuc
2604 3008 2819 3079 vestigia
2854 3007 3043 3061 veteris
3068 3005 3285 3080 oppidi,
3305 3007 3361 3060 in
3399 3005 3551 3077 cujus
3572 3024 3779 3060 summo
3804 3009 3961 3060 etiam

2406 3113 2549 3150 nunc
2582 3105 2723 3151 extat
2749 3106 2978 3149 castrum
3006 3095 3169 3148 muris
3194 3093 3425 3149 cinctum
3445 3133 3459 3155 ,
3489 3091 3635 3165 quod
3659 3093 3961 3148 Turcorum

2406 3181 2649 3255 prasidio
2674 3181 2950 3252 diligenter
2973 3179 3286 3254 custoditur,
3316 3179 3619 3252 oppositum
3640 3181 3837 3253 oppido
3859 3183 3968 3235 Eu·

2408 3283 2550 3340 ropae
2582 3267 2825 3320 similiter
2850 3268 2905 3320 in
2932 3267 3101 3320 ruinis
3121 3263 3315 3336 jacenti
3348 3282 3361 3319 ε
3393 3261 3541 3336 quod
3580 3281 3703 3318 cum
3728 3267 3965 3336 Byzantii

2410 3363 2645 3408 tenerent
2685 3354 2847 3408 situm
2886 3370 2917 3406 e
2950 3353 3165 3422 regione
3196 3351 3301 3404 iani
3342 3353 3556 3407 Asiatici
3595 3350 3663 3406 ab
3709 3351 3967 3407 Strabone

2408 3439 2693 3512 nuncupati
2705 3436 3473 3511 Chalcedonici‚perspexerunt
3480 3435 3967 3493 commodissimum

2408 3544 2518 3582 esse
2552 3539 2842 3600 utrumque
2878 3535 3057 3581 tenere
3092 3523 3161 3580 ad
3186 3524 3518 3600 occupandas
3548 3526 3793 3582 introitus
3828 3527 3969 3582 Pon·

2412 3705 2635 3762 videtur.
2666 3705 2873 3776 Quodsi
2898 3703 3087 3760 Strabo
3112 3723 3235 3760 cum
3259 3705 3371 3759 aliis
3396 3705 3662 3778 plerisque
3682 3725 3714 3760 a
3741 3710 3885 3763 Fano
3904 3707 3971 3764 ad

2411 3786 2717 3856 Byzantium
2740 3785 3011 3858 exputavit
3034 3784 3203 3838 stadia
3234 3801 3333 3840 120
3351 3823 3367 3850 ,
3396 3783 3465 3838 ab
3491 3787 3743 3856 angustiis
3778 3787 3878 3841 illis
3900 3786 3971 3842 ad

2412 3865 2565 3936 Sycas
2586 3865 2963 3920 essedeberent
2985 3862 3147 3918 stadia
3178 3863 3297 3928 105,
3318 3881 3485 3936 quum
3506 3883 3688 3937 reapse
3704 3867 3813 3921 sint
3830 3868 3969 3922 circa

2420 3959 2537 3996 120.
2568 3941 2901 3996 Emendandi
2922 3957 3046 3994 vero
3072 3941 3205 3994 ratio
3229 3941 3429 3996 facilior
3449 3942 3691 4010 offertur,
3712 3945 3753 3998 si
3780 3945 3970 4000 Strabo

2414 4018 2713 4074 distantiam
2738 4037 2843 4074 nou
2856 4017 2999 4091 justa
3020 4020 3277 4074 minorem
3298 4019 3387 4074 sed
3410 4018 3586 4092 paullo
3604 4019 3857 4092 majorem
3878 4021 3971 4077 de-

2417 4095 2571 4160 derit,
2595 4095 2729 4151 adeo
2755 4107 2812 4150 ut
2824 4113 2923 4169 pro
2946 4097 3084 4150 πέντε
3102 4095 3185 4148 καὶ
3200 4098 3460 4166 τριάκοντα
3477 4098 3847 4168 corrigendum
3864 4101 3977 4155 sue·

2418 4176 2489 4230 rit
2512 4175 2651 4230 πέντε
2668 4175 2751 4229 καὶ
2772 4173 3005 4247 [ἕκατον]
3027 4175 3305 4247 τριάκοντα.
3326 4175 3529 4247 Gyllius
3552 4179 3861 4234 Strabonem
3880 4199 3973 4234 an·

2418 4255 2610 4324 gustias
2626 4256 2895 4312 Panicum
2916 4254 3165 4324 angustiis
3176 4255 3404 4309 Hermaei
3425 4254 3723 4311 confudisse
3747 4261 3971 4331 putavit,

2422 4333 2645 4404 ideoque
2668 4351 2789 4387 cum
2820 4332 3091 4388 Strabonis
3118 4333 3297 4387 stadiis
3336 4333 3401 4388 3⁵
3445 4337 3715 4407 componit
3749 4336 3974 4390 similem

2422 4412 2711 4468 stadiorum
2738 4429 3017 4468 numerum
3040 4429 3197 4486 quem
3220 4413 3541 4467 Sozomenus
3574 4431 3605 4467 a
3633 4415 3885 4486 Byzantio
3906 4414 3975 4471 ad

2422 4493 2721 4547 Hermaeum
2738 4501 3026 4564 computat.
3044 4491 3189 4546 Nihil
3216 4490 3338 4547 inde
3354 4491 3639 4546 lucramur.
3662 4495 3795 4548 Nam
3817 4495 3979 4550 Sozo-

2424 4569 2563 4624 meni
2614 4579 2893 4642 computus
2932 4589 2965 4624 a
2999 4587 3123 4623 vero
3169 4569 3321 4640 longe
3358 4567 3581 4636 recedit,
3620 4581 3673 4625 et
3696 4572 3861 4626 multo
3894 4591 3977 4628 ve·

2424 4649 2563 4703 riora
2601 4647 2713 4720 jam
2759 4647 3056 4702 Herodotus
3100 4648 3191 4717 (4,
3238 4650 3343 4718 88)
3398 4649 3649 4714 narravit,
3680 4651 3981 4704 Hermaeum

2424 4729 2849 4798 promontorium
2880 4725 3058 4780 dicens
3079 4725 3312 4780 medium
3346 4725 3452 4780 sere
3472 4745 3585 4781 esse
3606 4728 3745 4782 inter
3776 4731 3981 4801 Byzan·

2425 4806 2555 4860 tium
2586 4817 2641 4860 et
2662 4807 2883 4860 Fanum.

2497 4900 2549 4942 ιι.
2588 4884 2837 4955 Polybius
2859 4888 2913 4948 4,
2938 4883 3028 4954 39,
3055 4888 3087 4936 6
3118 4901 3133 4938 ε
3163 4882 3232 4936 To
3253 4882 3556 4955 καλοῦμενον
3585 4882 3737 4956 Ἱερὸν
3872 4885 3985 4940 εἰπέ·

2426 4979 2507 5031 χει
2537 4963 2624 5027 τῆς
2652 4959 2884 5032 Εὖρώπης
2914 4959 2993 5014 ἰπὶ
3028 4958 3095 5030 ιβ’
3122 4961 3296 5013 στάδια
3328 4960 3444 5031 πρὸς
3469 4959 3527 5013 rb
3561 4960 3854 5033 καταντικρὺ
3881 4963 3982 5016 asi·

2430 5057 2577 5110 μενον
2601 5039 2893 5110 Σαραπιεῒον
2916 5041 3001 5105 τῆς
3021 5035 3229 5109 Θρᾴκης.

2499 5119 2552 5172 3.
2572 5117 3051 5188 Angustistimum]
3081 5119 3176 5171 Est
3213 5116 3243 5170 5
3282 5115 3607 5187 stadiorum,
3638 5117 3732 5173 sed
3756 5117 3824 5173 ad
3847 5120 3981 5174 Her-

2428 5213 2617 5250 maeum
2634 5214 2690 5269 p.
2722 5195 2891 5250 fauces
2916 5195 3087 5268 paullo
3114 5197 3439 5280 angustiores
3451 5207 3595 5262 sunt,
3614 5207 3863 5268 quattuor
3878 5209 3983 5254 sta·

2425 5275 2633 5329 diorum
2655 5285 2709 5328 et
2724 5272 2955 5330 dimidii.
