4584 6284
1864 554 2212 616 DIONYSII
2254 552 2619 615 BYzAN‘rn

625 693 698 749 V.
728 694 809 747 De
834 690 1037 746 Isthmo
1066 686 1299 743 Ceratini
1323 684 1581 749 recessus',
1608 682 1673 739 de
1696 684 1965 757 sepulchro
1989 682 2189 757 Hippo-
2278 678 2585 754 Byzantium
2609 679 2860 735 deductus
2863 681 3052 751 suerat
3064 722 3080 748 ,
3107 681 3197 737 cui
3219 680 3492 755 Apollinis
3512 700 3602 737 ars
3625 682 3842 757 reliquit

807 776 1005 832 sthenis
1020 816 1035 841 ,
1062 774 1127 829 de
1147 773 1321 845 Sycis,
1361 782 1413 827 et
1438 770 1651 825 delubro
1675 768 2014 843 Amphiarai.

1286 925 1385 983 Fr.
1436 930 1535 981 2⁴.

705 1069 912 1128 Deinde
934 1068 1223 1140 Dionysius
1244 1065 1393 1122 addit
1415 1084 1430 1120 ε
1452 1064 1737 1120 Secundum
1766 1066 1948 1130 locum,
1962 1062 2037 1119 ad
2046 1082 2191 1139 quem

630 1159 830 1217 desinit
873 1173 1102 1213 recessus
1152 1154 1383 1211 Ceratini
1427 1154 1598 1219 sinus,
1649 1153 1839 1227 incipit
1884 1152 2191 1209 Isthmicum

626 1245 1041 1323 promontorium
1061 1284 1076 1311 ,
1107 1255 1345 1318 apertam
1360 1246 1479 1316 jam
1501 1254 1554 1298 et
1574 1242 1795 1297 multam
1828 1238 2191 1314 Propontidem

628 1332 958 1409 prospiciens
972 1372 989 1398 ,
1023 1329 1079 1385 in
1095 1348 1197 1404 quo
1217 1329 1543 1405 sepulchrum
1577 1326 1957 1403 Hipposthenis
1992 1336 2185 1392 exstat,

639 1420 808 1477 herois
824 1418 1147 1490 Megarensis
1158 1458 1173 1481 ,
1194 1436 1230 1472 a
1246 1436 1347 1493 quo
1372 1417 1514 1473 locus
1540 1435 1719 1471 nomen
1736 1414 1957 1490 adeptus
1974 1426 2071 1471 est.

2276 767 2501 824 nominis
2521 768 2837 823 memoriam.
2866 768 2998 823 Inde
3028 782 3110 825 est
3151 769 3300 825 Bolos
3313 809 3329 835 ,
3373 769 3422 825 is
3445 782 3525 825 est
3545 774 3732 844 jactus
3767 771 3842 825 ad

2270 855 2619 931 piscationem
2655 857 2924 912 hibernam
2943 856 3338 933 per-commodus
3381 857 3484 913 loci
3517 870 3712 914 natura
3725 899 3742 922 ,
3783 858 3840 914 in

2274 964 2376 1019 quo
2390 957 2469 1000 est
2495 946 2738 1021 templum
2757 944 2946 1000 Dianoe
2964 945 3218 1017 Lucifera
3237 957 3290 999 et
3325 946 3542 1001 Veneris
3563 945 3799 1001 Placidoe
3815 970 3837 1011 ,-

2276 1030 2616 1087 existimatur
2653 1031 2789 1087 enim
2829 1030 3015 1101 largiri
3063 1044 3331 1087 ventorum
3377 1031 3795 1087 commoditatem
3815 1072 3831 1097 ,

2277 1134 2457 1193 eosque
2477 1119 2795 1176 turbulentos
2802 1119 3037 1195 placare.
3065 1119 3264 1176 Deinde
3280 1131 3360 1175 est
3375 1119 3519 1176 locus
3541 1119 3831 1184 Ostreodes,

2276 1227 2314 1263 a
2340 1208 2506 1274 rebus,
2527 1227 2642 1282 qua
2661 1208 2739 1264 ibi
2737 1208 2888 1282 fiunt
2899 1248 2918 1275 ,
2941 1208 3259 1264 nominatus.
3281 1207 3459 1264 Maris
3483 1208 3622 1264 enim
3638 1206 3836 1263 vadum

2277 1305 2560 1351 ostrearum
2592 1293 2928 1351 multitudine
2949 1295 3382 1351 exalbescentium
3413 1306 3736 1351 constratum
3760 1294 3837 1367 fit

2270 1382 2606 1457 perspicuum
2629 1382 3008 1459 aspicientibus
3034 1382 3260 1438 maxime
3283 1381 3338 1437 in
3363 1381 3750 1457 tranquillitate
3783 1394 3836 1437 et

710 1504 873 1578 Quod
910 1505 1218 1561 Isthmicum
1252 1504 1679 1578 promontorium
1714 1502 1997 1575 Dionysius
2029 1499 2188 1567 dicit,
2277 1468 2448 1543 9⁸5³oe
2477 1480 2762 1526 m‘m·
2821 1467 2930 1524 ⁸⁸⁶⁶
2953 1478 3128 1523 “mem
3164 1468 3306 1524 ’κω
3335 1487 3537 1544 “emp‘'
3559 1467 3664 1523 αἱ(
3699 1468 3844 1543 Ψωᾰ

640 1592 699 1650 id
726 1592 952 1665 intellige
996 1609 1107 1648 esse
1137 1590 1321 1646 collem
1352 1591 1411 1645 in
1438 1606 1545 1663 quo
1582 1606 1726 1644 nunc
1754 1589 1911 1643 situm
1942 1597 2021 1641 est
2044 1588 2193 1659 oppi-

640 1676 774 1735 dum
820 1686 1183 1749 nuncupatum
1208 1674 1411 1731 Galata.
1442 1676 1578 1729 Nam
1618 1676 1663 1729 si
1690 1692 1723 1729 a
1752 1674 1933 1747 primis
1961 1671 2195 1727 saucibus

639 1765 871 1819 Cet-atini
910 1764 1055 1818 sinus
1082 1761 1272 1817 lineam
1302 1761 1519 1817 duceres
1556 1760 1626 1815 ad
1659 1760 1891 1833 ejusdem
1936 1776 2194 1813 recessum

640 1853 919 1919 intimum,
944 1851 1000 1906 in
1024 1868 1130 1923 quo
1156 1860 1277 1905 ante
1309 1849 1424 1905 dixi
1458 1850 1665 1921 regium
1688 1848 1865 1905 navale
1888 1866 2000 1903 esse
2015 1888 2031 1914 ,
2056 1848 2193 1903 intra

640 1937 835 1995 lineam
875 1936 1167 1993 includeres
1194 1934 1377 1991 collem
1410 1935 1705 1993 Galaticum
1722 1976 1738 2001 ,
1780 1955 1845 1991 ex
1887 1934 2039 2007 cujus
2065 1933 2195 2007 jugo

638 2024 1075 2101 prospicientibus
1101 2022 1263 2078 multa
1293 2024 1525 2096 aperitur
1548 2025 1842 2097 Propontis.

1294 2176 1394 2237 Fr.
1440 2182 1533 2235 2⁵.

713 2330 843 2381 Post
878 2324 1323 2401 Hipposthenem,
1360 2325 1535 2398 inquit
1578 2325 1894 2398 Dionysius,
1938 2324 2080 2379 locus
2118 2336 2196 2380 est

638 2412 939 2487 appellatus
982 2410 1196 2484 Sycodes
1243 2430 1279 2467 a
1323 2410 1663 2467 multitudine
1702 2424 1753 2468 et
1802 2412 2197 2488 pulchritudine

634 2500 827 2563 ficuum
846 2501 1091 2556 arborum
1109 2520 1130 2554 .·
1152 2498 1367 2575 quidam
1392 2498 1701 2554 curiosiores
1727 2498 1913 2555 dicunt
1926 2539 1943 2564 ‚
1960 2497 2105 2573 prim
2114 2517 2199 2555 am

630 2585 791 2655 licum
816 2586 1047 2642 arborem
1067 2584 1255 2641 ibidem
1287 2596 1472 2640 natam
1487 2602 1615 2641 esse.

710 2674 913 2729 Locum
946 2672 1091 2727 hunc
1105 2711 1123 2740 ,
1159 2688 1281 2727 cum
1324 2669 1600 2727 declarabo
1634 2670 1887 2743 Sycenam
1926 2671 2192 2743 regionem

634 2757 891 2817 decimam
912 2761 1116 2817 tertiam
1140 2759 1303 2829 urbis,
1328 2756 1601 2815 ostendam
1624 2776 1737 2813 esse
1757 2758 2015 2827 Galatam,
2034 2777 2191 2833 quam

632 2846 761 2902 olim
805 2848 1035 2921 primum
1078 2846 1404 2921 appellarunt
1448 2846 1606 2920 sycas
1621 2886 1641 2913 ,
1686 2856 1807 2919 post
1843 2848 1877 2902 J
1878 2847 2189 2915 ustinianas,

629 2944 894 3006 postremo
920 2936 1105 2990 Petam
1130 2934 1237 2988 sive
1262 2932 1518 2989 Galatam.

1286 3095 1385 3155 Fr.
1435 3104 1531 3156 26.

704 3250 835 3305 Inde
878 3250 1166 3321 Dionysius
1186 3289 1203 3318 ,
1221 3268 1534 3324 persequens
1559 3267 1716 3304 suum
1745 3248 2024 3324 anaplum,
2044 3249 2201 3323 ponit

636 3338 957 3413 Amphiarai
1002 3336 1271 3392 delubrum
1285 3379 1301 3404 ,
1342 3336 1485 3411 quod
1526 3337 1775 3409 Byzantii
1819 3335 2200 3406 Megarensium

636 3424 807 3479 coloni
840 3436 1240 3480 construxerunt
1278 3422 1525 3479 memoria
1555 3435 1607 3480 et
1641 3425 1824 3479 honore
1839 3435 2201 3499 prosequentes

638 3508 963 3584 Amphiarai
983 3507 1149 3565 Oiclei
1152 3509 1357 3581 silium.

714 3594 1093 3669 Amphiaraum
1138 3612 1261 3649 cum
1302 3595 1463 3650 ceteri
1500 3595 1673 3650 Graeci
1728 3605 1841 3651 tum
1876 3596 2201 3667 Megarenses

642 3682 1006 3750 honorarunt,
1030 3679 1193 3737 deum
1212 3692 1274 3736 ut
1296 3681 1552 3737 haberent
1576 3692 1734 3753 atque
1753 3682 1821 3737 ab
1841 3680 1953 3755 ejus
1981 3682 2121 3752 solo,
2148 3684 2201 3739 in

647 3792 757 3848 quo
782 3774 882 3830 fuit
899 3775 1147 3831 humatus
1161 3814 1179 3843 ,
1204 3775 1417 3832 oracula
1436 3784 1693 3847 peterent.

644 3924 743 3980 v1.
767 3927 846 3979 De
869 3923 1073 3980 adibus
1098 3924 1286 3981 Diana
1310 3925 1569 3999 Luciferae
1587 3938 1639 3982 et
1663 3928 1874 3983 Veneris
1900 3926 2134 3983 Placidus
2152 3939 2204 3983 et

746 4009 938 4067 deloco
963 4010 1207 4067 Ostreode
1232 4024 1285 4068 et
1302 4016 1513 4088 Metopo
1531 4024 1583 4068 et
1600 4012 1665 4069 de
1687 4032 1785 4069 ara
1808 4013 2097 4089 Apollinis.

1289 4172 1393 4233 Fr.
1438 4180 1539 4233 27.

711 4327 859 4390 Post,
911 4325 1105 4399 inquit,
1138 4326 1467 4401 Amphiarai
1510 4324 1781 4383 delubrum
1819 4339 1899 4384 est
1920 4328 2204 4405 &naphas

640 4410 802 4477 locus,
829 4412 1041 4468 Auletes
1084 4412 1385 4469 nominatus
1392 4434 1416 4479 ,-
1441 4412 1491 4469 is
1534 4432 1642 4469 una
1674 4434 1792 4471 cum
1833 4413 1963 4472 aliis
2009 4416 2205 4473 colonis

716 4602 810 4655 Fr.
833 4604 920 4666 24.
950 4598 1363 4677 Hipposthenes]
1390 4604 1749 4674 megarensem
1778 4622 1886 4659 non
1913 4603 2037 4658 novi
2067 4605 2198 4678 Hip·

646 4678 955 4754 posthenem
967 4719 985 4747 ,
1026 4678 1121 4734 sed
1162 4682 1545 4755 Hippomenen
1560 4720 1577 4748 ,
1629 4683 1859 4757 Megas-ei
1904 4683 1985 4738 vel
2034 4683 2200 4738 filium

648 4756 672 4830 (
688 4756 955 4813 Theocrit.
987 4758 1040 4822 3,
1068 4761 1168 4827 403
1198 4759 1507 4832 Apollodor.
1541 4760 1604 4827 3,
1652 4780 1717 4832 93
1747 4760 1905 4816 Ovid.
1930 4762 2063 4817 Met.
2104 4778 2196 4831 ιο,

644 4840 815 4909 606),
840 4834 922 4891 vel
944 4847 1144 4911 patrem
1177 4838 1523 4912 (Apollodor.
1554 4839 1616 4907 3,
1658 4840 1742 4907 1⁵,
1766 4842 1860 4913 8).
1888 4840 2201 4914 Hipposthe-

646 4932 773 4970 nem
805 4916 1257 4973 Lacedaemonium
1277 4919 1436 4975 habes
1459 4918 1602 4994 apud
1624 4922 1844 4979 Pausan.
1872 4922 1925 4985 3.
1955 4938 2040 4993 19,
2066 4941 2119 4994 9.
2146 4924 2198 4989 3,

652 4994 715 5050 15
730 5033 747 5062 ,
778 5012 832 5067 7.
862 4996 915 5063 5,
946 4998 999 5065 8,
1025 5016 1080 5068 9.

718 5082 813 5133 Fr.
833 5084 923 5135 26.
947 5080 1271 5155 Amphiarai
1283 5081 1571 5157 delubrum]
1594 5084 1677 5140 Cf.
1701 5085 1989 5159 Hesychius
2006 5090 2200 5159 p.149:

648 5154 948 5231 Ἀμφιαράεω
970 5157 1024 5213 δὲ
1048 5163 1137 5213 τοῦ
1158 5160 1319 5235 ἥρωος
1344 5162 1557 5233 (fanum
1584 5181 1657 5219 sc.
1675 5165 1699 5236 )
1718 5162 1768 5220 iv
1791 5167 1900 5229 ταῖς
1917 5164 2207 5240 λεγομέναις

640 5236 820 5302 Συκαΐς
852 5238 1193 5313 ᾠκοδόμησαν,
1222 5242 1280 5299 αἲ
1314 5241 1405 5313 τὴν
1426 5242 1703 5319 ἕπωνυμίαν
1725 5244 1779 5301 ἐκ
1798 5252 1895 5303 τῶν
1923 5247 2203 5322 συκοφόρων

640 5314 852 5388 δένδρων
880 5314 1123 5382 ἔδίξαντο.
1154 5322 1237 5376 De
1256 5322 1548 5394 Megarensi
1569 5322 1872 5397 Amphiarai
1899 5324 2045 5379 cultu
2064 5324 2205 5398 apud

640 5404 843 5451 veteres
869 5398 1152 5473 scriptores
1186 5400 1321 5456 nihil
1358 5399 1604 5471 traditur,
1633 5415 1887 5476 quantum
1920 5405 2101 5461 sciam.
2126 5406 2206 5460 De

2282 1554 2614 1632 impendatur
2649 1569 2702 1612 et
2763 1556 2814 1611 in
2866 1574 3128 1611 commune
3169 1555 3485 1626 constratur.
3540 1559 3646 1611 Est
3699 1558 3840 1613 enim

2280 1642 2568 1699 luxuriosis
2595 1643 2735 1699 locus
2772 1642 3120 1713 generationis
3164 1654 3452 1699 ostrearum
3484 1642 3839 1700 contendentis

2278 1747 2396 1784 cum
2415 1746 2590 1784 earum
2603 1729 2920 1804 piscatione.
2953 1728 3210 1785 Ostreoda
3233 1728 3400 1783 locum
3415 1728 3618 1805 excipit
3641 1748 3840 1785 numu·

2270 1824 2465 1891 patum
2504 1819 2782 1891 Metopom
2808 1816 2904 1871 hoe
2943 1816 3042 1871 sub
3068 1828 3335 1891 aspectum
3362 1816 3510 1872 urbis
3547 1816 3838 1890 subjectum

2279 1913 2392 1968 est,·
2417 1902 2618 1979 aspicit
2650 1903 2786 1959 enim
2819 1904 3127 1978 Bosporium
3149 1903 3580 1979 promontorium.
3633 1908 3835 1961 Nomen

2282 1991 2484 2047 invenit
2520 2010 2556 2047 a
2565 1993 2774 2067 figura,-
2808 2012 2932 2049 nam
2964 2012 3030 2049 ex
3073 1991 3386 2049 continentis
3420 2005 3580 2068 parte
3611 1993 3836 2069 planum

2278 2087 2359 2132 est
2384 2078 2597 2133 terrenis
2624 2079 2873 2144 tumulis,
2899 2090 3138 2154 exparte
3162 2078 3352 2144 maris,
3379 2077 3578 2135 declive
3611 2091 3662 2135 et
3696 2098 3838 2155 proe·

2276 2180 2397 2238 ceps
2419 2184 2441 2219 .·
2467 2182 2570 2219 non
2596 2176 2766 2221 tamen
2794 2162 2972 2220 divini
2995 2164 3284 2221 testimonii
3304 2182 3488 2241 expers
3513 2177 3592 2221 est
3604 2186 3627 2230 ,-
3647 2163 3834 2220 etenim

2278 2249 2429 2326 apud
2449 2250 2620 2326 ipsum
2649 2251 2843 2308 colitur
2873 2251 3086 2327 Apollo.

2349 2338 2432 2391 Ex
2457 2336 2539 2391 his
2565 2337 2802 2411 Dionysii
2839 2338 3012 2393 verbis
3037 2340 3233 2394 scimus
3257 2342 3512 2413 Metopon
3548 2358 3660 2395 mse
3697 2340 3842 2395 fron·

2278 2432 2386 2477 tem
2410 2433 2532 2477 ante
2547 2422 2693 2478 urbis
2710 2422 2890 2481 oculos
2911 2425 3134 2497 positam
3147 2465 3164 2493 ,
3191 2442 3350 2497 qnam
3368 2426 3516 2497 prius
3534 2427 3634 2480 nisi
3661 2428 3839 2497 cogni·

2278 2518 2386 2563 tam
2425 2508 2736 2577 habeamus,
2770 2510 2976 2582 assequi
3015 2512 3321 2582 nequimus,
3347 2511 3553 2565 intrane
3581 2510 3842 2584 oppidum

2278 2592 2513 2649 Galatam
2529 2632 2546 2661 ,
2580 2612 2649 2648 an
2690 2593 2847 2668 paulo
2873 2612 2944 2649 an
2975 2593 3128 2667 longe
3171 2605 3318 2650 extra
3363 2595 3601 2650 Galatam
3645 2594 3841 2651 suerint

2277 2680 2472 2755 templa
2506 2682 2808 2755 Amphiarai
2824 2721 2842 2750 ,
2880 2684 3062 2738 Dianai
3090 2682 3348 2738 Lucifera
3375 2693 3429 2738 et
3467 2684 3695 2739 Veneris
3725 2683 3843 2739 Pla·

2277 2767 2409 2824 cidoe
2429 2778 2484 2823 et
2502 2767 2646 2823 locus
2661 2767 2962 2825 Ostreodes.
2985 2770 3119 2825 Cum
3141 2769 3301 2841 igitur
3321 2769 3597 2843 nullapars
3617 2772 3845 2844 Europe

2278 2856 2450 2929 posita
2473 2858 2542 2912 sit
2565 2866 2686 2911 ante
2712 2855 2892 2911 oculos
2917 2857 3185 2930 Byzantii,
3217 2856 3464 2930 nullaque
3491 2868 3632 2914 recte
3667 2858 3844 2914 intue-

2279 2952 2400 2998 atur
2443 2943 2867 3015 promontorium
2905 2944 3218 3016 Bosporium
3230 2982 3247 3011 ,
3291 2944 3392 2999 nisi
3436 2944 3582 2999 collis
3625 2962 3844 3001 nascens

2278 3046 2447 3103 prope
2475 3038 2680 3100 portam
2707 3027 2902 3083 Galatoe
2913 3068 2930 3096 ,
2955 3047 3080 3085 cum
3103 3027 3215 3102 ejus
3233 3028 3380 3085 frons
3401 3040 3514 3085 tota
3527 3028 3758 3103 subjecta
3777 3032 3846 3087 sit

2280 3116 2383 3172 sub
2403 3127 2668 3190 aspectum
2689 3118 3041 3191 promontorii
3062 3118 3304 3191 Bosporii
3320 3157 3338 3186 ,
3363 3128 3506 3191 patet
3523 3118 3673 3173 illum
3699 3137 3840 3189 esse,

2283 3222 2443 3278 quem
2466 3205 2748 3279 Dionysius
2769 3205 2990 3279 appellat
3005 3208 3258 3278 Metopon
3274 3243 3291 3272 ,
3318 3206 3488 3260 Greci
3509 3203 3668 3277 hujus
3685 3206 3848 3261 aetatis

2285 3291 2546 3364 appellant
2561 3310 2734 3347 acram
2758 3293 3184 3365 Spandoninam3
3217 3311 3336 3365 quae
3361 3310 3520 3365 quam
3541 3294 3610 3348 sit
3635 3293 3692 3347 in
3718 3312 3848 3349 con·

2284 3385 2469 3449 spectu
2502 3378 2736 3450 Byzantii
2759 3396 2853 3432 rex
2887 3372 3212 3433 Soleimanus
3232 3376 3512 3433 declaravit
3527 3417 3544 3445 ,
3575 3394 3698 3432 cum
3727 3378 3846 3433 nul·

2284 3464 2389 3519 lam
2416 3464 2570 3521 aliam
2598 3465 2668 3521 ob
2695 3483 2905 3521 causam
2927 3465 2984 3519 id
3011 3466 3281 3541 usurpavit
3303 3464 3461 3537 longo
3478 3466 3665 3532 vireto,
3687 3482 3847 3538 quam

2290 3560 2354 3605 ut
2373 3549 2432 3605 in
2465 3562 2744 3625 conspectu
2769 3568 2868 3606 suo
2889 3550 3044 3607 colles
3076 3552 3294 3607 haberet
3317 3550 3447 3606 silva
3477 3551 3670 3605 virenti
3691 3552 3848 3606 vesti·

2288 3648 2400 3706 tos,
2425 3648 2478 3693 et
2499 3648 2559 3693 ut
2574 3636 2870 3694 excluderet
2885 3636 3064 3694 oculos
3091 3637 3146 3693 id
3164 3637 3527 3707 incolentium,
3557 3636 3848 3711 despicien-

2288 3725 2426 3781 tium
2451 3725 2508 3780 in
2529 3724 2809 3781 claustrum
2825 3725 2908 3781 sui
2920 3724 3097 3799 palatii
3123 3726 3178 3781 in
3198 3726 3567 3799 promontorio
3587 3724 3847 3796 Bosporio

2287 3812 2394 3867 siti.
2415 3810 2582 3882 Quale
2603 3809 2728 3866 illud
2739 3808 2852 3883 jam
2873 3813 2942 3866 sit
2957 3850 2974 3877 ,
2991 3808 3325 3884 subjungam.
3349 3813 3434 3866 Ex
3459 3810 3666 3866 duabus
3685 3812 3852 3883 parti·

2294 3898 2395 3954 bus
2419 3900 2554 3953 mari
2576 3898 2804 3964 alluitur,
2834 3898 2902 3954 ab
2939 3908 3064 3956 ortu
3090 3898 3214 3954 solis
3250 3900 3492 3973 Bosporo
3505 3938 3522 3966 ,
3565 3916 3598 3953 a
3629 3897 3852 3953 meridie

2288 3985 2411 4039 sinu
2437 3984 2709 4052 Ceratin03
2729 3985 2950 4040 interius
2964 3983 3040 4063 sd,
3053 3984 3431 4058 septentriones
3455 3982 3659 4040 recedit
3690 4000 3850 4057 quam

2290 4072 2436 4129 collis
2464 4070 2734 4127 Galatinus
2747 4111 2764 4139 ,
2789 4088 2948 4143 quem
2974 4071 3177 4145 antiqui
3198 4071 3462 4143 Syoenum
3488 4069 3817 4145 appellabant
3831 4109 3849 4137 ,

2292 4169 2353 4214 ut
2373 4156 2514 4212 velut
2535 4155 2603 4211 de
2623 4156 2880 4211 industria
2897 4155 3083 4212 cedere
3112 4154 3354 4212 videatur
3373 4156 3494 4211 colli
3518 4157 3725 4231 syceno
3739 4195 3757 4223 ,
3783 4174 3853 4211 ne

2291 4243 2365 4300 illi
2405 4255 2670 4316 aspectum
2709 4242 2832 4298 solis
2873 4244 3088 4300 orientis
3129 4242 3295 4300 tollat.
3339 4243 3564 4299 Duobus
3602 4241 3853 4298 cornibus

2289 4329 2583 4403 prominet,
2626 4347 2736 4384 uno
2775 4329 2830 4383 in
2873 4330 3018 4385 sinus
3067 4331 3292 4396 ostium,
3343 4328 3508 4384 altero
3550 4329 3608 4383 in
3643 4336 3851 4402 portam

2292 4418 2577 4492 Sycenam3
2601 4416 2796 4493 triplici
2818 4417 2979 4474 latere
2996 4416 3331 4492 deprimitur,
3352 4418 3530 4491 primo
3549 4416 3608 4472 in
3627 4414 3814 4471 vallem
3833 4464 3850 4489 ,

2285 4603 2482 4674 Argivo
2521 4603 2826 4677 Amphiarai
2867 4602 2991 4659 sano
3015 4621 3066 4659 v.
3099 4603 3410 4669 Pausanias,
3441 4619 3507 4670 2,
3538 4604 3627 4670 23,
3655 4618 3709 4659 2.
3746 4605 3855 4658 Aut

2285 4682 2410 4737 hinc
2436 4682 2492 4736 in
2516 4682 2812 4755 Bosporum
2837 4681 3117 4737 translatus
3147 4680 3306 4737 snm-it
3337 4682 3514 4737 herois
3541 4681 3732 4748 cultus,
3763 4690 3854 4736 aut

2285 4779 2317 4815 e
2345 4758 2682 4815 celeberrima
2718 4758 2830 4832 ejus
2865 4760 2989 4815 sede
3025 4762 3253 4827 Boeotia3
3283 4778 3408 4815 nam
3447 4762 3589 4815 inter
3617 4757 3852 4833 Bymntii

2291 4838 2506 4896 colonos
2531 4840 2687 4894 etiam
2719 4842 2930 4895 Boeotos
2955 4839 3115 4896 fuisse
3139 4838 3301 4895 tradit
3325 4840 3701 4895 Constantinus
3726 4840 3853 4893 Por·

2287 4918 2444 4994 phyr.
2473 4919 2555 4973 De
2579 4917 2742 4976 them.
2767 4936 2821 4987 2,
2838 4938 2897 4993 p.
2922 4924 2991 4987 46
3021 4918 3108 4975 ed.
3129 4920 3280 4974 Bonn
3303 4935 3319 4973 ε
3344 4917 3474 4974 Ata-b
3495 4916 3550 4973 a}
3577 4917 3636 4972 τὸ
3665 4917 3828 4979 Βυζάν

2288 5016 2394 5055 τιον
2439 4996 2708 5070 lis-sapim
2763 4999 2848 5055 καὶ
2890 4997 3286 5071 Δακεδαιμονίων
3341 4996 3426 5053 καὶ
3477 4996 3707 5051 Βοιωτῶν
3727 4995 3831 5045 ἐστι

2290 5081 2506 5137 ἀποικία.
2536 5080 2698 5136 Aliud
2724 5083 3028 5157 Amphiarai
3049 5080 3329 5136 delubrum
3355 5090 3409 5135 et
3433 5078 3708 5135 oraculum
3741 5094 3852 5131 me-

2290 5170 2525 5217 moratur
2552 5156 2620 5213 fr.
2650 5164 2737 5225 40.

2363 5242 2454 5295 Fr.
2480 5254 2567 5308 27.
2598 5240 2812 5296 Veneris
2838 5238 3110 5314 placida]
3139 5237 3412 5312 Ἀφροδίτης
3440 5234 3735 5305 Γαληναίας.
3767 5232 3851 5292 Cf.

2290 5314 2628 5379 Philodemus
2669 5319 2727 5375 in
2769 5319 2985 5379 Anthol.
3024 5316 3188 5377 Palat-
3239 5333 3324 5383 10,
3355 5332 3419 5371 21
3449 5331 3466 5372 ε
3507 5314 3660 5388 Κύπρι
3697 5313 3855 5388 γαλῇ·

2291 5402 2424 5469 νκίη.
3179 5435 3188 5443 .
