4584 6284
1352 693 2148 810 DIONYSIUS
2251 689 3240 822 PERIEGETES.

791 1268 1114 1352 Dionysius
1165 1267 1420 1351 quidam
1473 1263 1691 1332 orbem
1743 1271 2054 1328 terrarum
2105 1281 2258 1346 opu-

2429 1263 2777 1331 Διονύσιος
2806 1262 3170 1336 Μιλήσιος,
3198 1259 3476 1340 ἰστορικός.
3508 1258 3598 1322 Τὰ
3625 1261 3757 1338 μετὰ
3784 1269 3900 1326 Δα-

713 1361 888 1426 sculo
917 1355 1273 1440 descripsit,
1306 1352 1476 1439 quod
1520 1371 1716 1434 quum
1757 1369 1834 1414 ex
1861 1351 2048 1416 variis
2076 1349 2256 1414 fonti·
2350 1359 2487 1433 ριῖον
2542 1353 2595 1412 ἕν
2648 1350 2867 1432 βιὸλίοις
2887 1347 2961 1411 ⁸¹·
3002 1348 3307 1428 Περιήγη
3324 1371 3425 1408 σιν
3480 1349 3899 1429 οἰκουμένης·

712 1450 832 1514 bus
856 1446 1022 1513 haud
1068 1463 1293 1527 magno
1313 1442 1556 1526 judicio
1593 1441 2032 1507 concinnatum
2059 1446 2252 1514 esset,
2354 1436 2622 1518 Περσικὰ,
2670 1436 2805 1499 Ἰάδι
2843 1437 3125 1518 διαλέκτῳ·
3154 1437 3407 1514 Τρωυιῶν
3458 1435 3639 1516 pseu«
3682 1437 3753 1516 γί
3784 1441 3901 1502 Mu-

713 1544 939 1601 exactae
982 1533 1281 1599 doctrinae
1316 1530 1501 1596 laude
1529 1528 1780 1594 carebat
1799 1575 1817 1610 ,
1850 1547 1969 1593 nec
2015 1547 2258 1610 magnae

711 1624 871 1706 apud
901 1623 1176 1688 eruditos
1204 1621 1270 1685 in
1298 1621 1483 1684 docta
1507 1618 1875 1702 antiquitate
1902 1617 2259 1682 :estimatio-

712 1713 806 1777 nis
841 1731 976 1776 esse
1021 1715 1298 1792 poterat;
1330 1707 1501 1780 idem
1542 1725 1689 1772 vero
1718 1705 2002 1770 brevitati
2037 1724 2168 1768 suae
2197 1712 2261 1768 et

707 1799 924 1864 formae
948 1795 1228 1861 metricae
1265 1800 1329 1859 et
1364 1792 1628 1878 poeticae
1655 1792 1950 1857 dictionis
1977 1791 2258 1857 suavitati

708 1887 826 1953 hoc
870 1884 1120 1962 debuit,
1161 1887 1232 1948 ut
1289 1902 1327 1947 a
1373 1879 1818 1962 ludimagistris
1863 1877 2258 1962 aptissimum

707 1992 842 2038 esse
895 1979 1255 2037 censeretur
1298 1969 1744 2054 compendium
1767 2015 1784 2045 ,
1811 1988 1888 2032 ex
1917 1986 2044 2051 quo
2079 1967 2258 2050 pueri

709 2059 1100 2144 geographia
1113 2058 1467 2141 cognitione
1481 2057 1932 2124 imbuerentur.
1956 2058 1991 2119 J
1993 2074 2094 2120 am
2110 2073 2260 2120 vero

710 2155 950 2213 constat
967 2165 1108 2231 quae
1129 2165 1264 2213 sors
1285 2144 1597 2227 ejusmodi
1625 2142 1984 2208 libellorum
2004 2161 2143 2207 esse
2165 2161 2262 2206 so·

710 2240 852 2304 leat.
874 2241 1003 2302 Usu
1023 2254 1242 2303 eorum
1265 2235 1330 2298 in
1351 2233 2007 2300 scholisinvalescente
2023 2279 2040 2308 ‚
2058 2249 2266 2296 exem-

715 2324 907 2406 plaria
962 2323 1308 2388 innumeris
1363 2322 1852 2405 multiplicantur
1901 2318 2261 2396 codicibus;

711 2412 941 2477 deinde
962 2411 1316 2479 labentibus
1333 2409 1516 2474 bonis
1535 2409 1759 2488 literis,
1776 2426 1852 2471 ex
1872 2407 2010 2487 ipso
2032 2407 2270 2471 doctio-

715 2518 857 2566 rum
883 2497 1264 2582 scriptorum
1300 2497 1588 2580 neglectu
1629 2502 1692 2559 et
1724 2494 2270 2578 percrebrescente

712 2587 879 2670 vulgi
922 2585 1270 2669 ignorantia
1317 2583 1544 2650 crescit
1597 2585 1763 2648 fama
1819 2588 1884 2646 et
1940 2583 2271 2646 auctoritas

715 2693 934 2741 eorum
963 2673 1076 2758 qui
1097 2673 1344 2739 levitate
1368 2672 1570 2738 suain
1597 2670 1920 2737 communi
1951 2669 2271 2752 naufragio

713 2767 1130 2849 supernatant.
1162 2765 1323 2826 ‘l'um
1347 2760 1604 2825 demum
1631 2758 1711 2822 de
1732 2760 1933 2843 patria
1958 2765 2024 2823 et
2045 2776 2272 2840 genere

713 2858 776 2916 et
817 2850 1122 2925 natalibus
1162 2855 1488 2915 auctorum
1506 2894 1528 2928 ‚
1583 2846 1692 2930 qui
1738 2845 1828 2911 sie
1865 2865 1942 2911 ex
1989 2845 2274 2911 obscuris

713 2939 918 3010 initiis.
943 2938 1023 3003 ad
1073 2955 1278 3002 seram
1319 2942 1382 3001 et
1424 2936 1806 3019 insperatam
1841 2933 2271 3000 celebritatem

710 3034 1100 3094 emerserunt
1111 3073 1129 3104 ,
1155 3025 1479 3110 quaerendi
1496 3025 1567 3087 nt
1587 3022 1832 3088 initium
1847 3043 1866 3100 3
1892 3029 1956 3086 et
1973 3021 2273 3106 quoniam

707 3114 882 3200 quod
918 3119 1160 3184 certum
1203 3111 1315 3191 sit,
1363 3119 1472 3176 aut
1503 3111 1662 3175 nihil
1710 3110 2141 3191 consignatum
2179 3115 2275 3173 est

711 3205 818 3266 aut
842 3201 908 3264 in
937 3200 1164 3283 ignotis
1189 3199 1376 3282 vulgo
1395 3197 1670 3263 fontibus
1690 3197 1874 3278 latet,
1905 3196 2274 3261 indubitatas

715 3287 864 3352 fidei
873 3286 1263 3352 ·testimoniis
1293 3285 1564 3350 ludibria
1595 3286 2094 3366 conjecturarum
2131 3283 2276 3348 sub-

717 3377 1074 3441 stituuntur.
1105 3375 1320 3457 Itaque
1362 3373 1442 3437 de
1481 3371 1776 3454 Dionysio
1820 3391 2076 3455 quoque
2115 3371 2269 3435 nihil

717 3463 847 3527 fere
891 3461 1188 3532 traditum
1217 3459 1576 3542 accepimus
1601 3460 1775 3544 quod
1813 3469 1988 3524 extra
2019 3477 2272 3524 omnem

712 3548 1119 3616 dubitationis
1145 3548 1345 3612 aleam
1377 3547 1649 3631 positum
1693 3547 1802 3626 sit;
1843 3547 2274 3630 opinatoribus

716 3656 864 3703 vero
889 3642 1060 3702 tanto
1101 3636 1370 3720 amplior
1411 3636 1664 3719 patebat
1705 3653 1964 3720 campus
1977 3683 1997 3718 ,
2041 3643 2273 3718 quanto

721 3725 924 3806 major
974 3731 1112 3792 erat
1161 3741 1460 3790 numerus
1499 3723 1938 3806 Dionysiorum
1956 3771 1974 3801 ‚
2030 3741 2190 3806 quos
2237 3740 2275 3785 a

727 3819 933 3878 nostro
995 3809 1170 3883 haud
1241 3809 1518 3882 diversos
1575 3829 1711 3876 esse
1764 3817 1984 3892 putare
2032 3810 2270 3876 liceret.

722 3903 1114 3982 Quantopere
1147 3898 1388 3982 judicia
1417 3898 1844 3979 titubaverint,
1893 3919 1928 3964 e
1963 3898 2276 3964 Suidianis

725 3987 995 4051 maxime
1043 3985 1440 4051 collectaneis
1477 3985 1808 4069 intelligas.
1856 3990 1928 4052 In
1965 3988 2066 4052 his
2106 3988 2276 4052 enim

725 4093 924 4159 quum
951 4073 1116 4138 inter
1138 4073 1340 4139 varios
1373 4075 1700 4157 Dionysius
1713 4122 1729 4152 ‚
1766 4093 2037 4158 quorum
2059 4094 2280 4140 recen-

721 4178 868 4226 sum
905 4160 1352 4243 grammaticus
1391 4159 1658 4226 instituit
1678 4207 1696 4239 ,
1725 4169 1852 4226 tres
1892 4179 2280 4226 commemo-

724 4253 938 4315 rentur
959 4253 1258 4329 tanquam
1278 4255 1566 4313 auctores
1585 4249 1977 4333 periegeseos
1989 4298 2006 4330 ,
2030 4252 2158 4316 veri
2186 4260 2280 4315 est

725 4335 1114 4401 simillimum
1181 4335 1498 4418 triplicem
1548 4336 1730 4402 istam
1780 4338 2066 4420 ejusdem
2115 4339 2278 4404 tituli

729 4424 1114 4489 mentionem
1141 4422 1222 4488 ad
1261 4442 1460 4490 unum
1500 4423 1797 4510 idemque
1837 4445 1998 4509 opus
2037 4427 2118 4491 ab
2144 4428 2283 4493 aliis

729 4511 832 4576 alii
890 4511 1182 4594 Dionysio
1248 4511 1616 4577 attributum
1683 4514 2020 4596 pertinere.
2078 4514 2282 4580 Verba

729 4598 935 4665 suidae
965 4598 1050 4663 ita
1086 4598 1318 4668 hahent
1351 4619 1368 4664 t

813 4686 1159 4756 Διονύσιος
1198 4686 1586 4770 Κορίνθιος,
1625 4691 1901 4760 henot&-
1954 4689 2281 4764 Ὗποθήκας·

745 4775 898 4854 Αἰτια
927 4777 982 4836 ἰν
1011 4771 1198 4860 βιὸλῖῳ
1245 4777 1296 4836 α’
1325 4777 1420 4860 (ἐν
1451 4775 1672 4860 βιὸλίοις
1697 4776 1749 4858 γ’
1774 4778 2044 4860 Eudoc.)
2061 4801 2076 4818 ·
2103 4786 2280 4842 Μετι-

735 4863 1161 4946 ωρολογοῦμινα,
1236 4865 1329 4926 καὶ
1395 4867 1761 4947 καταλογάδην
1821 4866 2149 4947 Ὑπόμνημα
2212 4869 2284 4936 εἰς

737 4948 1008 5012 Ἡσίοδον·
1043 4951 1472 5031 Οἰκουμένης
1499 4953 1914 5036 περιήγησιν
1949 4955 2028 5014 δι’
2069 4955 2280 5016 ἐπῶν·

735 5040 971 5099 Ταῦτα
1004 5039 1074 5099 31
1108 5028 1302 5121 εὗρον
1342 5040 1455 5100 καὶ
1481 5041 1547 5100 lv
1569 5039 1902 5124 Διονυσίῳ
1930 5045 2020 5124 τῷ
2045 5039 2124 5104 τὶ
2165 5044 2281 5106 Δι-

738 5125 945 5274 Θῖιέικὰ
991 5125 1360 5209 γράψαντι·
1403 5129 1679 5212 πότερος
1729 5119 1840 5192 οὖν
1885 5131 2105 5192 αὖτῶν
2157 5131 2282 5193 οὔκ

731 5235 764 5272 ο
846 5235 902 5278 α.

2354 1525 2502 1586 ennoi-
2540 1523 2749 1588 Κύκλον
2774 1523 3034 1604 ἱστορικὸν
3053 1526 3107 1584 ἰν
3136 1521 3353 1604 βιὸλίοις
3372 1521 3442 1594 ζ’.
3628 1594 3647 1612 ·

2429 1613 2788 1681 Διονύσιος
2808 1611 3244 1684 Μουσωνίου,
3266 1610 3532 1681 Ῥόδιος
3556 1609 3593 1684 ἢ
3623 1611 3901 1691 Σάμιος,

2348 1704 2632 1782 ἱστορικός·
2656 1695 2720 1776 ἦν
2747 1703 2803 1762 δὲ
2830 1701 2923 1764 καὶ
2939 1699 3104 1784 leptim
3126 1703 3218 1760 τοῦ
3232 1699 3398 1760 ἐκεῖσε
3418 1701 3561 1782 ἱεροῦ
3582 1706 3674 1760 τοῦ
3693 1699 3899 1768 Ἡλίου.

2348 1789 2607 1874 Ἱστορίας
2634 1790 2883 1870 minoia,
2916 1787 3094 1870 βιὸλία
3124 1786 3205 1859 ft·
3234 1787 3654 1864 οἰκουμένης
3672 1812 3790 1870 παρ
3806 1791 3903 1864 225-

2349 1904 2426 1961 γη
2444 1903 2507 1940 σι
2523 1903 2577 1940 ν.·
2606 1877 2865 1958 Ἱστορίας
2889 1877 3222 1948 παιδιυτικῆς
3241 1873 3421 1956 sema
3444 1872 3500 1935 ι’.

2432 1965 2867 2054 [Ὑπολαμὸάνω
2901 1963 2983 2026 ὅτι
3009 1962 3274 2032 Διονιῗσιος
3299 1965 3328 2021 ὁ
3354 1963 3673 2046 περιηγητὴς
3704 1967 3903 2037 Buca*

2350 2082 2455 2128 τιος
2479 2049 2543 2134 ἦν
2566 2057 2654 2118 διὰ
2674 2056 2761 2118 τὸν
2778 2052 3016 2134 ποταμὸν
3036 2051 3263 2126 Ῥήὸαν.
3288 2051 3313 2132 ]

2429 2147 2521 2208 Ex
2552 2143 2653 2207 his
2701 2139 3062 2224 Dionysium
3100 2137 3411 2203 Milesium
3451 2139 3557 2222 qui
3602 2139 3681 2204 de
3720 2144 3904 2208 rebus

2351 2235 2675 2298 Persarum
2715 2229 2983 2295 dialecto
3024 2227 3228 2291 ionica
3271 2226 3552 2310 scripsit,
3598 2247 3725 2294 non
3770 2249 3905 2296 esse

2356 2326 2583 2387 nestrae
2632 2317 3024 2401 periegeseos
3068 2322 3387 2380 auctorem
3442 2313 3545 2378 vix
3588 2322 3686 2379 est
3734 2321 3907 2400 quod

2356 2415 2701 2473 moneatur.
2734 2405 2801 2469 Si
2831 2404 2970 2487 quis
3004 2403 3291 2468 hocloco
3332 2402 3517 2466 aliam
3556 2405 3905 2486 periegesin

2356 2495 2823 2579 intelligendam
2850 2510 2986 2556 esse
3008 2489 3369 2568 contendat,
3403 2492 3457 2554 is
3482 2493 3739 2557 refutari
3759 2513 3907 2560 sane

2359 2581 2605 2666 nequit,
2641 2589 2707 2646 at
2743 2579 2900 2643 nihil
2939 2579 3176 2662 profert
3213 2579 3381 2662 quod
3422 2579 3505 2643 sit
3541 2581 3867 2661 probabile
3886 2630 3905 2663 ,

2362 2690 2559 2757 quum
2585 2668 2773 2734 simili
2798 2666 3036 2732 ratione
3062 2673 3272 2732 cetera
3294 2667 3507 2731 omnia
3528 2686 3672 2750 quae
3700 2670 3779 2735 de
3805 2691 3911 2737 va-

2360 2763 2599 2826 riorum
2642 2755 3077 2840 Dionysiorum
3124 2754 3419 2838 operibus
3448 2756 3615 2838 apud
3652 2758 3911 2824 Suidam

2362 2851 2675 2932 leguntur,
2722 2843 2885 2914 tueri
2922 2841 3125 2908 liceat.
3177 2842 3351 2916 Quod
3385 2843 3605 2909 attinet
3630 2846 3911 2912 Samium

2360 2934 2755 3018 Dionysium,
2785 2930 3031 2996 disertis
3058 2931 3227 2995 hunc
3243 2929 3449 2995 verbis
3493 2950 3532 2995 a
3564 2934 3788 2998 Nostro
3820 2934 3915 2998 di-

2364 3023 2623 3103 stinguit
2637 3028 2812 3086 vetus
2828 3017 3178 3093 scholiasta,
3202 3017 3281 3081 ad
3302 3017 3584 3083 Samium
3601 3022 3914 3104 pertinere

2366 3111 2582 3176 dicens
2620 3109 2973 3184 Bassarica,
3015 3126 3158 3190 quae
3208 3106 3489 3170 nonnulli
3533 3108 3704 3174 haud
3744 3121 3914 3178 recte

2364 3200 2758 3283 periegeseos
2784 3201 2987 3279 poetae
3013 3195 3441 3259 attribuerent.
3478 3196 3701 3262 Suidas
3730 3198 3917 3280 igitur

2362 3285 2726 3368 Dionysium
2750 3281 3029 3348 Samium
3056 3282 3286 3345 Orbem
3306 3286 3617 3346 terrarum
3642 3284 3921 3370 descrip-

2364 3375 2521 3438 sisse
2549 3372 2826 3436 rel'erens
2864 3375 3185 3433 auctorem
3218 3373 3467 3432 secutus
3498 3387 3633 3434 esse
3673 3372 3919 3438 videtur

2364 3461 2473 3544 qui
2495 3461 2631 3545 ipse
2657 3475 2911 3542 quoque
2938 3453 3257 3520 Bassarica
3284 3463 3350 3520 et
3371 3457 3729 3540 Periegesin
3756 3461 3921 3542 ejus-

2364 3551 2512 3616 dem
2539 3555 2743 3634 poetae
2770 3564 2907 3612 esse
2936 3543 3345 3624 existimaret,
3366 3555 3554 3630 atque
3576 3553 3916 3633 utrumque

2365 3653 2620 3702 carmen
2646 3632 2989 3699 vindicaret
3014 3631 3306 3714 Dionysio
3342 3633 3573 3698 Samio.
3624 3634 3921 3716 Superest

2363 3723 2695 3808 Dionysius
2738 3721 3119 3798 Corinthius,
3177 3719 3257 3784 de
3319 3740 3445 3804 quo
3492 3721 3741 3788 aliunde
3790 3743 3917 3788 non

2364 3817 2625 3879 constat.
2671 3814 2834 3875 Num
2872 3809 2977 3878 hic
3015 3807 3266 3872 tandem
3300 3809 3696 3892 periegeseos
3742 3813 3921 3877 faber

2366 3901 2557 3966 fuisse
2606 3897 2957 3965 censendus
2988 3898 3120 3961 est?
3166 3897 3281 3960 Vix
3306 3897 3546 3960 credas.
3578 3899 3779 3975 Quam
3822 3901 3920 3964 in—

2368 3995 2538 4054 certa
2565 4005 2669 4052 res
2690 3986 2771 4050 sit
2785 4033 2802 4063 ,
2834 3985 2970 4067 ipse
2983 3984 3206 4048 Suidas
3220 3983 3443 4049 fatetur
3460 3985 3668 4049 verbis
3692 4007 3708 4050 :
3728 3990 3918 4050 Ταῦτα

2367 4076 2426 4137 δί
2472 4067 2619 4157 εὗρον
2649 4074 2743 4135 καὶ
2782 4081 2837 4134 ἓν
2868 4073 3123 4154 Διονυσίῳ
3150 4075 3227 4154 τῷ
3253 4071 3321 4134 τὸ
3364 4072 3597 4135 Aroma&
3630 4074 3919 4157 γράψαντι·

2368 4165 2584 4245 πότερος
2618 4153 2706 4222 οὖν
2748 4163 2919 4222 αὗτιῗιν
2964 4161 3059 4221 οὔκ
3084 4150 3222 4221 οἶδα.
3269 4160 3338 4223 In
3375 4159 3607 4243 quihus
3641 4178 3722 4223 an
3748 4167 3919 4224 ταῦτα

2366 4248 2742 4315 vocabulum
2771 4246 2851 4313 ad
2880 4246 3092 4312 omnia
3119 4265 3199 4311 an
3226 4245 3305 4311 ad
3339 4247 3667 4331 complura
3698 4265 3917 4313 eorum

2371 4357 2513 4422 quae
2548 4337 2613 4402 in
2658 4333 3167 4402 antecedentibus
3204 4341 3647 4400 enumerantur
3690 4336 3919 4419 scripta

2369 4427 2683 4512 pertineat
2698 4471 2717 4504 ,
2754 4424 2926 4492 haud
2950 4424 3174 4508 liquet,
3202 4423 3513 4506 pertinere
3538 4440 3685 4489 vero
3712 4423 3793 4486 ad
3822 4421 3919 4498 τὴν

2370 4521 2465 4590 τῆς
2494 4517 2797 4594 οἰκουμένης
2823 4513 3131 4593 παριήγησιν
3158 4510 3577 4575 certissimum
3606 4518 3723 4576 est.
3755 4513 3921 4576 Prae-

2371 4612 2544 4669 terea
2591 4609 2799 4668 autem
2841 4619 3036 4686 quum
3065 4616 3102 4663 e
3128 4597 3318 4663 Suida
3346 4599 3673 4682 colligatur
3709 4599 3920 4664 Corin-

2372 4694 2578 4759 thium
2606 4691 2794 4757 istum
2818 4689 2988 4755 nulla
3024 4687 3345 4771 scripsisse
3384 4683 3651 4764 λιθιακά,
3673 4685 3919 4769 judicio

2376 4781 2688 4848 satistuto
2734 4777 3068 4845 contendas
3078 4775 3265 4856 ‘haud
3306 4783 3475 4840 recte
3514 4775 3576 4841 ei
3618 4775 3921 4859 assignari

2376 4868 2757 4952 periegesin3
2796 4865 3090 4932 videlicet
3132 4865 3296 4930 inter
3323 4861 3489 4928 varia
3537 4881 3731 4946 opera
3778 4881 3922 4947 quas

2374 4961 2599 5022 Noster
2624 4959 2849 5039 praeter
2874 4951 3221 5037 periegesin
3250 4950 3574 5033 scripsisse
3600 4970 3639 5015 a
3660 4949 3924 5014 nonnul·

2376 5043 2455 5108 lis
2498 5039 2962 5126 perhibebatur,
3004 5039 3161 5104 nihil
3205 5039 3285 5104 ad
3334 5055 3480 5103 eum
3525 5037 3921 5102 referendum

2378 5147 2517 5193 esse
2538 5128 2871 5194 scholiasta
2895 5128 3165 5196 affirmat
3189 5128 3308 5192 nisi
3337 5127 3416 5192 de
3444 5125 3757 5210 lapidibus
3788 5142 3924 5188 car-

2376 5235 2523 5281 men
2542 5263 2560 5298 ,
2626 5216 2859 5301 quippe
2915 5221 3098 5304 quod
3148 5215 3415 5282 eundem
3474 5231 3729 5298 prorsus
3782 5227 3929 5276 cum

2278 5357 2358 5400 XV
