4584 6284
743 520 855 572 258

737 644 893 701 αὐτοῦ
913 685 931 714 ,
962 640 1096 702 ὥστε
1134 640 1227 710 τὰς
1257 643 1344 704 ἐπὶ
1371 643 1545 726 λόφων
1574 643 1611 716 ἢ
1640 644 1905 726 χωμάτων
1946 645 2169 720 οἰκήσεις
2197 673 2291 720 νη-

736 731 896 800 σίζειν
925 721 1029 790 οἶον
1070 731 1177 797 τοῖς
1203 730 1473 812 πόρρωθεν
1503 731 1809 811 βλέπουσιν.
1890 732 2199 813 Ἱστορεῖται
2236 735 2296 806 δὲ,

732 817 823 877 καὶ
845 819 923 878 ὅτι
948 818 1055 878 ἀπὸ
1079 822 1283 900 Θερινῆς
1304 823 1503 900 τροπῆς
1528 823 1555 878 ὁ
1580 821 1766 887 Νεῖλος
1786 819 2065 902 ἀρξάμενος
2090 821 2294 893 πληθύ-

732 930 838 980 νει,
876 907 1115 967 τουτέστι
1163 907 1479 987 πλημμύρει
1534 907 1621 968 ἐπὶ
1666 909 1869 990 ἡμέρας
1918 910 2127 970 ἑκατόν·
2178 902 2289 970 εἶτα

678 1015 705 1055 ο
734 995 963 1056 ἐκλιπὼν
990 995 1051 1056 τὸ
1084 999 1282 1079 ῥεῖθρον
1321 996 1413 1057 καὶ
1442 995 1615 1056 ὀπίσω
1642 995 1878 1057 ἀπελθὼν
1905 999 2132 1060 διατελεῖ
2158 1005 2294 1080 βρα-

2129 513 2508 575 EUSTA'rffl
2521 515 2544 573 1

2379 659 2526 712 sunt,
2568 647 2772 700 eminus
2810 647 3136 701 intuentibus
3163 646 3452 701 insularum
3489 648 3710 720 speciem
3734 666 3842 721 prae
3877 667 3933 704 se

2380 734 2562 792 ferant.
2637 734 2888 790 Traditur
2910 737 3064 789 ctiam
3084 735 3260 789 Nilum
3289 735 3414 790 inde
3435 753 3466 790 a
3495 734 3714 790 solstitio
3753 737 3932 791 estivo

2377 820 2624 893 paulatim
2653 821 2923 875 exundare
2962 820 3030 876 ad
3066 821 3177 876 dies
3215 833 3461 886 centum,
3499 832 3711 894 postea,
3751 820 3932 877 relicto

2378 906 2602 972 fluento,
2634 919 2775 961 retro
2807 926 3149 974 conversum,
3189 905 3460 962 modicum
3497 918 3660 962 totam
3707 907 3933 963 hiemem

2378 1011 2700 1066 permanere.
2777 993 3030 1067 Lapidem
3071 996 3126 1049 in
3147 995 3268 1050 Nilo
3295 995 3436 1066 gigni
3458 996 3608 1049 aiunt
3633 995 3814 1062 (Plut.
3855 1000 3934 1052 De

730 1082 826 1163 κὺς
852 1083 940 1142 τὸν
969 1083 1087 1144 ελον
1116 1088 1356 1164 χειμῶνα
1375 1109 1389 1122 .
1420 1087 1513 1143 καὶ
1542 1083 1621 1144 ὅτι
1644 1085 1781 1154 λίθος
1803 1087 1857 1145 ἐν
1882 1089 1956 1168 τῷ
1984 1087 2160 1170 Νείλῳ
2181 1111 2294 1167 γεν-
2365 1083 2438 1153 fl.
2478 1087 2562 1149 16,
2589 1082 2663 1150 3)
2702 1081 2978 1138 assimilem
3007 1081 3164 1148 sabae,
3207 1102 3364 1155 quem
3403 1083 3447 1136 si
3488 1083 3715 1138 viderint
3743 1103 3928 1152 canes,

729 1180 886 1230 νᾶται
915 1175 1107 1252 κυάμῳ
1136 1175 1427 1255 παρόμοιος
1444 1215 1462 1244 ,
1488 1173 1542 1234 ὃν
1578 1173 1667 1232 ἐὰν
1690 1172 1841 1234 ἴδωσι
1862 1173 2011 1244 κύνες
2038 1178 2135 1259 οὗχ
2164 1180 2288 1236 ὗλα-

731 1266 937 1322 κτοῢσι.
1048 1262 1466 1344 Τροφιμώτατον
1494 1264 1551 1322 δέ
1578 1285 1705 1344 φασι
1732 1264 1789 1324 τὸ
1815 1269 1906 1324 τοῦ
1934 1264 2123 1326 Νείλου
2152 1264 2291 1346 ὕδωρ

733 1339 905 1426 εἶναι,
934 1347 1021 1406 διὰ
1063 1348 1158 1420 τὴν
1202 1351 1311 1410 ἐκεῖ
1339 1353 1442 1409 τῶν
1481 1348 1643 1422 ἡλίων
1688 1351 1903 1432 μετρίαν
1934 1349 2146 1456 ἕιίεησιν,
2201 1353 2294 1414 καὶ

654 1451 709 1492 10
735 1437 1081 1516 μεγαλοερυῶν
1102 1435 1157 1496 δὲ
1186 1438 1276 1498 καὶ
1294 1439 1506 1518 γόνιμον
1538 1438 1627 1499 καὶ
1651 1439 1927 1519 πολύγονον
1960 1463 2113 1501 ειναι.
2197 1441 2294 1504 Διὸ

734 1522 825 1582 καὶ
854 1523 949 1591 τὰς
980 1533 1228 1601 γυναῖκας
1258 1525 1365 1585 ἔσθ’
1409 1525 1496 1584 ὅτε
1520 1528 1817 1608 τετράδυμα
1844 1528 2066 1602 τίκτειν,
2102 1529 2204 1604 ἤδη
2234 1530 2288 1591 δὲ

735 1610 825 1668 καὶ
854 1611 993 1672 κατὰ
1010 1611 1106 1686 τὴν
1134 1613 1515 1693 Ἀριστοτέλους
1540 1614 1772 1696 ἱστορίαν
1803 1616 2101 1694 ἑπτάδυμα.

815 1717 917 1761 229.
958 1698 1087 1761 Ὅτι
1130 1700 1219 1761 τὸν
1260 1703 1449 1764 Νεῖλον
1478 1704 1565 1762 καὶ
1593 1704 1730 1763 πάνυ
1764 1703 1961 1776 πολλὴν
2000 1707 2111 1766 ἰλὺν
2150 1707 2289 1786 λέγει

739 1783 950 1864 βάλλειν
969 1831 985 1859 ,
1011 1791 1081 1854 ὡς
1105 1788 1199 1848 καὶ
1231 1788 1473 1871 ἀνωτέρω
1499 1791 1823 1871 γέγραπται,
1855 1793 1943 1851 καὶ
1973 1792 2131 1854 ‹nem›
2166 1799 2289 1874 χθο-

658 1884 711 1926 ῐῦ
739 1870 822 1939 νὸς
849 1863 986 1933 εἶναι
1012 1873 1310 1949 αὐξητικόν.
1398 1877 1558 1957 Λέγει
1587 1877 1641 1937 δὲ
1670 1879 1825 1939 αὐτὸν
1863 1881 1951 1939 καὶ
1978 1887 2072 1954 τῆς
2118 1881 2289 1950 Ἀσίας

732 1961 829 2036 τὴν
873 1963 1074 2038 Λιὸύην
1115 1963 1529 2044 ἀποτέμνεσθαι,
1576 1967 1791 2050 ἀφιέντα
1818 1973 2018 2028 κεῖσθαι
2064 1971 2114 2037 ἐς
2162 1969 2286 2030 λίόα

734 2050 830 2128 μὲν
862 2051 957 2125 τὴν
981 2053 1217 2130 Λιὸύην,
1244 2057 1294 2123 ἔς
1323 2056 1369 2114 δ’
1397 2055 1554 2135 αὐγὰς
1578 2055 1673 2127 τὴν
1699 2054 1892 2118 Ἀσίαν.
1976 2055 2285 2136 Σημείωσαι

738 2141 791 2202 δὲ
820 2141 901 2203 δ’τι
932 2143 1021 2203 καὶ
1047 2145 1268 2207 ἐνταῦθα
1300 2146 1389 2206 καὶ
1418 2147 1471 2204 ἐν
1501 2153 1607 2218 τοῖς
1636 2145 1753 2218 ἑξῆς
1776 2145 1833 2205 δέ
1856 2167 1957 2204 που
1984 2146 2079 2219 τὴν
2108 2145 2283 2208 Ἀσίαν

734 2231 915 2295 Ἀσίδα
950 2234 1109 2316 φησὶ,
1142 2234 1279 2296 κατὰ
1308 2235 1651 2319 παρωνυμίαν
1668 2279 1684 2309 ,
1711 2236 1769 2295 οὗ
1798 2234 1901 2312 μὴν
1931 2234 2069 2296 κατὰ
2096 2237 2284 2297 ὑποκο-

654 2351 709 2389 22·
736 2321 942 2400 ρισμόν.
1024 2325 1105 2385 Oi·
1132 2323 1235 2406 γὰρ
1261 2321 1394 2392 εἰκὸς
1426 2324 1734 2406 ὑποκορίσαι
1769 2323 1923 2384 αὐτὸν
1948 2323 2044 2398 τὴν
2088 2324 2283 2385 τοσαύ-

732 2431 829 2479 την
857 2408 1093 2492 ἤπειρον.
1175 2409 1338 2472 Οὕτω
1368 2410 1421 2470 δὲ
1447 2411 1539 2470 καὶ
1570 2414 1625 2469 αἱ
1656 2410 1930 2488 Ἀμαζόνες
1955 2411 2284 2491 παρωνύμως

729 2499 969 2574 λέγονται
1014 2499 1357 2577 Ἀμαζονίδες,
1403 2500 1494 2559 καὶ
1532 2499 1677 2580 παρὰ
1732 2500 1987 2580 Εὐριπίδῃ
2032 2499 2210 2567 Meta<
2247 2506 2280 2572 ἡ

728 2588 820 2642 τοῦ
846 2583 1051 2667 Ἑρμοῦ
1078 2585 1255 2668 μήτηρ
1298 2591 1451 2648 Μαῖα
1471 2633 1488 2666 ‚
1516 2588 1608 2648 καὶ
1635 2586 1731 2660 τὴν
1770 2585 2044 2667 Τυρρηνὴν
2095 2585 2151 2646 δὲ
2189 2589 2281 2647 θα·

657 2733 667 2744 ,
728 2673 931 2733 λασσαν
958 2673 1093 2734 οὕτω
1118 2676 1423 2758 Τυρρηνίδα
1453 2667 1596 2737 εἶπεν
1628 2681 1656 2736 ὁ
1682 2674 1963 2744 Διονύσιος.

648 2773 703 2814 ²⁶
808 2783 908 2826 2³2.
954 2762 1083 2825 “Ort
1104 2763 1224 2832 τοὺς
1252 2764 1568 2844 Αἰγυπτίους
1595 2763 1938 2841 ἐγκωμιάζων
1968 2767 1995 2822 ὁ
2018 2765 2283 2832 Διονύσιος

722 2849 865 2927 γένος
911 2850 1093 2918 αὖτοὺς
1138 2853 1466 2932 ἀριπρεπέων
1508 2851 1650 2932 λέγει
1699 2853 1895 2933 ἀνδρῶν
1912 2899 1929 2925 ,
1972 2849 2023 2912 οἳ
2056 2857 2281 2932 πρῶτοι,

724 2938 851 3016 φησὶ
870 2984 887 3016 ,
918 2939 1031 3017 βίου
1062 2941 1335 3007 κελεύθους
1356 2985 1374 3014 ,
1411 2939 1439 3000 ὃ
1463 2938 1575 3000 ἔστι
1601 2940 1819 3021 τέχνας,
1848 2938 2136 3021 ἐξευρόντες
2177 2941 2281 2999 διε-

723 3024 1009 3100 στήσαντο,
1032 3025 1149 3098 ἤτοι
1180 3027 1371 3087 διεῖλον
1388 3071 1405 3101 ,
1432 3031 1501 3094 εἱς
1518 3027 1808 3108 γεωργίαν,
1833 3032 1990 3108 τυχὸν
2013 3029 2103 3088 καὶ
2127 3053 2282 3110 στρα-

720 3111 863 3170 τείαν
886 3112 977 3172 καὶ
1004 3113 1287 3192 ἱερωσύνην
1314 3115 1406 3174 καὶ
1429 3117 1503 3183 εἷς
1530 3115 1750 3174 τοιαῦτά
1772 3138 1907 3174 τινα.
1996 3118 2207 3194 Πρῶτοι
2227 3117 2281 3174 δὲ

643 3205 699 3247 ³⁰
722 3199 1045 3279 ἱμερόεντος,
1074 3202 1262 3282 φησὶν,
1299 3201 1652 3282 ἐπειράθησαν
1688 3202 1908 3282 ἀρότρου
1927 3247 1943 3280 ,
1977 3202 2070 3262 καὶ
2092 3203 2282 3282 σπόρον

721 3285 968 3358 wurdt-q<
1009 3288 1139 3368 {antip
1175 3287 1401 3354 αὕλακος
1434 3288 1769 3360 ἡπλώσαντο·
1802 3293 2001 3366 πρῶτοι
2026 3289 2080 3347 δὲ
2108 3312 2284 3367 γραμ-

723 3372 847 3446 μαῖς
876 3375 1033 3432 πόλον
1055 3375 1465 3454 διεμετρήσαντο
1480 3419 1496 3447 ,
1526 3375 1617 3442 τὰς
1642 3379 1733 3432 τοῦ
1753 3372 1901 3444 ἡλίου
1926 3375 2124 3446 δηλαδὴ
2150 3373 2286 3444 ἐξευ-

728 3458 900 3536 ρόντες
924 3459 1121 3542 τροπὰς
1140 3507 1159 3535 ,
1183 3462 1275 3520 καὶ
1303 3465 1453 3542 θυμῷ
1471 3506 1487 3535 ,
1514 3460 1783 3521 τουτέστιν
1811 3457 2007 3520 οἴκοθεν
2030 3461 2091 3520 ἔκ
2115 3461 2286 3544 ψυχῆς

726 3548 817 3605 καὶ
858 3547 1168 3623 ἀδιδάκτως,
1214 3549 1540 3633 φρασάμενοι
1576 3549 1722 3618 λοξὸν
1764 3549 1953 3630 δρόμον
1995 3546 2147 3622 ἡλίου
2169 3594 2187 3628 ,
2215 3555 2285 3620 ὡς

647 3639 701 3680 ³⁸
728 3633 1043 3716 αὐτόχρημα
1070 3635 1374 3720 θυμόσοφοι.
1462 3637 1572 3698 Καὶ
1600 3641 1627 3696 ὁ
1672 3636 1769 3716 μὲν
1798 3635 2115 3716 περιηγητῆς
2147 3637 2284 3700 οὕτω

730 3725 1037 3802 σεμνολογεῖ
1065 3725 1272 3793 αὐτούς.
1356 3725 1516 3804 Λέγει
1544 3725 1597 3786 δὲ
1629 3725 1721 3786 καὶ
1749 3726 2025 3808 Ἡρόδοτος
2049 3726 2286 3810 πρώτους

729 3811 1017 3890 ἀνθρώπων
1048 3813 1371 3894 Αἰγυπτίους
1409 3815 1627 3896 ἐξευρεῖν
1650 3815 1736 3876 τὸν
1778 3815 2042 3891 ἐνιαυτὸν,
2070 3817 2159 3878 καὶ
2203 3817 2284 3878 ὅτι

726 3901 833 3958 τῶν
863 3899 1172 3980 Αἰγυπτίων
1197 3905 1247 3963 οἱ
1282 3901 1686 3964 Ἡλιουπολῑται
1717 3903 2047 3983 λογιώτατοι.
2118 3901 2281 3979 Ἄλλη

727 3984 781 4048 δὲ
811 3987 1017 4068 ἱστορία
1047 3990 1139 4049 καὶ
1167 3989 1489 4074 πανούργως
1513 3981 1649 4052 οἶδεν
1684 3991 1891 4065 αὐτοὺς,
1922 3995 1993 4061 ὥς
2018 3992 2109 4052 καὶ
2136 3994 2281 4054 Θεό-

645 4090 701 4132 4⁰
726 4098 906 4156 κριτος
932 4077 1275 4160 ὗπεμφαίνει.
1358 4075 1523 4141 Ὅθεν
1542 4080 1634 4139 καὶ
1679 4081 2047 4160 Αἱγυπτιοίζειν
2070 4081 2277 4162 λέγεται

722 4163 785 4222 τὸ
834 4161 1035 4226 ὕπουλα
1076 4166 1325 4246 πράττειν
1344 4213 1363 4242 ,
1413 4166 1506 4228 καὶ
1552 4167 1807 4249 παροιμία
1844 4177 2013 4228 κεῖται
2056 4166 2278 4246 λέγουσα

724 4278 748 4304 α
774 4253 947 4314 Δεινοὶ
967 4253 1179 4314 πλέκειν
1196 4277 1277 4316 τοι
1300 4253 1546 4336 μηχανὰς
1567 4255 1863 4334 Αἰγύπτιοι.
1888 4283 1915 4309 ιι
1995 4255 2277 4339 Ἱστοροῑῖν-

720 4363 809 4399 ται
838 4340 893 4400 δὲ
916 4343 1007 4402 καὶ
1030 4343 1350 4416 δουλωθῆναι
1378 4344 1479 4404 ὑπὸ
1502 4347 1742 4426 Περσῶν.
1825 4343 2139 4423 Ὀμῶνυμος
2166 4345 2219 4406 δὲ
2242 4351 2277 4420 ἡ

721 4561 863 4628 ξηται
885 4561 943 4617 d.
962 4565 1089 4617 Mox
1111 4563 1282 4634 λόχων
1303 4582 1401 4636 pro
1418 4564 1584 4636 λόφων
1609 4571 1663 4620 C.
1688 4565 1711 4634 ΙΙ
1739 4594 1810 4605 -·
1826 4581 1877 4618 2.
1898 4565 2062 4634 πόρρω
2084 4563 2140 4626 d,
2162 4565 2277 4635 πόρ-

719 4642 845 4711 ρωθε
861 4645 915 4696 Ε
918 4681 933 4697 ·
962 4643 984 4712 ΙΙ
1004 4671 1077 4684 “-
1098 4647 1150 4707 4.
1172 4643 1378 4712 πληθύει
1398 4648 1759 4706 CDEFKLYs
1782 4644 2023 4716 πλημύρει
2044 4647 2153 4696 ΚΜ
2164 4647 2207 4698 Υ
2211 4685 2225 4698 .
2251 4643 2272 4713 fl

716 4749 791 4762 -
817 4737 867 4788 7.
906 4721 1079 4794 κυάμῳ
1104 4739 1215 4778 om.
1246 4719 1355 4779 Ed.
1384 4723 1408 4794 11
1433 4752 1505 4764 -
1528 4726 1579 4778 8.
1606 4741 1724 4794 φασι
1750 4726 1844 4794 cy,
1869 4741 1986 4792 φησι
2008 4731 2131 4777 cett.
2164 4721 2185 4790 ΙΙ
2206 4751 2279 4762 ·-

722 4816 803 4854 ιο.
836 4800 1156 4872 μεγαλοφυῶν
1180 4800 1248 4856 de
1268 4819 1388 4857 meo
1412 4799 1563 4868 dedi;
1591 4801 1873 4873 μεγαλοφυῆ
1894 4799 1949 4854 δὲ
1964 4800 2047 4853 καὶ
2068 4800 2275 4871 γόνιμον

714 4878 800 4930 καὶ
824 4878 939 4934 πολ.
968 4883 1009 4933 C
1023 4890 1095 4946 ct,
1120 4880 1280 4935 misso
1299 4879 1379 4948 δὶ,
1401 4879 1471 4945 d,·
1495 4881 1821 4952 μεγαλοφυεῖν
1842 4877 2179 4952 (μεγαλοφυὶν
2197 4880 2275 4947 F)

714 4956 800 5011 καὶ
844 4958 1052 5030 γόνιμον
1093 4957 1147 5014 ’δὲ
1187 4959 1279 5030 (δὲ
1304 4979 1413 5015 om.
1454 4963 1532 5030 Ν)
1569 4961 1653 5014 καὶ
1693 4959 1877 5031 πολυγ.
1922 4968 2046 5014 eett.
2084 4958 2273 5012 Strabo

708 5055 767 5108 p.
800 5039 907 5110 695
936 5039 1095 5114 (592,
1128 5041 1196 5095 38
1228 5039 1356 5096 Did.
1380 5043 1403 5112 )
1432 5041 1503 5096 ita
1527 5039 1721 5096 habet:
1746 5040 1832 5094 τὸν
1858 5037 2045 5093 Νεῖλον
2072 5037 2119 5089 δ’
2142 5035 2273 5090 εἶναι

709 5118 921 5188 γόνιμον
948 5118 1143 5189 μᾶλλον
1172 5117 1345 5192 ἑτέρων
1370 5120 1455 5174 καὶ
1480 5119 1761 5193 μεγαλοφυῆ
1787 5119 1961 5191 γεννᾶν
2003 5116 2087 5172 καὶ
2108 5112 2270 5170 τᾶλλα

2379 1187 2486 1224 non
2529 1168 2736 1224 latrant.
2784 1172 3012 1224 Maxime
3039 1181 3212 1224 autem
3257 1171 3321 1224 ad
3361 1171 3704 1225 nutriendum
3745 1172 3934 1226 idonea

2379 1256 2570 1312 dicitur
2591 1264 2609 1324 (
2627 1277 2718 1332 ap.
2749 1259 2924 1312 Set-ab.
2943 1277 3007 1332 p.
3037 1258 3175 1329 695)
3199 1277 3308 1312 csse
3335 1275 3468 1330 aqua
3492 1257 3632 1322 Nili,
3657 1257 3729 1312 ob
3749 1259 3934 1313 mode-

2377 1354 2541 1399 ratam
2561 1345 2634 1400 ibi
2647 1345 2767 1400 solis
2781 1347 3092 1410 coctionem,
3110 1355 3162 1398 et
3176 1364 3362 1416 magna
3373 1346 3668 1418 producere
3681 1357 3733 1399 et
3743 1346 3928 1405 multa.

2377 1432 2556 1500 Quare
2603 1433 2762 1486 etiarn
2818 1431 3080 1486 interdum
3132 1431 3374 1485 mulieres
3435 1430 3591 1485 soetus
3651 1443 3933 1502 quaternos

2380 1514 2558 1583 edere,
2608 1517 2689 1570 vel
2729 1517 2884 1572 etiam
2903 1555 2918 1583 ,
2969 1515 3260 1572 secundum
3315 1517 3606 1572 Aristotelis
3661 1517 3936 1582 hiatoriam

2381 1600 2482 1674 (H.
2515 1608 2623 1659 An.
2657 1621 2741 1668 ιο,
2774 1619 2807 1656 2
2831 1606 2873 1674 ),
2896 1614 3154 1676 septenos,

2447 1704 2570 1758 229.
2610 1689 2790 1743 Nilum
2816 1687 2945 1743 dicit
2969 1687 3290 1761 permultum
3323 1688 3432 1741 limi
3458 1686 3660 1760 jacere,
3690 1699 3750 1743 ut
3771 1707 3930 1762 supra

2377 1787 2589 1841 quoque
2611 1772 2864 1842 scriptum
2889 1781 2998 1836 est,
3029 1781 3184 1842 atque
3209 1768 3275 1824 ad
3296 1771 3498 1825 beatam
3525 1770 3620 1825 soli
3643 1772 3932 1826 ubertatem

2375 1851 2666 1923 augendam
2697 1855 2803 1907 vim
2841 1871 3082 1925 magnam
3109 1853 3321 1910 habere.
3397 1853 3640 1908 Eundem
3663 1856 3820 1908 etiam
3841 1857 3932 1909 Li-

2374 1934 2526 2008 byam
2562 1935 2630 1991 ab
2657 1940 2780 1993 Asia
2807 1937 3056 1992 dirimere
3095 1936 3254 2002 dicit,
3299 1937 3370 1992 ita
3411 1947 3470 1991 ut
3516 1937 3739 2009 Libyam
3780 1938 3928 1993 sitam

2373 2019 2633 2092 relinquat
2657 2020 2725 2075 ad
2744 2021 2930 2076 Libem
2949 2061 2964 2086 ,
2979 2023 3158 2077 Asiam
3176 2039 3301 2076 vero
3317 2020 3385 2077 ad
3405 2032 3604 2076 ortum.
3678 2021 3930 2087 Observa,

2374 2116 2434 2160 ut
2465 2117 2518 2159 et
2539 2105 2642 2160 boc
2677 2105 2777 2160 loci
2816 2115 2870 2160 et
2903 2104 3094 2159 alicubi
3120 2115 3298 2178 postea
3342 2105 3518 2160 Asiam
3545 2115 3696 2160 vocat
3716 2106 3930 2162 Asidem

2372 2207 2467 2263 per
2493 2189 3011 2255 denominationem,
3043 2207 3152 2244 non
3197 2207 3324 2243 vero
3363 2207 3459 2262 per
3500 2189 3926 2246 diminutionem.

2371 2276 2490 2330 Non
2517 2276 2660 2331 enim
2689 2275 2967 2330 verisimile
3005 2276 3224 2329 voluisse
3245 2293 3366 2329 eum
3393 2292 3488 2347 per
3522 2275 3928 2332 diminutionem

2370 2359 2727 2414 continentem
2749 2369 2948 2412 tantam
2976 2357 3184 2412 efferre.
3257 2359 3344 2412 Sic
3373 2377 3496 2412 vero
3519 2359 3676 2413 etiam
3706 2363 3934 2415 Amazo-

2371 2460 2462 2495 nes
2500 2459 2595 2513 per
2641 2440 3122 2495 denominationem
3169 2440 3419 2494 dicuntur
3463 2441 3840 2507 Amazoniam,
3881 2456 3935 2499 et

2370 2522 2512 2596 apud
2551 2523 2862 2596 Euripidem
2885 2527 2906 2592 (
2920 2527 3016 2580 Or.
3067 2539 3198 2576 1002
3223 2527 3242 2588 )
3267 2523 3404 2592 Maja
3421 2563 3436 2587 ,
3466 2534 3633 2577 mater
3659 2525 3930 2590 Mercurii,

2369 2605 2532 2679 Majas
2547 2648 2562 2672 ,
2584 2617 2638 2661 et
2655 2606 2989 2680 Tyrrhenum
3009 2623 3153 2659 mare
3178 2607 3458 2678 Dionysius
3481 2607 3728 2660 θάλασσαν
3751 2608 3935 2680 Τυρρη-

2371 2691 2481 2744 νίδα
2508 2699 2678 2745 vocat.

2441 2773 2564 2829 232.
2605 2772 2874 2843 AEgyptios
2903 2771 2966 2823 iis
3011 2769 3253 2824 laudibus
3298 2769 3552 2838 celebrat,
3584 2782 3644 2825 ut
3679 2790 3768 2826 eos
3793 2771 3935 2827 dicat

2371 2868 2532 2921 genus
2555 2851 2924 2925 praeclarorum
2956 2850 3218 2916 virorum,
3240 2851 3332 2920 qui
3361 2849 3548 2920 primi,
3580 2851 3754 2922 inquit
3771 2894 3787 2915 ‚
3815 2853 3934 2906 vitat

2373 2931 2481 2984 vias
2495 2971 2512 2995 ,
2537 2931 2594 2985 h.
2623 2949 2672 2985 e.
2702 2939 2862 2994 artes,
2893 2949 2925 2982 a
2961 2947 3072 2982 sese
3104 2926 3428 2994 adinventas,
3458 2930 3803 2998 διεστήσαντο,
3847 2931 3932 2986 (Ιί-

2369 3009 2684 3075 senuerint,
2729 3010 2783 3060 in
2829 3008 3201 3078 agriculturam
3229 3018 3280 3062 et
3306 3027 3418 3062 rem
3451 3009 3728 3064 militarem
3767 3019 3819 3064 et
3845 3031 3928 3066 sa·

2372 3088 2665 3143 cerdotium
2691 3097 2744 3141 et
2765 3086 2861 3140 alia
2885 3085 3270 3157 hujuscemodi.
3343 3089 3507 3142 Primi
3525 3091 3712 3154 etiam,
3735 3091 3924 3161 inquit,

2373 3167 2612 3238 optabilis
2639 3165 2798 3219 aratri
2840 3165 3131 3236 periculum
3169 3165 3430 3232 fecerunt,
3457 3177 3513 3221 et
3542 3185 3720 3221 semen
3771 3187 3929 3241 super

2371 3244 2574 3300 sulcum
2589 3243 2938 3298 rectissimum
2957 3243 3340 3315 expanderunt.
3415 3245 3578 3298 Primi
3603 3247 3760 3299 etiam
3781 3246 3928 3301 lineis

2333 3358 2344 3369 ·
2373 3323 2562 3379 coelum
2583 3322 2808 3377 dimensi
2825 3331 2950 3375 sunt
2964 3360 2980 3387 ,
3000 3323 3123 3392 quia
3143 3323 3398 3376 nimirum
3419 3321 3541 3377 solis
3563 3326 3928 3378 conversiones

2373 3403 2713 3465 invenerunt,
2738 3409 2790 3453 et
2815 3399 3010 3465 animo,
3041 3399 3096 3454 h.
3128 3419 3176 3454 e.
3209 3411 3396 3472 suopte
3425 3401 3635 3473 ingenio
3663 3420 3833 3474 neque
3859 3406 3924 3458 ab

2373 3481 2474 3535 alio
2519 3479 2725 3546 edocti,
2773 3477 3044 3550 obliquum
3085 3479 3206 3534 solis
3237 3496 3448 3533 cursum
3492 3479 3924 3548 considerarunt,

2373 3563 2483 3633 ipsa
2506 3571 2692 3614 natura
2715 3577 2808 3614 sua
2827 3559 3101 3631 sapientes.
3137 3562 3311 3631 Atque
3329 3560 3400 3612 ita
3428 3559 3642 3632 quidem
3664 3561 3928 3632 Pei-iegeta

2375 3644 2642 3716 magnifiee
2667 3661 2756 3698 eos
2779 3642 2999 3700 extollit.
3030 3641 3131 3696 Sed
3151 3641 3450 3696 Herodotus
3484 3660 3698 3716 quoque
3725 3647 3748 3714 (
3773 3662 3826 3708 2,
3857 3647 3922 3718 3)

2373 3724 2554 3781 scribit
2575 3725 2771 3798 primos
2797 3723 3096 3779 mortalium
3119 3722 3386 3797 AEgyptios
3406 3741 3605 3778 annum
3629 3725 3888 3780 invenisse
3903 3766 3918 3790 ,

2373 3805 2838 3878 AEgyptiorumque
2865 3804 3192 3859 doctissimos
3215 3821 3326 3858 esse
3339 3802 3768 3877 Heliopolitanos.
3811 3807 3926 3861 Alia

2373 3901 2496 3938 vero
2510 3883 2725 3938 historia
2737 3883 3005 3955 AEgyptios
3025 3891 3270 3953 tanquam
3286 3881 3460 3936 vafros
3479 3883 3645 3948 novit,
3669 3894 3730 3939 ut
3747 3883 3920 3937 Theo·

2371 3963 2533 4016 critus
2576 3978 2788 4033 quoque
2827 3960 2956 4034 (Id.
3003 3960 3086 4026 1⁵,
3125 3961 3236 4030 1⁸9)
3278 3959 3492 4015 indicat.
3569 3959 3728 4016 Unde
3763 3963 3922 4016 etiam

2371 4040 2698 4113 αἰγυπτιάζειν
2731 4039 2928 4094 dicitur
2964 4038 3182 4094 subdole
3206 4057 3360 4110 agere
3385 4051 3544 4113 atque
3579 4042 3635 4094 in
3661 4044 3918 4095 sermonis

2370 4115 2746 4172 consuetudine
2773 4127 2852 4171 est
2877 4115 3119 4187 adagium
3151 4133 3165 4170 ε
3205 4116 3344 4175 Scizi
3369 4115 3636 4172 struendis
3659 4117 3920 4172 ”meltinas

2369 4195 2626 4269 AE'gypeii.
2649 4197 2892 4250 Ceterum
2911 4213 3002 4250 eos
3019 4213 3050 4249 a
3075 4197 3244 4250 Persis
3269 4197 3324 4249 in
3351 4197 3656 4251 servitutem
3685 4194 3926 4252 redactos

2372 4275 2524 4330 fuisse
2548 4275 2765 4330 historia
2809 4274 3072 4348 proditur.
3145 4275 3398 4347 AEgyptus
3430 4276 3575 4344 regio
3600 4275 3926 4346 cognominis

2369 4363 2446 4407 est
2467 4353 2672 4426 Egypti
2687 4394 2702 4419 ,
2720 4355 2809 4425 qui
2833 4352 2942 4408 Beli
2963 4352 3100 4406 filius
3114 4393 3129 4418 ,
3149 4353 3319 4406 Danai
3345 4351 3506 4406 frater
3528 4352 3630 4407 fuit
3651 4354 3728 4421 (E
3747 4355 3922 4426 Steph-

2369 4563 2518 4617 όλόον
2573 4567 2668 4632 Uy.
2706 4565 2727 4634 ΙΙ
2757 4592 2830 4606 --
2878 4569 2962 4619 16.
2994 4562 3278 4634 ἀποτέμνειν
3318 4569 3381 4620 L.
3415 4563 3437 4634 ΙΙ
3468 4591 3543 4604 -
3581 4568 3665 4619 ι8.
3693 4565 3770 4617 ότι
3812 4583 3922 4618 om.

2371 4646 2442 4706 C,-
2479 4660 2603 4697 mox
2646 4642 2800 4708 δήπου
2853 4643 3092 4714 U.11-—
3134 4658 3226 4698 αι.
3275 4641 3327 4695 αἱ
3367 4659 3476 4697 om.
3535 4645 3602 4699 U.
3650 4642 3673 4713 ΙΙ
3715 4671 3790 4684 -
3833 4645 3922 4698 23.

2367 4721 2506 4775 Μαῖα
2555 4739 2661 4776 om.
2717 4726 2769 4775 C.
2803 4722 2825 4791 ss
2854 4751 2929 4762 —
2965 4720 3052 4776 25.
3082 4721 3110 4774 ὅ
3133 4721 3381 4783 Διονύσιος
3421 4719 3542 4778 add.
3589 4739 3654 4775 ex
3705 4726 3758 4778 C.
3798 4723 3820 4791 ΙΙ
3851 4753 3926 4767 —

2365 4805 2454 4858 26.
2504 4799 2794 4874 ἀριπρεπέων
2847 4799 3250 4870 CEFMNUdy,
3305 4799 3579 4872 ἀριπρεπῶν
3625 4810 3748 4855 eett.
3787 4803 3841 4856 3.
3893 4803 3917 4873 ss

2361 4909 2435 4922 —
2456 4897 2544 4951 27.
2588 4879 2905 4946 διεστήσαντο
2946 4895 3052 4932 om.
3083 4883 3145 4933 L.
3183 4879 3206 4950 ss
3232 4907 3308 4920 —·-
3340 4894 3428 4949 29.
3468 4878 3550 4932 καὶ
3584 4889 3706 4932 ante
3731 4878 3916 4951 ἱεροπρ.

2361 4976 2469 5013 om.
2494 4957 2550 5016 d.
2586 4960 2609 5031 ΙΙ
2640 4989 2713 5001 -
2738 4959 2824 5013 30.
2863 4975 3006 5029 φησιν
3047 4957 3320 5029 ἱμερόεντες
3351 4962 3420 5021 0,·
3445 4957 3718 5029 ἱμερόεντες
3760 4960 3918 5012 etiam

2359 5035 2402 5087 d
2443 5035 2619 5093 habet.
2661 5039 2683 5109 Π
2729 5067 2800 5078 -
2841 5037 2928 5091 31.
2973 5035 3608 5107 πρῶτοι...διεμετρήσαντο
3655 5053 3764 5088 om.
3793 5034 3849 5090 d.
3888 5037 3912 5106 ΙΙ

2359 5144 2430 5157 -
2457 5116 2634 5186 33-37.
2669 5115 2752 5169 καὶ
2791 5114 3083 5186 θύμῳ...τδν
3130 5112 3350 5169 ἐνιαυτόν
3397 5132 3504 5170 om.
3551 5119 3604 5172 C.
3655 5115 3784 5186 11-
3821 5114 3911 5171 38.

708 5197 793 5249 καὶ
836 5197 898 5251 τὰ
941 5194 1167 5270 anetem.
1208 5199 1231 5270 ss
1266 5229 1339 5242 --
1378 5215 1463 5254 12.
1512 5197 1797 5270 ἐπτάδυμα]
1846 5197 2126 5268 πεντάδυμα
2173 5213 2260 5266 ap.
2355 5191 2687 5266 λογιώτατοι]
2754 5194 2829 5246 sic
2880 5189 3212 5261 Herodotus,
3267 5191 3604 5264 λογιμώτατοι
3653 5189 3811 5245 codd.
3860 5203 3914 5246 et

706 5275 925 5330 Aristot.
953 5277 1022 5333 Η.
1054 5280 1161 5332 An.
1184 5295 1237 5348 7,
1262 5281 1295 5341 4
1322 5277 1556 5348 legimus.
1588 5276 1708 5344 11-
1734 5279 1818 5340 14.
1846 5275 1929 5327 καὶ
1952 5293 2063 5330 om.
2089 5272 2263 5337 ENd,·
2353 5271 2502 5328 editt.
2554 5274 2576 5345 ΙΙ
2621 5303 2692 5315 —-
2734 5273 2822 5336 43.
2851 5272 2896 5324 δ’
2941 5271 3194 5339 ἡλωθῆναι
3247 5271 3314 5336 d,·
3360 5271 3452 5326 ὓπδ
3493 5277 3590 5326 τῶν
3641 5271 3788 5344 Περσ.
3841 5275 3907 5331 L.
