4584 6284
1666 431 2022 496 ANAPLUS
2063 435 2391 498 Bospom
2432 437 2776 502 Tnnscn.
3780 459 3843 509 11

633 563 738 618 alio
767 561 1002 632 loco(l„
1045 564 1130 626 18,
1157 561 1314 632 545)
1352 559 1484 616 dicit
1507 580 1617 616 esse
1649 560 1803 634 juxta
1833 565 2198 641 Bosporum),

634 648 876 703 aberrare
917 645 1143 703 videtur.
1219 648 1356 702 Nam
1383 649 1494 702 sive
1532 666 1565 702 a
1588 649 1938 722 promontorii
1977 651 2202 706 Hermai

632 736 886 809 angustiis
913 734 1158 806 intelligit
1173 775 1188 800 ,
1209 746 1336 791 sunt
1357 737 1578 809 amplius
1605 738 1712 792 ΧΠ
1739 737 1961 794 miliaria
1981 736 2050 793 ad
2070 739 2202 811 Cya-

632 843 786 889 neas;
837 823 950 878 sive
996 841 1030 878 a
1089 824 1222 878 Fani
1255 825 1534 896 angustiis,
1591 842 1676 880 eas
1731 827 1986 882 Arrianus
2043 824 2202 883 tradit

633 909 830 966 distare
882 928 916 965 a
971 910 1195 984 Cyaneis
1251 909 1594 983 quadraginta
1653 911 1836 969 stadia.
1911 911 2016 968 Sed
2071 913 2201 986 quid

638 1000 842 1054 diutius
882 1017 973 1054 me
1011 1009 1226 1073 torquet
1247 999 1403 1055 Plinii
1429 1001 1774 1056 inconstantia
1791 1041 1806 1068 ,
1833 1001 1927 1074 qui
1959 1000 2082 1056 alibi
2103 1004 2126 1073 (
2145 1006 2202 1074 4,

635 1105 725 1161 27,
751 1091 782 1158 5
825 1087 938 1163 92)
980 1106 1090 1144 non
1139 1098 1347 1144 veretur
1379 1089 1606 1145 scribere
1640 1091 1872 1163 Cyaneas
1907 1089 2100 1146 distare
2134 1091 2202 1146 ab

635 1174 774 1230 ostio
819 1176 952 1230 xtv
983 1176 1085 1241 M„
1123 1174 1190 1230 ab
1233 1177 1463 1249 Europa.
1503 1178 1580 1230 Μ.
1623 1177 1674 1230 D
1707 1193 1866 1251 pass„
1907 1195 2026 1249 quae
2078 1195 2199 1252 pro-

641 1262 780 1319 fecto
816 1282 928 1320 non
964 1261 1158 1318 distant
1186 1263 1255 1319 ab
1282 1266 1493 1338 Europa
1517 1263 1634 1339 plus
1663 1267 1930 1337 octoginta
1963 1265 2202 1340 passibus

640 1353 894 1408 Romanis
920 1369 934 1408 :
975 1369 1145 1426 neque
1166 1352 1234 1407 ab
1257 1353 1422 1420 ostio,
1448 1354 1652 1408 etiamsi
1677 1352 1789 1425 ejus
1825 1355 2039 1409 initium
2066 1357 2134 1409 sit
2171 1373 2202 1410 a

643 1441 765 1496 sano
787 1443 963 1512 Iovis,
984 1439 1208 1514 amplius
1242 1441 1474 1513 quinque
1501 1441 1811 1496 miliaribus.
1887 1427 2091 1496 Verum
2129 1441 2201 1496 illi

642 1546 752 1582 non
787 1525 991 1582 ferendi
1043 1528 1338 1598 ignorantes
1389 1528 1599 1582 initium
1647 1539 1700 1582 et
1739 1527 1900 1583 finem
1943 1529 2164 1602 Bospori
2181 1567 2198 1594 ,

641 1633 776 1688 quos
852 1614 1086 1688 designat
1135 1615 1437 1671 Eustathius
1449 1615 1494 1670 ⁶.
1535 1641 1558 1664 ιι
1587 1616 1935 1680 Thracicum,
1992 1617 2197 1689 inquit,

641 1705 932 1776 Bosporum
967 1703 1053 1759 alii
1087 1700 1274 1758 dicunt
1319 1721 1429 1758 esse
1469 1705 1733 1774 angustias
1777 1701 1968 1776 Anapli
1997 1719 2201 1756 nuncu·

639 1791 765 1865 pati.
805 1817 828 1840 ιι
859 1793 972 1863 Ego
1025 1809 1148 1846 vero
1187 1801 1366 1864 postea
1427 1789 1698 1847 ostendam
1763 1789 2030 1864 Anaplum
2092 1807 2202 1844 esse

637 1897 801 1953 prope
824 1879 1030 1934 Hestias
1046 1879 1490 1952 promontorium.
1519 1875 1727 1932 Deinde
1755 1875 1996 1950 adjungit
2015 1878 2200 1930 Eusta-

640 1969 780 2023 thius
807 1967 1108 2040 diligentius
1134 1965 1520 2041 perfectiusque
1549 1965 1758 2021 tradere
1783 1966 1876 2038 qui
1903 1963 2084 2020 dicant
2113 1981 2202 2018 su-

637 2073 731 2128 pra
749 2053 1136 2110 chalcedonem
1153 2071 1265 2109 esse
1281 2071 1342 2109 os
1357 2055 1510 2109 Ponti
1525 2094 1540 2120 ,
1555 2053 1650 2108 ubi
1667 2054 1826 2108 etiam
1845 2053 1951 2108 sint
1963 2052 2204 2106 maximae

638 2143 890 2214 angustiae
914 2160 930 2198 τ
962 2159 1152 2214 nempe
1177 2138 1416 2210 designat
1449 2141 1739 2212 angustias,
1767 2157 1898 2212 quas
1923 2137 2034 2192 din'
2071 2155 2203 2192 unas

638 2226 780 2302 apud
801 2227 1229 2301 promontorium
1256 2227 1556 2281 Hermaeum
1569 2265 1586 2292 ,
1610 2224 1794 2280 alteras
1813 2223 1883 2279 ad
1904 2223 2084 2280 fanum
2110 2225 2203 2279 Jo-

641 2319 736 2372 vis.
809 2318 876 2371 In
901 2334 1012 2388 quo
1033 2334 1214 2371 errore
1244 2315 1462 2386 cognovi
1491 2331 1601 2368 esse
1626 2311 1908 2368 nonnullos
1929 2313 2206 2396 Byzantios

643 2404 748 2458 illic
786 2403 1146 2458 existimantes
1191 2403 1488 2475 Bosporum
1513 2399 1620 2455 dici
1657 2419 1724 2454 ex
1751 2419 1816 2454 eo
1860 2399 2006 2472 quod
2044 2400 2206 2455 boves

646 2490 786 2545 ultro
819 2490 1058 2562 citroque
1083 2489 1308 2544 tmnsire
1332 2488 1512 2544 solitos
1529 2507 1664 2563 saepe
1688 2487 1936 2544 viderint.
2007 2489 2208 2544 Plinius

646 2577 736 2652 (5,
783 2577 922 2647 43,§
977 2578 1078 2633 1⁵0
1097 2576 1400 2650 ),·similiter
1443 2577 1705 2648 angustias
1735 2577 1952 2649 Bospori
1985 2575 2208 2658 proprie

641 2670 936 2739 Bosporum
957 2664 1218 2739 appellare
1241 2663 1464 2731 ridetur,
1490 2682 1615 2719 cum
1632 2664 1733 2721 ait:
1755 2667 2111 2738 Bosporus.D.
2137 2665 2204 2719 P.

639 2754 914 2832 ,intemallo
957 2754 1152 2809 Asiam
1203 2757 1431 2829 Bumpoe
1471 2753 1659 2807 iterum
1707 2751 1948 2823 aus‘ercns
1981 2751 2128 2806 abest
2173 2771 2210 2806 a

643 2840 950 2898 Chalcedone
969 2843 1107 2896 ΧΠ.
1134 2843 1219 2897 Μ’.
1250 2843 1323 2897 D.
1353 2843 1448 2904 P.‚·
1477 2837 1596 2894 inde
1619 2839 1813 2910 fauces
1826 2837 2038 2913 primoe.
2072 2838 2208 2892 Nam

640 2931 782 3004 quod
817 2930 1188 3003 Xenophontis
1212 2928 1422 2984 codices
1449 2927 1470 3002 (
1487 2927 1661 2985 Anah.
1687 2946 1742 3000 7,
1779 2944 1828 2993 1,
1865 2927 1922 3000 1)
1947 2937 2054 2980 tam
2081 2923 2208 2980 editi

641 3035 798 3090 quam
827 3016 1068 3071 nondum
1091 3016 1222 3071 editi
1248 3015 1443 3070 habent
1469 3014 1816 3087 chrysopolin
1851 3013 1989 3068 Asiae
2021 3011 2207 3066 urbem

641 3115 789 3158 extra
812 3105 968 3158 Ponti
1005 3103 1202 3158 ostium
1246 3101 1398 3156 sitam
1437 3119 1548 3155 esse
1577 3101 1684 3170 (sic
1717 3099 1860 3154 enim
1899 3115 2062 3170 grace
2099 3107 2205 3161 εει,

645 3183 740 3252 ἔξω
766 3188 862 3244 τοῦ
881 3182 1186 3262 στόματος),
1216 3207 1315 3261 ego
1327 3189 1568 3244 existimo
1581 3185 1860 3258 legendum
1877 3204 1988 3240 esse
2006 3176 2111 3237 1⁶oe
2129 3185 2208 3239 vel

645 3271 769 3330 εἴσω
819 3294 910 3330 του
950 3269 1278 3348 στόματος,
1219 3278 1244 3317 7
1320 3293 1444 3330 σιιιιι
1495 3293 1678 3330 omnes
1726 3272 2008 3346 geographi
2068 3273 2208 3326 intra

649 3370 932 3438 Bosporum
963 3363 1288 3418 constituant
1311 3359 1709 3434 Chrysopolim,
1729 3377 1848 3432 quae
1869 3360 1924 3412 in
1951 3358 2210 3432 penitiore

647 3454 884 3524 Bosporo
917 3461 995 3506 est
1042 3467 1202 3522 quam
1241 3446 1540 3506 Chalcedon
1581 3457 1636 3502 et
1688 3446 1997 3519 Byzantium
2054 3444 2210 3499 urhes

651 3538 720 3594 ab
758 3536 1008 3592 omnibus
1031 3535 1362 3610 principibus
1397 3533 1746 3607 geographis·
1729 3549 1788 3586 ιιι
1819 3532 2056 3604 Bosporo
2079 3547 2210 3586 con·

649 3627 862 3681 stitutae.
870 3626 1054 3696 Itaque
1069 3623 1232 3678 miror
1245 3619 1604 3678 Herodianum
1622 3619 1698 3694 (3,
1707 3617 2001 3690 1)scribcre
2012 3617 2208 3690 Byzan·

653 3715 786 3768 tium
826 3714 984 3767 situm
1011 3729 1124 3766 esse
1163 3713 1220 3765 in
1263 3710 1630 3782 angustissimo
1668 3705 2006 3779 Propontidis
2043 3703 2202 3771 freto,

729 3954 783 4004 6.
809 3949 1112 4004 Eustathius
1137 3948 1206 4004 ad
1228 3949 1387 4003 Dion:
1419 3946 1556 4011 145:
1579 3945 1677 3999 Tov
1704 3945 1758 4000 δὲ
1779 3942 2017 4015 θρῳιικδν
2035 3946 2210 3995 τοῦτον

659 4029 911 4100 Βόσπορον
935 4027 985 4082 oi
1023 4029 1109 4100 μέν
1135 4045 1280 4100 φασιν
1305 4025 1432 4082 εἶναι
1458 4023 1522 4079 τὰ.
1545 4024 1670 4078 κατὰ
1694 4022 1989 4090 Χαλκηδόνα
2009 4021 2092 4074 καὶ
2116 4020 2210 4073 Βυ-

659 4108 854 4170 ζάντιον
896 4109 1108 4162 στενά...
1118 4103 1236 4160 .οἱ
1271 4103 1324 4159 δὲ
1457 4121 1566 4156 ιατα
1589 4101 1652 4156 τὰ
1687 4101 1792 4154 ἄνω
1815 4099 2090 4170 (Πόντου)
2123 4100 2212 4150 τοῦ

654 4181 959 4254 καλουμένου
1002 4179 1308 4234 Ἆνάπλου...

653 4281 796 4330 φασιν
821 4260 868 4314 oi
887 4260 1118 4330 λέγοντες
1138 4257 1256 4329 ὓπὶρ
1272 4256 1571 4323 Χαλκηδόνα
1591 4251 1722 4308 εἶναι
1737 4252 1796 4308 rb
1815 4228 1976 4324 στόμα
1996 4258 2082 4308 του
2099 4253 2224 4308 Πον·

755 4333 925 4402 ,ἔνθα
969 4335 1054 4388 καὶ
1099 4334 1156 4388 rb
1186 4333 1401 4407 μάλιστα
1431 4332 1635 4398 στενόν,
1661 4331 1746 4386 καὶ
1787 4325 1844 4384 οὗ
1875 4329 2052 4403 ἔγγὺς,
2089 4331 2214 4386 κατὰ

659 4415 744 4469 τὸν
773 4415 1046 4482 Διονύσιον,
1067 4413 1118 4468 αἱ
1145 4415 1355 4468 Κυάνεαι
1373 4413 1558 4484 πὲτραι.
1588 4413 1651 4465 In
1673 4410 1754 4465 his
1785 4429 1884 4464 vox
1908 4409 2098 4464 Πόντου
2123 4429 2214 4466 ex-

659 4493 938 4568 pungenda
959 4493 1150 4560 suerit;
1177 4512 1301 4548 nam
1325 4491 1462 4547 male
1486 4490 1672 4556 habet;
1695 4507 1800 4562 qua
1823 4487 2049 4557 sublata,
2076 4500 2216 4545 recte

660 4571 799 4627 dicet
822 4585 1007 4628 auctor
1023 4573 1284 4643 angustias
1310 4589 1428 4644 quae
1453 4579 1577 4624 sunt
1600 4587 1758 4642 supra
1785 4567 2076 4641 Anaplum,
2101 4569 2141 4623 i.
2160 4586 2209 4622 e.

659 4664 827 4724 prope
851 4651 1150 4706 Hermaeum
1175 4668 1349 4724 prom.
1380 4649 1556 4719 Quae
1539 4667 1594 4702 ιιι
1629 4647 1908 4720 postremis
1947 4645 2213 4717 leguntur,

665 4727 784 4784 ἔνθα
809 4729 894 4783 καὶ
923 4740 1049 4796 etc.,
1083 4739 1190 4784 tam
1218 4747 1346 4800 vaga
1373 4737 1528 4793 sunt,
1567 4737 1629 4782 ut
1667 4743 1853 4798 parum
1880 4736 2121 4780 accurate
2145 4723 2214 4780 de

661 4803 746 4860 his
771 4806 928 4861 rebus
947 4805 1192 4861 edoctum
1219 4805 1376 4860 fuisse
1399 4803 1736 4860 Eustathium
1757 4801 2005 4876 prodant.

734 4905 788 4957 7.
827 4884 1114 4954 ,legendum
1136 4884 1274 4958 ἔσω]
1305 4887 1446 4940 Βειιε
1474 4883 1632 4938 habet
1657 4883 1858 4954 vulgata
1893 4881 2018 4948 ἔξω,
2045 4899 2210 4954 quum

661 4962 1050 5035 Xenophonti
1035 4981 1091 5016 ιιι
1116 4963 1287 5016 Ροιιιο
1313 4961 1536 5014 versanti
1571 4959 1904 5049 Chrysopolis
1930 4969 2042 5012 ciat
2067 4969 2214 5014 extra

660 5041 858 5095 ostium
889 5041 1077 5106 Ponti,
1123 5039 1266 5113 quod
1311 5037 1576 5112 ponebant
1611 5036 1761 5109 juxta
1805 5039 2006 5091 Panum
2042 5038 2208 5092 Jovis.

658 5118 865 5191 Gyllius
888 5119 960 5173 ita
999 5117 1231 5192 disputat
1258 5119 1404 5191 quasi
1439 5117 1736 5188 Xenophon
1762 5114 1976 5171 dixisset
2003 5113 2095 5178 Ῑξω
2119 5121 2210 5170 τοῦ

1367 4177 1546 4234 ’lodov
1583 4175 1636 4230 δὲ
1667 4175 1750 4229 καὶ
1777 4175 1852 4228 ὅτι
1889 4172 1979 4247 dxc
1983 4175 2221 4246 ιὸἕστερόν

2294 585 2411 639 quoe
2438 567 2583 623 facile
2606 581 2873 642 paterent,
2911 572 2955 624 si
2988 571 3243 629 duntaxat
3274 573 3488 630 dixisset
3512 575 3673 630 situm
3698 574 3852 647 juxta

2292 655 2663 728 Propontidem
2680 697 2697 724 ,
2728 657 2874 730 quod
2915 657 3130 715 sortasse
3164 663 3321 716 etiam
3364 662 3653 719 Herodiani
3702 675 3850 721 aetate

2292 743 2597 816 Byzantium
2608 744 2781 816 aliqua
2796 763 2863 800 ex
2883 757 3054 819 perte,
3074 746 3167 801 sed
3186 748 3405 804 minima
3422 769 3487 804 ex
3512 751 3700 815 tribus,
3722 753 3851 808 Pro·

2291 828 2559 902 pontidem
2586 832 2876 902 attingeret.
2950 833 3023 887 At
3043 850 3109 887 ex
3130 851 3191 887 ea
3208 844 3357 906 parte
3377 834 3570 890 fretum
3596 840 3850 910 angustis·

2291 917 2483 971 simum
2506 935 2613 972 non
2640 927 2718 972 αι
2733 958 2749 984 ,
2770 936 2832 972 ac
2850 919 3028 992 potius
3052 918 3257 974 nullum
3284 918 3477 976 fretum
3504 933 3611 990 est,
3641 922 3731 979 sed
3751 923 3851 980 lata

2291 1005 2584 1076 Propontis.
2614 1004 2803 1058 Nescio
2827 1023 2893 1060 an
2922 1005 3154 1060 imitatus
3176 1007 3245 1060 sit
3275 1006 3583 1080 Polybium,
3613 1011 3706 1080 qui
3726 1010 3849 1066 Hel-

2291 1091 2585 1164 lespontum
2648 1092 2869 1166 appellat
2926 1093 3265 1167 Propontidis
3318 1097 3599 1166 angustias.
3674 1099 3847 1154 Varro

2291 1177 2626 1252 Propontidis
2649 1178 2821 1236 fauces
2847 1179 3010 1247 dixit,
3041 1179 3135 1236 ubi
3175 1182 3380 1236 Xerxes
3404 1191 3621 1254 pontem
3645 1183 3845 1255 junxit.

2292 1270 2363 1323 At
2388 1267 2443 1322 hi
2474 1269 2571 1323 etsi
2592 1279 2834 1341 poterant
2859 1269 3115 1343 appellare
3130 1270 3287 1324 Ponti
3309 1269 3567 1326 secundas
3588 1274 3849 1345 angustias

2291 1365 2346 1408 et
2370 1353 2543 1410 fauces
2560 1396 2575 1423 ,
2602 1366 2775 1411 tamen
2801 1368 2941 1413 recte
2967 1357 3291 1430 appellarunt
3315 1359 3677 1432 Propontidis.
3714 1361 3849 1418 Nam

2289 1441 2467 1496 influit
2508 1443 2563 1496 in
2600 1443 2992 1516 Hellespontum
3034 1445 3316 1517 Propontis
3333 1485 3349 1511 ,
3388 1454 3443 1499 at
3469 1463 3581 1500 non
3626 1448 3751 1502 item
3792 1450 3847 1503 in

2291 1530 2615 1601 Bosporum3
2658 1529 2788 1602 quin
2822 1547 3083 1602 nusquam
3116 1531 3384 1605 Bosporus
3408 1530 3647 1606 rapidior
3680 1532 3851 1588 fertur

2292 1616 2539 1672 adversus
2574 1616 2947 1690 Propontidem
2991 1635 3149 1690 quam
3192 1619 3329 1673 circa
3379 1620 3709 1692 Byzantium.
3783 1623 3847 1676 In

2290 1701 2478 1758 eodem
2504 1720 2681 1758 errore
2712 1714 2792 1758 est
2828 1704 3130 1758 Eustathius
3168 1704 3235 1774 (l.
3270 1703 3309 1760 l.
3327 1707 3350 1775 )
3388 1723 3593 1778 ponens
3627 1706 3843 1760 Chalce-

2289 1787 2525 1843 donem
2510 1807 2565 1844 ιιι
2590 1789 2928 1864 Propontide.
2950 1791 3035 1845 Sic
3058 1791 3203 1846 enim
3221 1793 3596 1864 interpretatur
3608 1792 3847 1864 Dionysii

2294 1895 2503 1932 versum
2554 1877 2723 1952 (803),
2772 1871 3061 1938 Χαλκιδέας
3101 1869 3197 1948 μὲν
3250 1894 3439 1952 πρωτα
3482 1869 3629 1953 παρὰ
3671 1871 3844 1948 στόμα

2289 1955 2445 2032 γαῖαν
2483 1954 2733 2036 ἔχουσινε
2758 1980 2879 2017 τουτ
2850 1955 2995 2018 ί·στι
3020 1957 3141 2039 περὶ
3161 1956 3345 2036 στόμα
3378 1957 3541 2036 ἤγουν
3589 1959 3712 2038 περὶ
3749 1957 3843 2032 τὴν

2294 2045 2627 2123 Προποντίδα
2643 2089 2661 2118 ,
2687 2070 2809 2107 cum
2844 2054 3019 2126 potius
3047 2054 3379 2126 interpretari
3414 2055 3713 2127 Bosporum
3750 2053 3845 2110 de-

2292 2138 2508 2194 buisset.
2579 2139 2824 2194 Similiter
2841 2139 3033 2195 labitur
3054 2141 3353 2195 Priscianus
3372 2141 3450 2195 sic
3479 2137 3707 2195 eundem
3730 2158 3845 2196 ver·

2291 2245 2411 2282 sum
2454 2226 2611 2282 latine
2652 2225 2875 2282 reddens
2916 2243 2932 2282 ι
2978 2231 3110 2282 Sunt
3150 2225 3482 2282 Chalcedonii
3516 2225 3689 2301 primi
3718 2240 3848 2300 pose

2292 2313 2433 2370 ostia
2465 2313 2648 2379 Ponti,
2676 2323 2856 2368 contra
2880 2311 3137 2368 Herodoti
3152 2353 3169 2381 ,
3207 2313 3411 2385 Polybii
3426 2352 3443 2380 ,
3482 2312 3751 2368 Strabonis
3790 2323 3843 2368 ει

2295 2399 2615 2472 reliquorum
2650 2416 2975 2454 summorum
3003 2399 3320 2472 scriptorum
3368 2400 3678 2454 sententiam
3696 2439 3713 2464 ,
3752 2401 3845 2469 qui

2298 2485 2625 2542 intercedens
2652 2485 2842 2541 fretum
2871 2487 3009 2540 inter
3042 2485 3426 2541 Chalcedonem
3461 2496 3515 2540 et
3536 2487 3842 2559 Byzantium

2295 2573 2554 2646 appellant
2572 2574 2881 2646 Bosporum.
2957 2570 3244 2644 Dionysius
3276 2571 3565 2640 Byzantius
3596 2573 3684 2641 (ν.
3708 2569 3845 2627 infra

2299 2661 2366 2715 fr.
2398 2661 2431 2714 3
2448 2663 2499 2731 ),
2526 2659 2913 2733 antiquissimus
2932 2659 3203 2732 Bosporici
3226 2658 3419 2732 Anapli
3440 2659 3686 2732 scriptor,
3717 2677 3842 2732 pro-

2304 2748 2627 2803 montorium
2640 2786 2656 2813 ,
2696 2748 2754 2801 in
2784 2763 2891 2818 quo
2924 2744 3085 2800 situm
3132 2754 3210 2799 αι
3242 2744 3551 2818 Byzantium
3566 2784 3581 2812 ,
3624 2745 3845 2818 appellat

2296 2833 2639 2908 Bosporium,
2664 2851 2727 2888 ex
2772 2850 2837 2888 eo
2862 2829 3007 2904 quod
3040 2829 3137 2886 bos
3162 2830 3280 2898 illa,
3304 2849 3422 2904 quae
3466 2848 3661 2884 nomen
3697 2828 3845 2885 dedit

2295 2923 2560 2996 Bosporo,
2606 2939 2669 2976 ex
2712 2921 2817 2977 hoc
2851 2919 3217 2994 promontorio
3246 2918 3511 2972 transierit
3549 2917 3606 2971 in
3642 2917 3839 2972 Asiam.

2296 3007 2399 3065 Sed
2432 3025 2589 3110 quam
2621 3005 2883 3062 interdum
2928 3004 3251 3078 geographie
3295 3003 3611 3074 negligentes
3652 3000 3846 3057 suerint

2296 3095 2455 3151 etiam
2482 3095 2707 3164 insignes
2741 3092 3095 3165 grammatici,
3138 3107 3260 3144 cum
3299 3106 3367 3144 ex
3412 3088 3524 3143 aliis
3565 3090 3837 3162 perspexi,

2300 3193 2411 3236 tum
2429 3198 2495 3235 ex
2508 3178 2779 3234 Eustathio
2794 3187 2848 3233 et
2871 3177 3167 3240 Priscisno,
3188 3187 3301 3230 tum
3321 3174 3547 3228 maxime
3561 3193 3627 3228 ex
3643 3176 3845 3228 Joanne

2295 3269 2513 3334 '1⁸,zetze
2552 3266 2643 3338 qui
2680 3267 2973 3338 Bosporum
3004 3262 3289 3318 Thracium
3326 3261 3696 3334 appellandum
3734 3278 3845 3316 esse

2298 3354 2740 3426 Hellespontian,
2777 3361 2831 3407 et
2856 3360 3018 3406 totam
3042 3348 3421 3422 Propontidem
3440 3347 3843 3420 Hellespontian

2297 3437 2585 3515 prescribit
2616 3437 2779 3509 magis
2817 3454 2975 3509 quam
3018 3433 3204 3501 docet,
3252 3434 3346 3489 sed
3392 3451 3553 3506 quam
3582 3434 3843 3504 arroganti

2296 3530 2530 3594 licentia,
2576 3544 2639 3582 ex
2680 3525 2795 3600 ipso
2824 3523 3071 3598 loquente
3110 3540 3384 3595 cognosce.
3468 3523 3838 3593 «Bosporus,

2296 3615 2529 3689 inquit⁸‚
2564 3612 2703 3687 apud
2728 3631 2823 3668 nos
2857 3609 3142 3686 appellatur
3163 3609 3421 3664 Thracius
3456 3617 3509 3662 et
3536 3607 3843 3680 Hellespon·

2281 3705 2433 3768 ‚tius,
2468 3701 2513 3755 is
2544 3700 2633 3773 qui
2664 3699 2930 3755 communi
2965 3695 3343 3752 consuetudine
3368 3693 3727 3767 Ptosphorion
3754 3711 3843 3748 vo-

2298 3937 2527 3995 tulerunt
2550 3935 2690 4010 quod
2715 3954 2747 3990 s
2768 3946 2937 3990 vetere
2962 3933 3270 4007 geographia
3294 3933 3426 3989 adeo
3442 3933 3669 3988 alienum
3686 3935 3771 3987 sit.

2370 4021 2423 4072 8.
2446 4018 2655 4070 Tzetzes
2680 4015 2817 4070 Chil.
2852 4031 2899 4079 1,
2924 4014 3065 4068 835:

2424 4185 2483 4234 Ὀ
2503 4181 2608 4246 παρ’
2627 4184 2739 4244 ἡμῖν
2758 4197 2807 4231 τι
2834 4179 3057 4245 Θρᾴκιος,
3082 4179 3109 4228 ό
3134 4178 3217 4227 ιιαὶ
3244 4175 3625 4238 Ἑλλησποντίας,

2424 4255 2473 4311 ὃς
2495 4253 2677 4311 συνηθιί
2662 4269 2712 4316 ιο,
2727 4257 2785 4316 τῇ
2801 4255 2933 4313 κοινῇ
2964 4214 3247 4314 Πρόσφόριον
3274 4249 3501 4298 ιιαλιῖται.

2422 4325 2553 4376 moe
2576 4323 2658 4374 mi
2681 4323 2761 4373 τὸν
2776 4323 3114 4382 Ἑλλήσποντον
3144 4321 3199 4370 ἐκ
3224 4323 3309 4369 τοῦ
3326 4321 3408 4368 καὶ
3438 4321 3573 4383 μέχρι
3600 4315 3773 4368 πόσου.

2423 4396 2511 4445 'Ex
2530 4399 2609 4454 τῆς
2628 4391 2817 4444 :ussaw
2834 4396 2928 4442 τῶν
2946 4395 3120 4441 στενῶν
3141 4389 3273 4439 καὶτ
3244 4394 3339 4438 τῶν
3362 4389 3565 4452 ἐνμέσῳ
3590 4387 3779 4438 πάντων

2425 4465 2557 4528 μέχρι
2574 4463 2767 4527 γεφύρας
2794 4463 3066 4525 Βλαχερνῶν
3086 4459 3423 4519 Ἑλλήσποντος
3446 4459 3688 4519 καλειται,

2421 4537 2505 4594 τὴν
2530 4532 2778 4598 Βῶριηιίαν
2798 4533 3035 4582 Θάλασσαν
3056 4532 3121 4588 sic
3148 4532 3293 4596 μέσον
3323 4527 3527 4594 περιιιλιί
3530 4547 3615 4589 ων,

2426 4611 2504 4664 τῆς
2524 4603 2799 4670 Ἡρακλείας
2816 4607 2911 4652 τῶν
2934 4605 3163 4666 Θρᾳκῶν,
3185 4607 3271 4660 τῆς
3288 4599 3511 4664 πρότερον
3532 4598 3649 4662 Περί
3632 4601 3778 4647 wiso-⁴.

2422 4674 2585 4732 “’ςΟοτι
2603 4677 2645 4724 δ’
2665 4675 2692 4724 ό
2710 4673 2947 4737 γιγραφῶς
2972 4672 3072 4722 ἐστι
3092 4671 3197 4735 περὶ
3228 4669 3481 4732 Βοσπόρων
3500 4667 3618 4730 δύο,

2424 4747 2507 4794 καὶ
2524 4750 2593 4802 τίς
2618 4747 2645 4795 ό
2670 4743 2751 4795 τὸν
2773 4745 3112 4804 Ἑλλὴαποντον
3138 4739 3317 4806 γράψαι
3346 4736 3718 4802 Θαλαττογράφος

2426 4815 2520 4865 ἀπὸ
2537 4820 2621 4866 τοῦ
2640 4815 2841 4874 πλήθους
2859 4819 2955 4864 τῶν
2980 4811 3165 4863 πολλῶν
3187 4813 3469 4875 ἱστορικῶν,
3496 4809 3585 4858 οὗιι
3606 4807 3731 4858 οἶδα.

2424 4885 2551 4944 Τέως
2565 4887 2645 4935 τὸν
2668 4885 2859 4943 natm
2878 4883 3089 4948 ἀψευδεῖν
3112 4883 3162 4932 ἐν
3183 4887 3279 4939 τοῖς
3309 4879 3539 4938 τοιούτοις
3568 4878 3684 4940 νόει,

2432 4959 2495 5014 ὡς
2514 4955 2833 5042 &uptus-tepor
2854 4955 2997 5004 ιῖπιῐν
3016 4955 3262 5016 ἱστορικῶν
3290 4951 3537 5010 ἁπάντων,

2421 5028 2503 5077 καὶ
2524 5028 2709 5077 πάντων
2730 5025 3093 5090 μνημονίστιρον
3112 5028 3205 5072 τῶν
3230 5023 3377 5074 ὄντων
3406 5025 3489 5072 νῦν
3507 5019 3555 5068 iv
3579 5019 3688 5083 βίῳ.

661 5197 933 5270 Βοσπόρου.
970 5199 1102 5266 Quae
1125 5197 1368 5270 deinceps
1389 5207 1571 5252 contra
1590 5195 1948 5250 Herodianum
1978 5195 2212 5269 aliosque
2298 5185 2616 5259 Hellesponti
2644 5181 3062 5254 θαλασσογρόφος,
3106 5199 3275 5254 quem
3311 5202 3427 5250 non
3451 5177 3719 5248 cognitum
3748 5173 3847 5227 uhi

661 5275 863 5350 Gyllius
893 5288 1074 5333 mouet
1087 5318 1110 5349 ,
1137 5276 1322 5332 melius
1343 5279 1498 5332 missa
1520 5275 1736 5330 fecisset.
1808 5275 1952 5329 Nihil
1979 5275 2066 5329 isti
2087 5294 2210 5348 pro-
2298 5292 2410 5329 esse
2424 5275 2631 5329 Τιειιει
2648 5273 2737 5340 ait,
2754 5270 2979 5326 fortassis
2990 5278 3069 5323 est
3083 5265 3631 5350 MenQuaElaita,
3648 5258 3855 5326 ‘RD-nv

2261 5441 2311 5488 δ
