4584 6284
1905 543 2126 605 onms
2165 544 2433 608 nssscttt
2446 550 2645 611 l’TlO.

833 672 948 736 Τῶν
970 668 1024 727 δὲ
1053 666 1198 747 παρὰ
1223 674 1484 745 προχοῇσι
1521 664 1813 743 πεπηγότος
1837 664 2012 744 ἕγγῦθι
2041 665 2230 727 πόντου
2320 679 2525 733 Horum
2546 691 2721 735 auton
2764 681 2829 735 ad
2856 684 3107 753 gurgites,
3134 699 3298 756 prope
3333 682 3661 755 congelatum
3688 704 3864 756 mare,

833 754 1074 841 ἡδυφαὴς
1106 754 1356 835 ἤλεκτρος
1377 754 1610 827 ἀέξεται,
1641 745 1728 815 οἶά
1755 776 1832 823 τις
1861 754 1994 833 αὐγὴ

829 844 998 924 μήνης
1023 843 1319 924 ἀρχομένης
1335 863 1350 880 ·
1383 841 1656 920 ἅδάμαντά
1687 864 1744 901 τε
1764 840 2148 923 παμφανόωντα

823 929 1035 1009 ἐγγύθεν
1064 928 1342 1009 ἀθρήσειας
1364 928 1464 988 ὑπὸ
1483 930 1698 1011 ψυχροῖς
1719 928 2066 1009 Ἀγαθῦρσοις.

888 1017 1105 1097 Ἴστρου
1127 1016 1222 1094 μὲν
1243 1015 1476 1077 τοσσοίδι
1503 1016 1806 1097 βορειότεροι
1821 1014 2069 1095 γεγάασιν
2089 1036 2103 1051 ·

821 1105 950 1187 πρὸς
967 1105 1028 1166 δὲ
1065 1107 1211 1167 νότον
1247 1104 1439 1186 Γέρραι
1461 1105 1549 1165 καὶ
1579 1104 1800 1187 Νωρίκι’
1830 1103 1973 1162 ἄστε’
1994 1103 2215 1183 ἐρυμνά,

825 1193 1104 1255 Παννόνιοι
1122 1238 1139 1271 ,
1162 1194 1340 1255 Μυσοί
1373 1214 1460 1263 τε,
1492 1193 1797 1273 βορειότεροι
1820 1192 2100 1272 Θρηίκων,

827 1280 977 1341 αὗτοί
1005 1304 1060 1341 τε
1084 1280 1342 1361 Θρήικες,
1368 1278 1612 1359 ἀπείρονα
1640 1288 1794 1357 γαῖαν
1820 1278 2057 1359 ἔχοντες,

825 1373 874 1429 οἱ
903 1368 1000 1446 μὲν
1028 1368 1116 1429 ἐπὶ
1141 1366 1432 1449 προὸολῇσι
1458 1366 1800 1447 Προποντίδος
1824 1367 2132 1449 ἀμφιτρίτης
2149 1410 2167 1442 ,

700 1477 781 1517 aas
809 1459 858 1517 oi
874 1456 920 1517 δ’
932 1455 1063 1536 ὑπὲρ
1081 1454 1464 1525 Ἑλλήσποντον
1483 1454 1755 1537 ἀγάρροον,
1767 1458 1816 1515 οἱ
1841 1454 1886 1513 δ’
1905 1456 2033 1531 ὑπὶρ
2055 1454 2213 1525 αὗτῆς

817 1542 1042 1621 Αἷγαίης
1072 1541 1202 1622 βαθὺ
1243 1548 1387 1619 κῦμα
1418 1542 1818 1623 πολυφλοίσὸοιο
1841 1542 2128 1613 θαλάσσης.

817 1628 982 1693 Ἔνθα
1010 1628 1397 1707 μελισσοὸότοιο
1425 1629 1562 1690 κατὰ
1585 1630 1804 1697 σκοπιὰς
1834 1628 2117 1703 Παλλήνης

818 1720 1000 1797 φύεται
1028 1717 1256 1796 dot-ipio<
1277 1715 1433 1783 καλὸς
1464 1716 1628 1793 λίθος,
1652 1707 1734 1776 οἶά
1767 1740 1837 1785 τις
1867 1715 2035 1796 ἀστὴρ

665 1911 760 1985 γὰρ
789 1912 946 1982 (Istri
971 1911 1150 1977 fluvii)
1178 1910 1292 1982 ὓπὲρ
1318 1914 1488 1977 πνοιῆς
1507 1911 1679 1983 βορέαο
1704 1909 1936 1974 Ῥιπαίοις
1953 1910 2002 1964 ἰν
2027 1911 2216 1980 ὄρεσσιν

665 1988 901 2063 ἀπόπροθι
923 1990 1262 2062 μορμύρουσιν.
1277 1990 1504 2060 11-316.
1525 1990 1657 2063 τῶν]
1684 2008 1862 2044 vocem
1878 1988 1944 2044 ad
1973 1989 2214 2061 Rhipaeos

660 2080 866 2124 montes
907 2067 1233 2123 referendam
1262 2086 1374 2123 esso
1627 2087 1680 2123 111
1709 2068 1890 2123 statuit
1919 2066 2210 2122 scholiasta.

657 2150 936 2221 προχοῇσι]
961 2145 1234 2219 προὸολῇσι
1278 2150 1356 2201 Bu
1402 2146 1522 2221 (Cf.
1556 2147 1655 2211 321.
1672 2152 1726 2217 );
1755 2152 1826 2219 τῷ
1851 2144 1904 2201 Bi
1943 2145 2053 2218 περὶ
2094 2165 2212 2217 προ·

655 2229 802 2297 χοαῖς
828 2244 900 2299 q‚·
923 2225 1031 2296 περὶ
1065 2226 1220 2279 ctiam
1269 2224 1504 2291 ihabet3
1534 2226 1804 2297 πεκηγότες
1841 2243 1885 2279 e.
1925 2225 1946 2294 ΙΙ
1979 2254 2052 2267 -
2088 2224 2209 2293 317.

658 2302 902 2377 ἡδοφανὴς
937 2302 1027 2357 Χί.
1069 2304 1150 2356 De
1186 2301 1383 2357 electro
1425 2314 1546 2375 post
1585 2302 1714 2357 alios
1745 2302 1938 2357 multos
1973 2302 2216 2357 disseruit

659 2382 858 2438 Uckert
905 2382 962 2435 in
998 2386 1047 2435 Ζ
1048 2378 1316 2452 eitscltnss
1361 2380 1471 2449 fin·
1512 2380 2209 2452 Altertlmmswissensclmst.

666 2464 821 2527 1838,
847 2478 906 2518 n.
933 2461 1000 2514 52
1041 2476 1159 2531 sqq.
1195 2460 1218 2531 ΙΙ
1259 2489 1334 2501 -
1373 2460 1496 2514 318.
1537 2458 1630 2531 τε]
1669 2459 1724 2513 δὶ
1756 2464 1881 2516 Hm.
1909 2460 1934 2531 11
1972 2490 2046 2503 -
2084 2460 2206 2529 319.

661 2538 898 2611 ἐγγύθεν]
929 2538 1114 2593 ἐκεῖθεν
1139 2555 1194 2610 q.
1231 2538 1254 2608 ΙΙ
1285 2568 1360 2580 -
1397 2540 1518 2595 321.
1549 2538 1693 2591 νότου
1719 2547 1938 2592 con-eet.
1971 2535 2027 2592 d.
2067 2537 2211 2602 Ald.;

663 2619 828 2691 Γέρραι
862 2638 915 2673 τε
953 2616 1038 2670 καὶ
1065 2614 1440 2689 Bcfccdenoq
1466 2633 1588 2686 mgo
1628 2619 1684 2670 H
1711 2614 2014 2687 (γεραίρεται
2043 2616 2094 2669 in
2123 2636 2144 2669 ε
2169 2622 2206 2683 ).

658 2700 745 2753 Sic
769 2700 1094 2770 scripserunt
1119 2698 1209 2767 qui
1237 2692 1430 2749 deinde
1449 2712 1549 2767 pro
1567 2694 1768 2765 Nmpbu’
1786 2696 2034 2768 scriptum
2065 2712 2209 2768 repe·

656 2786 840 2831 rerunt
865 2776 1064 2848 Ὦρίκΰ,
1077 2786 1133 2829 ιιι
1157 2792 1301 2828 1111110
1315 2774 1502 2845 legitur
1519 2776 1572 2827 in
1596 2774 1882 2846 3112!qu
1892 2772 2108 2845 ,·ὠρ·3κια
2134 2779 2212 2837 C,-

655 2854 866 2929 prfixt’
889 2867 928 2911 t.
957 2858 1061 2909 Pro
1087 2855 1252 2925 Γέρραι
1276 2853 1606 2925 Nicephorus
1629 2854 1787 2924 Γέραι.
1816 2852 2016 2924 ἐρυμνά]
2037 2851 2211 2925 ἔρεμνά

653 2952 764 2989 var.
794 2932 910 2987 lect.
931 2950 1018 3003 ap.
1043 2931 1177 2987 nob.
1203 2942 1256 2986 et
1281 2932 1351 2988 Η.
1377 2931 1624 3003 Stephon.
1639 2971 1656 2997 ,
1677 2950 1742 2985 ex
1767 2930 2036 2986 Eustathio
2055 2942 2113 2985 ut
2141 2934 2210 2987 vi-

649 3014 823 3069 detur.
850 3012 934 3067 Cf.
955 3010 1128 3067 Schol.
1149 3023 1205 3066 et
1221 3009 1266 3064 Ν
1268 3010 1500 3084 icephor.
1520 3012 1764 3065 Ceterum
1784 3027 2038 3081 quosnam
2057 3022 2210 3083 poeta

649 3094 841 3147 Gerras
866 3093 992 3144 istos
1023 3095 1196 3161 (quos
1217 3090 1376 3143 etiam
1403 3090 1637 3144 Avienus
1661 3099 1714 3142 et
1740 3088 2032 3143 Priscianus
2049 3106 2206 3159 agno-

649 3175 843 3237 scunt)
885 3168 1102 3237 intelligi
1157 3168 1414 3231 voluerit,
1455 3167 1728 3237 quaritur.
1787 3191 1810 3212 ι
1863 3166 1996 3220 Nam
2041 3184 2206 3238 quum

651 3246 872 3319 populos
897 3265 928 3299 a
957 3245 1190 3299 fontibus
1224 3243 1350 3297 inde
1391 3243 1623 3298 Danubii
1653 3254 1862 3316 poetam
1901 3254 2104 3298 constet
2137 3244 2203 3298 ad

653 3327 763 3397 ipsa
785 3326 916 3379 ostia
941 3325 1196 3377 continuo
1217 3332 1402 3376 tenore
1421 3332 1756 3395 persecmum
1777 3340 1888 3376 esse
1903 3362 1918 3385 ‚
1945 3340 2202 3393 nusquam

653 3413 824 3457 tamen
847 3404 1040 3457 Gerras
1063 3402 1190 3455 istos
1209 3440 1225 3465 ,
1245 3400 1337 3471 qui
1368 3399 1725 3473 compluribus
1757 3418 1920 3469 gerrae
1949 3418 2202 3471 nugaeque

659 3480 978 3543 viderentur,
1027 3480 1175 3533 licuit
1213 3479 1539 3549 investigare.
1576 3479 1746 3547 Igitur
1787 3477 1952 3549 Γραιοί
1982 3477 2204 3547 conjecit

653 3558 837 3614 mutus
858 3575 968 3612 esse
993 3556 1324 3611 scribendum
1340 3595 1355 3622 ,
1387 3572 1520 3627 quos
1543 3554 1702 3609 fando
1729 3553 2031 3609 nullusdum
2057 3572 2202 3608 acce-

653 3639 762 3709 pit;
795 3633 1004 3701 Ῥαἴτοι,
1031 3636 1268 3708 quamvis
1295 3633 1350 3688 id
1365 3635 1636 3689 inventum
1655 3633 1864 3704 longius
1883 3650 1916 3688 a
1934 3632 2198 3687 literarum

651 3715 898 3771 ductibus
925 3714 1164 3780 recedat,
1190 3714 1426 3768 certatim
1451 3722 1624 3767 tamen
1658 3713 1982 3786 reponebant
2015 3712 2200 3768 Cluve-

655 3796 762 3848 rius
788 3794 907 3850 Ital.
933 3795 1115 3865 Antiq.
1159 3811 1214 3865 p.
1255 3798 1374 3857 nl„
1421 3794 1622 3864 Tanaq.
1654 3792 1820 3847 Fnber
1865 3792 2025 3865 Epist.
2058 3811 2112 3864 p.
2150 3812 2196 3857 1,

657 3890 712 3942 p.
742 3890 839 3942 713
868 3870 1186 3927 Schraderus
1213 3870 1280 3925 ad
1323 3871 1504 3924 Avien.
1539 3870 1674 3939 4593
1701 3868 2104 3925 Wernsdorfius
2133 3872 2198 3925 ad

659 3950 903 4005 Priscian.
947 3949 1070 4015 313,
1103 3966 1260 4020 quam
1303 3950 1650 4021 suspicionem
1691 3950 1980 4023 ceput-inus
2027 3950 2201 4004 nescio

655 4028 850 4099 quibus
877 4029 1240 4100 imputaverat.
1271 4028 1462 4081 Gerrhi
1489 4026 1700 4099 quidem
1719 4028 1950 4082 fluminis
1970 4027 2202 4083 Gerrho-

658 4123 884 4179 rumque
924 4106 990 4160 ad
1022 4104 1262 4179 paludem
1307 4106 1522 4160 Maeotin
1557 4108 1776 4161 sitorum
1818 4106 2002 4161 notitia
2047 4116 2202 4161 restat

656 4184 798 4259 apud
823 4184 1082 4238 Herodot.
1113 4188 1165 4247 4,
1199 4185 1284 4239 56.
1318 4202 1408 4254 71.
1439 4186 1620 4255 Neque
1643 4184 1776 4239 adeo
1803 4184 2098 4239 mirandum
2125 4204 2201 4239 es-

652 4274 760 4329 set,
782 4273 988 4334 gentem
1009 4266 1146 4315 inter
1173 4262 1298 4316 alias
1321 4262 1614 4317 bellicosam
1637 4262 1705 4317 ab
1727 4274 1916 4318 ornatu
1936 4262 2197 4334 singulari,

653 4354 714 4397 ut
731 4352 878 4397 erant
899 4339 1194 4395 Rhoxolani
1217 4340 1526 4413 plerumque
1551 4342 1836 4413 γερροφόροι
1853 4384 1868 4408 ,
1893 4343 1948 4396 id
1978 4343 2201 4396 nominis

651 4420 886 4475 traxisse.
908 4416 1012 4472 Sed
1035 4427 1094 4471 ut
1113 4418 1168 4471 in
1191 4437 1248 4474 re
1265 4418 1535 4493 desperata
1553 4462 1566 4483 ,
1593 4438 1910 4493 quamquam
1935 4422 2064 4476 nihil
2080 4440 2200 4477 sane

654 4494 901 4570 probibet
935 4496 1088 4549 istam
1136 4507 1342 4566 gentem
1359 4538 1376 4563 ‚
1409 4496 1464 4551 id
1491 4499 1636 4570 quod
1680 4499 1940 4556 Bredovio
1979 4501 2196 4575 placuit,

659 4578 715 4632 in
742 4586 948 4631 montes
976 4575 1332 4630 Helvetiorum
1363 4576 1606 4649 rejicere,
1637 4580 1994 4651 ampliandum
2031 4592 2200 4638 tamen

660 4672 943 4710 censemus.
968 4677 992 4701 ι
1026 4653 1380 4709 anmr.
1409 4655 1594 4710 Nescio
1624 4674 1692 4711 an
1727 4675 1826 4729 pro
1853 4658 2203 4729 Pippatlcgeu·

660 4732 793 4787 dum
823 4732 890 4787 sit
912 4732 1083 4805 Τεΰροι
1107 4732 1184 4786 vel
1210 4734 1364 4787 etiam
1393 4734 1576 4805 Τέρροι.
1617 4736 1820 4789 Scilicet
1846 4734 1996 4806 juxta
2025 4739 2200 4793 Norici

661 4809 856 4885 oppida
882 4810 1159 4864 memorari
1197 4814 1572 4883 exspectaveris
1597 4814 1902 4880 Tauriscus,
1929 4817 2020 4886 qui
2065 4817 2200 4871 inter

663 4886 823 4959 hujus
862 4896 1054 4941 tractus
1089 4888 1306 4959 populos
1327 4888 1437 4960 jam
1481 4892 1835 4948 Eratosthenis
1882 4895 2202 4966 temporibus

664 4976 814 5020 erant
837 4965 1110 5019 notissimi.
1139 4967 1340 5021 Nomen
1368 4985 1490 5021 vero
1508 4970 1684 5041 populi
1708 4971 1860 5025 variis
1881 4972 2050 5025 modis
2079 4970 2202 5026 esse-

665 5044 896 5099 retntur.
917 5042 1200 5114 Ταυρίσκοι,
1225 5044 1482 5115 Ταυρισταί
1498 5086 1514 5113 ,
1539 5048 1786 5118 Τευρίοκοι
1799 5048 1990 5104 formas
2015 5068 2044 5103 0
2065 5052 2203 5105 Stra·

666 5120 803 5176 bone
820 5137 876 5192 p.
908 5122 1010 5191 293
1036 5132 1088 5175 οι
1107 5124 1209 5191 295
1241 5126 1496 5177 novimus.
1550 5126 1800 5181 Praeterea
1823 5129 2110 5199 Stephanus
2153 5148 2194 5185 s.

665 5216 715 5255 v.
741 5199 1000 5269 Ταυρίοιοι
1038 5198 1217 5271 prodit
1246 5217 1260 5253 :
1298 5198 1642 5273 Ἐρατοσθένης
1677 5204 2003 5275 Τερίσκους
2032 5206 2202 5271 αὗτούς

661 5294 778 5347 φησι
799 5275 880 5329 διὰ
905 5281 992 5330 τοῦ
1031 5296 1087 5342 ε,
1117 5276 1168 5330 οἳ
1194 5276 1277 5331 καὶ
1311 5278 1466 5350 Τρῶοι
1503 5280 1759 5351 λέγονται,
1789 5284 1842 5336 in
1869 5284 2060 5354 quibus
2103 5302 2200 5356 pro

2310 765 2535 839 jucundi
2554 769 2741 823 nitoris
2769 768 3019 824 electrum
3040 772 3193 842 viget,
3221 771 3367 845 quasi
3390 772 3637 845 splendor
3652 774 3864 845 quidam

2318 871 2465 907 nova!
2493 854 2629 908 lunae
2648 893 2662 920 ,
2694 865 2851 927 atque
2878 854 3255 911 lucidissimum
3274 856 3607 914 adamantem

2316 942 2370 995 in
2400 942 2585 996 vicinia
2618 944 2950 1016 conspexeris
2970 942 3121 1013 juxta
3142 942 3357 1014 frigidos
3382 946 3720 1020 Agathyrsos.

2380 1027 2481 1081 Tot
2508 1029 2667 1097 igitur
2685 1045 2909 1083 numero
2938 1030 3101 1099 magis
3118 1040 3241 1083 sunt
3262 1032 3401 1084 Istro
3417 1034 3858 1103 septentrionales.

2309 1115 2371 1167 In
2396 1124 2629 1167 austrum
2653 1131 2779 1169 vero
2795 1114 3013 1170 Gerrhoe
3033 1124 3087 1169 et
3108 1114 3423 1170 Noricorum
3450 1117 3687 1189 praesidia
3702 1158 3717 1183 ,

2308 1200 2561 1255 Pannonii
2583 1202 2839 1272 Moesique
2854 1240 2868 1265 ,
2894 1199 3185 1254 Thracibus
3204 1202 3365 1272 magis
3389 1202 3615 1257 boreales
3630 1241 3647 1268 ‚
3826 1264 3836 1271 ,

2308 1297 2463 1359 atque
2484 1288 2581 1361 ipsi
2616 1288 2875 1352 Thraces,
2910 1289 2999 1360 qui
3028 1298 3217 1341 terram
3248 1290 3553 1344 immensam
3582 1289 3855 1357 obtinent,

2304 1374 2393 1429 alii
2415 1373 2482 1429 ad
2504 1373 2663 1429 latera
2683 1372 3019 1447 Propontidis
3040 1374 3221 1437 maris,

2302 1460 2388 1515 alii
2412 1478 2570 1533 supra
2596 1472 2873 1515 oestuosum
2898 1458 3287 1532 Hellespontum
3310 1498 3325 1524 ,
3354 1461 3439 1514 alii
3475 1477 3631 1533 supra
3659 1462 3818 1533 ipsius

2305 1548 2461 1619 AEgaei
2484 1550 2641 1602 maris
2676 1548 2943 1602 multisoni
2974 1547 3161 1601 fluctus
3184 1545 3497 1619 profundos.

2301 1634 2412 1689 Illic
2436 1634 2663 1689 Pallenes
2684 1635 2738 1686 in
2760 1631 2902 1705 jugis
2920 1672 2935 1697 ,
2954 1649 3113 1704 apum
3140 1633 3389 1699 nutricis,

2304 1721 2519 1795 pulcher
2542 1722 2769 1773 nascitur
2790 1721 3009 1773 asterius
3028 1718 3154 1791 lapis
3167 1760 3181 1781 ,
3209 1720 3354 1790 quasi
3378 1719 3520 1774 stella

2301 1912 2469 1982 Τεῦροι
2484 1950 2499 1975 ,
2523 1908 2667 1981 quod
2683 1908 2823 1980 apud
2844 1908 3149 1979 Dionysium
3170 1924 3380 1978 quoque
3400 1908 3453 1960 in
3478 1908 3643 1979 Γέρραι
3665 1908 3852 1962 abiisse

2299 1986 2460 2042 modo
2484 1984 2801 2058 suspicabar.
2834 1985 2971 2039 Fieri
2995 1984 3149 2038 etiarn
3178 1986 3349 2055 potuit
3374 1994 3431 2038 ut
3464 1982 3605 2038 ‘uxta
3627 1985 3851 2055 Τερίσκοι

2301 2057 2521 2113 sormam
2568 2057 2835 2111 exsisteret
2874 2054 3083 2110 brevior
3124 2054 3291 2109 forma
3320 2054 3443 2126 Τερο
3500 2073 3657 2127 quam
3698 2057 3849 2110 metri

2298 2153 2451 2191 causa
2482 2136 2537 2189 in
2562 2132 2735 2206 Τερροί
2760 2142 2928 2207 poete
2954 2142 3155 2187 mutare
3182 2130 3389 2189 licebat.
3419 2162 3486 2173 -
3528 2132 3728 2205 Νωρίκι’
3760 2134 3847 2188 ‹ls-

2298 2214 2421 2285 τεα]
2458 2213 2539 2269 Cf.
2568 2209 2939 2268 Walckenaer.
2979 2210 3145 2267 caule
3184 2219 3224 2264 t.
3257 2226 3310 2275 2,
3338 2226 3393 2281 p.
3428 2210 3517 2264 82.
3566 2212 3587 2281 ΙΙ
3621 2241 3693 2254 -
3720 2212 3843 2267 322.

2298 2292 2525 2347 Πανόνιοι
2548 2294 2699 2355 Νων,
2721 2290 2913 2343 Μῦσσοι
2946 2287 3031 2345 Ud
3054 2306 3194 2343 man.
3219 2304 3271 2354 2,
3295 2288 3416 2344 Atd.
3444 2288 3634 2362 Μυσοί]
3660 2310 3685 2342 ε
3715 2292 3848 2345 Pro·

2296 2382 2490 2444 praetor
2516 2370 2607 2443 qui
2626 2371 2861 2424 Moesiam
2888 2369 3091 2441 primus
3112 2366 3492 2422 administravit
3508 2368 3609 2423 suh
3632 2368 3849 2426 'I'iberio

2294 2451 2507 2505 demum
2533 2448 2840 2522 appellatur,
2878 2458 2939 2501 ut
2970 2446 3081 2501 hoec
3098 2463 3307 2518 quoque
3330 2448 3471 2501 inter
3486 2450 3649 2503 aetatis
3680 2445 3847 2505 docu-

2298 2539 2471 2583 menta
2502 2546 2619 2601 quat
2656 2529 2845 2581 Noster
2880 2525 3281 2597 subsignificavit
3306 2524 3479 2580 locum
3519 2528 3619 2582 sibi
3645 2531 3849 2601 possint

2299 2606 2576 2664 vindicare.
2620 2630 2645 2654 ι
2697 2608 3051 2659 Βιιιιυιιωτ.
3103 2607 3174 2658 At
3223 2605 3267 2658 si
3314 2604 3583 2676 Mysorum
3630 2610 3847 2662 nomine

2296 2685 2615 2757 provinciam
2640 2687 2929 2739 Romanam
2952 2680 3169 2736 indicari
3192 2698 3461 2737 sumamus
3478 2721 3495 2748 ,
3524 2682 3581 2736 id
3596 2684 3707 2756 jam
3736 2690 3841 2740 Au-

2298 2764 2432 2834 gusti
2448 2772 2597 2817 aetate
2618 2761 2730 2815 fieri
2752 2761 2953 2834 potuit,
2981 2757 3237 2831 siquidem
3257 2756 3369 2830 jam
3396 2768 3511 2814 tum
3540 2760 3593 2815 in
3628 2764 3845 2835 provin·

2299 2842 2391 2895 ciae
2430 2840 2651 2896 {ormam
2676 2840 2913 2894 Moesiam
2940 2836 3201 2893 redactam
3228 2855 3339 2892 esse
3370 2838 3579 2909 colligas
3612 2859 3643 2895 e
3671 2843 3847 2895 Dione

2297 2922 2439 2974 Cass.
2467 2921 2553 2985 ⁵5,
2590 2936 2679 2991 29,
2714 2918 2805 2973 ubi
2836 2921 2960 2988 (an.
2987 2922 3019 2971 6
3046 2934 3100 2989 p.
3130 2917 3255 2973 Chr.
3276 2922 3641 2986 >memoratur
3675 2919 3844 2992 ἅρχων

2297 3000 2483 3063 Μυσίας
2506 3000 2629 3069 (cf.
2661 3000 2822 3055 Dion.
2851 2998 2937 3061 53,
2969 3016 3033 3067 7;
3060 2998 3228 3054 Tacit.
3256 3001 3363 3053 An.
3394 3014 3443 3064 1,
3484 2998 3617 3073 79).
3655 3000 3845 3055 Parum

2291 3088 2529 3131 accurata
2554 3076 2771 3131 tradidit
2805 3078 3071 3149 Appianus
3098 3075 3239 3147 ntyr.
3290 3094 3341 3132 0.
3385 3077 3471 3133 30.
3520 3078 3543 3147 ΙΙ
3592 3108 3664 3119 -
3706 3080 3830 3143 32¹..

2291 3156 2563 3229 προὸολῇσι
2588 3156 2611 3228 1
2635 3154 3029 3229 ὑσςῙςΙιοφ-τεζς
3054 3154 3299 3228 προὸλῇσι
3342 3153 3428 3208 dw
3441 3178 3463 3219 ,-
3484 3152 3719 3227 πλευρῇσι
3746 3162 3849 3217 AC

2294 3236 2643 3302 DHKQXYt
2662 3244 2713 3287 et
2734 3249 2857 3301 mgo
2871 3236 2938 3300 O,
2954 3230 3103 3287 editt.
3118 3244 3237 3287 ante
3253 3232 3473 3299 Bernb„
3490 3234 3635 3305 quod
3656 3253 3687 3287 e
3708 3236 3843 3305 glos-

2289 3321 2482 3366 semate
2492 3322 2669 3365 ortum
2695 3312 2830 3363 sicut
2854 3328 2905 3363 v.
2925 3313 3049 3377 2813
3065 3314 3305 3382 προχοῇσι
3328 3314 3483 3377 uun,
3504 3311 3648 3382 quod
3670 3316 3846 3368 ne=cio

2292 3408 2359 3444 an
2392 3387 2753 3462 recipiendum
2800 3390 2899 3455 sit,
2936 3388 3124 3443 collato
3171 3406 3321 3442 versu
3356 3390 3575 3459 gemello
3598 3394 3699 3453 611,
3747 3409 3761 3445 :
3792 3394 3843 3447 ai

2291 3468 2379 3541 μὲν
2400 3472 2422 3538 (
2440 3487 2514 3523 sc.
2542 3472 2715 3535 νῆσοι)
2742 3466 2820 3523 ἰπὶ
2844 3470 3083 3539 προχοῇσι
3114 3467 3396 3530 menatae<
3424 3467 3724 3542 ἆμφιτρίτης.
3756 3474 3845 3526 In·

2294 3562 2443 3600 verso
2474 3545 2663 3600 ordine
2702 3544 2863 3599 iidem
2891 3542 3097 3599 codices
3142 3548 3217 3598 Ba
3244 3546 3301 3599 in
3327 3563 3405 3602 vs.
3438 3548 3539 3600 316
3571 3548 3845 3621 προὸολῇσι

2287 3624 2415 3679 dant
2428 3642 2527 3698 pro
2546 3626 2791 3697 προχοῇσι
2799 3633 3091 3678 ceterorum
3100 3623 3361 3680 codicum.
3379 3626 3625 3681 Similiter
3640 3644 3717 3683 vs.
3744 3644 3841 3701 127

2284 3702 2371 3757 alii
2396 3705 2591 3775 προχοῇ
2606 3742 2621 3768 ,
2662 3703 2750 3756 alii
2776 3702 2997 3775 προὸολῇ
3022 3702 3273 3775 praebent.
3300 3704 3398 3758 Vs.
3435 3704 3555 3759 316.
3584 3705 3842 3761 electrum

2285 3784 2501 3855 reperiri
2519 3782 2647 3835 dicit
2670 3782 2953 3836 fluviorum
2970 3780 3098 3853 παρὰ
3123 3785 3465 3856 προχοῇσι,
3484 3802 3561 3841 vs.
3588 3788 3723 3840 1118
3750 3786 3843 3841 be·

2285 3860 2471 3933 ryllum
2490 3860 2589 3931 legi
2612 3871 2789 3915 narrat
2812 3858 2890 3915 tat
2913 3859 3181 3934 προὸολῇσι
3200 3860 3441 3933 ἂναῦρων.
3468 3888 3492 3911 ι
3514 3864 3759 3919 Cetemm
3774 3882 3845 3921 ne

2287 3940 2406 4011 quis
2432 3937 2807 4010 Propontidem
2852 3940 3069 3993 miretur
3097 3952 3253 4012 atque
3297 3941 3691 4014 Hellespontum
3716 3962 3843 3999 con·

2279 4016 2507 4089 junctim
2570 4018 2824 4089 proponi,
2891 4015 3198 4073 divisionem
3248 4020 3512 4091 quandam
3566 4040 3841 4077 monemus

2285 4096 2521 4151 Thraciae
2549 4096 2759 4150 subesse
2777 4135 2793 4160 ,
2822 4113 2979 4168 quam
3002 4097 3275 4169 insequens
3294 4110 3415 4153 oetas
3439 4118 3529 4153 sex
3557 4102 3841 4173 provinciis

2287 4177 2583 4231 constitutis
2608 4176 2945 4247 amplificavit
2967 4178 2992 4245 (
3010 4194 3060 4232 v.
3087 4178 3351 4233 Ammian.
3376 4180 3608 4235 Marcell.
3631 4196 3721 4249 27,
3761 4185 3818 4249 1,)

2285 4256 2355 4309 Ει
2376 4255 2611 4326 regiones
2632 4272 2749 4326 quae
2775 4254 3147 4327 Propontidem
3173 4259 3503 4329 attingerent,
3533 4261 3747 4333 Europa
3771 4264 3815 4316 si

2287 4332 2562 4405 gnificabat
2590 4340 2681 4401 (v.
2708 4334 3034 4405 Woeseling.
3059 4334 3125 4389 ad
3156 4336 3279 4393 ltin.
3304 4354 3361 4408 p.
3392 4340 3515 4403 602,
3538 4350 3591 4392 et
3622 4348 3735 4392 not.
3768 4341 3835 4394 ad

2290 4411 2523 4466 Eustath.
2582 4430 2633 4467 v.
2674 4429 2778 4481 270
2794 4416 2835 4484 ).
2879 4412 3121 4484 proxima
3161 4414 3417 4487 Rhodope
3466 4434 3587 4470 cum
3645 4417 3833 4472 Haemi·

2287 4503 2473 4547 monto
2504 4509 2519 4547 :
2567 4492 2719 4564 cujus
2757 4494 3049 4566 partitionis
3083 4495 3255 4567 potuit
3286 4494 3460 4549 forsan
3490 4498 3837 4569 Vespasianus

2289 4582 2471 4625 auctor
2492 4574 2771 4636 exstitisse,
2811 4570 2903 4626 sed
2936 4571 3099 4628 multo
3120 4572 3442 4647 probabilius
3468 4586 3547 4629 est
3571 4594 3686 4630 eam
3727 4596 3839 4632 111νο

2289 4652 2579 4705 recentiore
2594 4690 2609 4715 ,
2632 4668 2741 4722 quo
2758 4654 2927 4724 ipsum
2946 4651 3087 4707 hunc
3103 4654 3409 4725 scriptorem
3430 4656 3615 4709 vixisse
3634 4674 3839 4711 necesse

2295 4729 2478 4794 fuerit,
2507 4730 2757 4802 paulatim
2800 4730 3091 4786 invaluisse.
3130 4757 3152 4779 ι
3184 4733 3541 4788 8111111111ιυῖ.
3578 4736 3839 4807 Equidem

2291 4810 2457 4863 miror
2473 4808 2743 4880 quomodo
2767 4810 3065 4881 Dionysius,
3086 4812 3359 4868 'Thraciam
3382 4824 3437 4868 et
3449 4814 3770 4887 Propontide
3790 4828 3838 4869 ct

2291 4887 2627 4961 Helloeponto
2660 4898 2715 4941 et
2753 4888 2931 4959 AEgaeo
2988 4893 3119 4945 mari
3153 4890 3273 4945 allui
3312 4890 3512 4957 dicens,
3545 4891 3837 4947 istiusmodi

2289 4966 2675 5040 suspicionibus
2701 4984 2879 5021 ansam
2916 4968 3040 5023 dare
3063 4972 3307 5041 potuerit.
3343 4970 3365 5041 ΙΙ
3409 5000 3483 5012 -
3513 4970 3636 5025 326.
3664 4974 3833 5044 κῦμα]

2289 5052 2455 5118 χεῦμα
2485 5046 2639 5101 de.
2669 5076 2743 5088 —-
2765 5046 2964 5118 Αἰγαίας
2981 5052 3068 5102 ιν.
3080 5050 3180 5119 ΙΙ-
3202 5050 3324 5120 327.
3355 5048 3587 5116 Παλήνης
3612 5052 3834 5121 ΡΝ.ΙΙ-

2291 5125 2415 5177 328.
2439 5123 2589 5185 καλός
2615 5140 2725 5178 0111.
2761 5143 2855 5187 ⁰³²:
2888 5122 2973 5177 οἷά
3004 5143 3055 5178 τε
3101 5130 3149 5180 U
3180 5126 3303 5181 Ald.
3334 5129 3413 5180 De
3446 5129 3637 5183 asterio
3666 5128 3835 5201 lapide

2291 5220 2339 5259 v.
2368 5202 2538 5256 Plinio
2565 5203 2651 5272 37,
2684 5204 2751 5266 48
2773 5205 2802 5271 S
2831 5204 2927 5257 132
2951 5220 2964 5257 :
2994 5204 3245 5259 Similiter
3260 5204 3492 5261 candida
3508 5219 3584 5259 est
3610 5225 3725 5277 quoe
3744 5224 3835 5259 υο-

2287 5291 2445 5334 catur
2461 5279 2662 5335 aste-ion
2694 5280 2928 5349 (astrios
2948 5300 3003 5337 v.
3028 5282 3091 5351 1.,
3118 5284 3337 5337 astet-ios
3359 5285 3586 5337 Gessner
3608 5285 3688 5337 De
3720 5283 3832 5339 reb.

661 5354 818 5429 Τρῶοι
855 5366 948 5411 aut
983 5357 1170 5428 Ταῦροι
1193 5376 1316 5412 011111
1357 5358 1602 5413 Salmasio
1641 5359 1910 5431 legendum
1949 5374 2054 5426 est,
2107 5376 2194 5418 aut
2298 5358 2454 5417 sossit.
2490 5358 2526 5413 s.
2556 5359 2676 5429 39),
2709 5360 2953 5431 crystallo
2971 5361 3265 5434 propinqua
3290 5362 3343 5415 in
3372 5359 3531 5414 India
3553 5378 3765 5415 nascens
3787 5375 3833 5415 et
