4584 6284
697 540 805 591 134

847 662 986 744 δίνῃς
1015 663 1271 745 ἀργυρέῃς
1295 662 1573 745 Ἀχελώιος
1601 664 1763 745 ἀμφὶς
1791 662 2002 724 ἕλίσσιι.

843 750 1049 811 Πολλαὶ
1073 752 1120 810 δ’
1138 748 1405 829 Ἀμνισοῖο
1429 751 1747 833 βορειότεροι
1765 749 2016 832 ὁρόωνται
2032 796 2051 830 ,

841 838 1037 919 Αἴγιλά
1062 840 1110 897 τ’
1131 839 1227 911 ἠδὲ
1261 838 1482 919 Κύθηρα
1512 838 1790 920 Καλαῦριά
1811 860 1872 899 τε
1891 841 2111 921 τρηχεῖα
2127 863 2144 879 ·

743 946 825 987 too
851 927 1138 1008 Κάρπαθος
1159 917 1286 987 αὖθ’
1303 926 1518 1005 ἕτὲρωθι
1543 926 1664 985 ποτὶ
1689 926 1858 1008 ζόφον·
1886 926 2062 1005 ζγγῦθι
2081 926 2128 986 δ’
2149 930 2238 987 αὖ·

843 1013 1034 1096 Κρήτη
1060 1013 1326 1091 τιμήεσσα
1346 1056 1364 1087 ,
1389 1012 1512 1081 Διὸς
1539 1013 1785 1093 μεγάλοιο
1811 1012 2026 1088 τιθήνη,
2124 1011 2238 1099 [τῆς

841 1100 1013 1173 πολλή
1031 1124 1089 1161 τε
1107 1101 1310 1184 λιπαρή
1331 1126 1390 1163 τε
1407 1102 1500 1161 καὶ
1520 1099 1726 1169 εὕὸοτος
1738 1144 1756 1175 ,
1779 1092 1844 1173 ἧς
1862 1099 1993 1181 ὅπερ
2013 1096 2162 1177 Ἴδη,

841 1186 960 1261 Ἴδη
977 1234 996 1267 ,
1019 1188 1420 1268 καλλικόμοισιν
1444 1188 1546 1250 ὑπὸ
1571 1188 1718 1270 δρυσὶ
1748 1188 2048 1262 τηλεθόωσα
2064 1215 2080 1227 ·

843 1274 935 1337 καὶ
956 1282 1050 1351 τῆς
1067 1299 1150 1337 τοι
1172 1276 1388 1358 μέγεθος
1405 1275 1698 1357 περιώσιον.
1728 1274 1881 1337 Ἄντα
1905 1274 1960 1335 δὲ
1976 1277 2136 1346 πέζης

721 1384 820 1447 ιιοιι
847 1364 1139 1446 Αἰγυπτίης
1161 1363 1344 1435 Ῥόδος
1366 1365 1527 1438 ἐστὶν,
1545 1364 1817 1435 Ἰηλυσίων
1835 1362 1990 1425 πέδον
2015 1364 2237 1444 ἀνδρῶν.

687 1586 1050 1633 memorantur
1067 1575 1291 1630 Pleuron
1317 1586 1371 1629 et
1391 1574 1668 1646 Halicyrna
1686 1582 1740 1628 et
1765 1573 2016 1646 Calydon,
2037 1591 2155 1646 quae
2175 1574 2242 1629 ab

687 1659 876 1712 Eueno
911 1672 1088 1709 versus
1125 1671 1379 1708 occasum·
1413 1654 1511 1708 sita
1535 1663 1700 1707 erant.
1746 1656 1921 1721 Quare
1957 1652 2241 1708 Palmerius

687 1752 788 1807 pro
818 1733 996 1806 μεταξὺ
1029 1731 1277 1805 Ἀχελῴου
1309 1733 1390 1786 καὶ
1421 1735 1507 1797 τῆς
1531 1730 1815 1802 Πλευρῶνος
1842 1730 1940 1802 legi
1966 1730 2130 1785 voluit
2157 1750 2242 1803 με·

684 1814 801 1877 ταξῦ
826 1812 1022 1881 Εὗήνου
1043 1833 1094 1867 κ.
1123 1831 1169 1866 τ.
1198 1811 1321 1876 Πλ.,
1341 1812 1625 1865 Kramerus
1641 1827 1766 1863 vero
1785 1827 1846 1863 ea
1865 1826 1979 1881 quoe
2008 1808 2077 1863 de
2092 1808 2240 1863 Chal-

686 1892 803 1947 cide
854 1894 992 1947 inter
1031 1891 1345 1947 Pleuronem
1393 1900 1446 1943 et
1494 1888 1782 1944 Acheloum
1822 1888 1920 1942 sita
1973 1886 2233 1957 leguntur,

685 1972 924 2043 Dionysii
979 1970 1146 2025 nostri
1183 1969 1492 2024 auctoritate
1535 1964 1746 2021 defendi
1793 1984 1944 2039 posse
1979 1966 2200 2040 opinans
2216 2006 2229 2028 ,

683 2048 842 2103 verba
871 2048 1063 2121 quibus
1091 2047 1322 2103 Pleuron
1349 2058 1403 2101 et
1432 2046 1678 2117 Alicyrna
1699 2056 1752 2099 et
1777 2043 2007 2117 Calydon
2044 2054 2232 2115 praeter

679 2126 923 2182 ordino-
973 2126 1378 2199 geographicum
1435 2134 1808 2188 memorentur,
1851 2120 2234 2194 transponenda

680 2224 792 2261 esse
809 2206 1032 2280 putavit.
1064 2210 1308 2275 Quorum
1334 2214 1582 2259 neutrum
1608 2201 1926 2258 admiserim.
1947 2204 2118 2256 Immo
2161 2205 2232 2257 ita

678 2284 1014 2341 statuendum
1065 2284 1292 2350 videtur,
1337 2295 1398 2338 ut
1453 2281 1666 2348 Strabo,
1715 2281 1955 2353 neglectis
2011 2298 2128 2352 quat
2165 2280 2232 2336 de

679 2364 952 2419 Pleuronis
978 2364 1238 2437 positione
1285 2361 1649 2418 Artemidorus
1701 2360 1830 2416 falsa
1867 2359 2112 2427 tradidit,
2161 2360 2225 2414 ad

677 2444 779 2498 boc
804 2441 1138 2498 solummodo
1164 2441 1470 2507 attenderit,
1498 2439 1794 2495 Chalcidem
1821 2437 1962 2511 apud
2003 2441 2228 2494 Artemi-

677 2524 872 2577 dorum
899 2541 1010 2577 esse
1037 2522 1104 2577 ab
1131 2539 1318 2576 occasu
1343 2519 1644 2585 Pleuronis,
1671 2518 1894 2590 ideoque
1919 2519 2056 2572 inter
2080 2517 2229 2573 Pleu·

672 2618 858 2655 1=onem
901 2612 954 2655 et
993 2599 1284 2655 Acheloum
1318 2600 1466 2672 poni.
1514 2600 1538 2669 ΙΙ
1570 2628 1641 2639 -
1671 2601 1796 2668 497.
1839 2596 1921 2655 0⁶⁸.
1971 2614 2050 2654 vs.
2093 2598 2218 2661 433.

673 2678 980 2752 ἁμφιελίσσει
1013 2680 1118 2752 ch
1129 2719 1143 2739 ,
1177 2676 1463 2751 άμφελίσσει
1490 2695 1626 2732 corr.
1649 2676 1688 2729 cl
1705 2676 1853 2741 Atd„
1880 2675 2024 2749 ἀμαίς
2043 2676 2225 2732 ξλισσει

669 2774 722 2827 q.
759 2758 780 2826 ΙΙ
811 2784 884 2803 -ν-
905 2759 1028 2826 498.
1053 2755 1222 2825 AEgila
1247 2765 1302 2810 et
1323 2754 1549 2828 Cythera
1571 2764 1625 2810 et
1649 2754 1886 2809 Calauria
1911 2754 2092 2809 insulae
2125 2758 2224 2810 La-

665 2836 830 2887 coniae
862 2845 916 2888 et
956 2832 1196 2905 Argotidi
1244 2833 1460 2905 objectae
1495 2844 1651 2899 sunt,
1699 2832 1860 2905 idque
1899 2836 2221 2889 monitui-um

668 2912 825 2967 fuisse
849 2922 1058 2984 poetam
1099 2912 1462 2985 exspectabat-13
1507 2914 1560 2965 is·
1580 2930 1702 2965 vero
1746 2913 1904 2965 situm
1940 2930 2120 2967 earum
2154 2913 2220 2967 ab

667 2992 884 3046 Amniso
899 3033 917 3063 ,
961 2994 1128 3047 Cretae
1170 2992 1388 3047 fluviolo
1420 3003 1474 3046 et
1522 2990 1800 3064 oppidulo,
1847 2990 1992 3062 quod
2034 2992 2220 3046 Cnossi

669 3070 848 3124 navale
874 3082 1016 3127 erat.
1044 3071 1269 3125 definire
1307 3069 1491 3124 maluit
1506 3109 1523 3136 ,
1560 3069 1739 3122 dicens
1765 3068 1959 3123 insulas
1999 3071 2121 3124 istas
2156 3070 2224 3125 ab

667 3150 887 3203 Amniso
907 3148 1124 3204 boream
1147 3167 1327 3204 versus
1343 3166 1454 3202 esse
1468 3189 1484 3213 ,
1500 3147 1802 3218 addensque
1819 3146 1886 3201 ab
1905 3147 2062 3201 altera
2079 3160 2226 3221 parte

667 3228 756 3297 (ab
777 3227 1015 3283 orientali
1037 3230 1241 3284 Amnisi
1264 3228 1433 3300 parte)
1451 3244 1628 3281 versus
1644 3225 1861 3279 boream
1883 3236 2082 3279 exstare
2101 3226 2226 3280 Car-

665 3307 883 3377 pathum
899 3305 1143 3371 insulam,
1157 3306 1224 3359 ab
1236 3306 1336 3359 hac
1345 3316 1519 3360 autem
1531 3322 1638 3358 non
1647 3302 1799 3373 longe
1807 3302 1982 3357 abesse
1995 3304 2198 3358 Cretam
2206 3348 2219 3361 .

668 3389 788 3454 Qua
822 3384 1038 3458 quidem
1079 3384 1394 3438 narrationis
1419 3382 1776 3455 dispositione
1815 3382 2041 3454 ineptius
2065 3382 2220 3453 quid-

667 3465 808 3537 piam
825 3462 1106 3533 excogitari
1123 3463 1214 3515 vix
1238 3462 1431 3534 potuit.
1452 3464 1536 3516 An
1555 3459 1784 3515 fortassis
1817 3459 2094 3513 Amnisum
2113 3478 2220 3515 non

669 3542 835 3597 Cretoe
860 3542 1082 3596 fluvium
1103 3542 1392 3612 Cnossique
1405 3538 1600 3603 navale,
1617 3536 1710 3592 sed
1726 3538 1842 3591 Δίαν
1867 3541 2016 3604 νῆσον
2033 3538 2224 3607 (hodie

665 3622 800 3677 Stan
825 3619 962 3690 Dia)
987 3620 1034 3673 ei
1055 3617 1334 3690 objectam,
1362 3617 1642 3673 intellexit?
1665 3615 1710 3669 Ἀ
1719 3616 1935 3689 μνισοΐο]
1961 3612 2220 3688 Ἀμνησοῗο

667 3698 982 3772 ALNOboq,
1005 3694 1284 3770 Ἀμνισσοῗο
1308 3716 1379 3750 m.
1397 3699 1476 3751 De
1493 3696 1710 3751 Amniso
1729 3694 1849 3749 vide
1864 3713 1981 3767 quae
1999 3693 2224 3749 laudavi-

667 3794 790 3831 mus
802 3788 932 3833 tom.
953 3793 1001 3842 1,
1017 3794 1074 3849 p.
1099 3775 1222 3841 514,
1245 3776 1415 3845 5348,
1435 3774 1530 3830 ubi
1550 3774 1685 3828 adde
1703 3775 1953 3827 Nonnum
1973 3777 2027 3840 8,
2052 3774 2148 3828 115
2165 3784 2219 3827 et

671 3856 757 3925 13,
769 3856 836 3911 25
846 3858 1127 3929 1.]1-499.
1140 3854 1342 3929 Αἴγιλα]
1356 3852 1555 3927 Αίγυλα
1564 3855 2042 3912 ABDEGKMNO
2050 3856 2216 3918 YRX,

664 3933 863 4009 Αἴγηλα
883 3955 944 4008 o,
965 3932 1177 4008 Αἰγυλος
1209 3954 1278 3998 ue,-
1294 3933 1501 4008 Ἄργυλα
1508 3951 1574 4006 p.
1599 3932 1782 4001 AEgt'la
1793 3931 1990 3987 Plinius
2010 3937 2064 3998 4,
2109 3949 2170 4003 19
2192 3937 2221 4002 S

669 4014 756 4086 57,
777 4014 1002 4084 AE'gt‘lt‘a,
1032 4014 1228 4083 AE'glt'a,
1249 4013 1406 4084 Eglt'a
1419 4013 1624 4069 codices
1637 4014 1791 4068 Plinii
1806 4017 1860 4079 4,
1875 4030 1944 4067 22
1963 4016 1993 4082 S
2013 4013 2101 4078 65,
2128 4014 2218 4067 ubi

663 4094 848 4163 AEgt'la
869 4096 1104 4167 reposuit
1137 4094 1388 4165 Silligius,
1420 4104 1669 4148 monente
1700 4092 1966 4147 Meinekio
2000 4094 2092 4164 qui
2135 4092 2220 4146 Αἴ-

662 4170 782 4243 γιλα
800 4172 1032 4243 reposuit
1046 4169 1189 4242 apud
1207 4171 1456 4246 stephan.
1475 4172 1601 4242 1352.
1613 4188 1656 4223 s.
1675 4188 1727 4224 ν.
1745 4168 1967 4242 Αἰγιλία.
1984 4170 2064 4223 Ibi
2077 4172 2218 4224 enim

933 4251 949 4265 .
1295 4266 1307 4280 ,
1351 4248 1378 4274 ‚
1677 4251 1707 4267 ..

660 4248 1318 4395 ,ῗέοῗιᾶἓῖὲῖῗήῖἶΠῇᾏ
1332 4247 2218 4399 iffiztsslgffi'zfz‘f‘iffl‘xg

660 4407 879 4482 Αἰγίλιος
920 4409 986 4471 ὣς
1027 4407 1261 4479 Κυθήριος
1278 4447 1293 4472 ,
1330 4406 1527 4461 mendo
1575 4406 1811 4461 laborare
1855 4405 2008 4461 docet
2047 4406 2214 4463 forma

661 4489 891 4554 nominis
917 4486 1139 4559 gentilis.
1164 4486 1328 4541 Simili
1351 4486 1690 4558 corruptione
1713 4484 1854 4555 apud
1880 4483 2214 4541 Plutarchum

662 4566 718 4620 in
763 4567 1028 4622 Cleomen.
1062 4584 1112 4620 c.
1143 4566 1206 4620 31
1243 4575 1299 4619 et
1332 4565 1399 4617 32
1431 4564 1554 4618 olim
1585 4562 1850 4633 legebatur
1876 4562 2134 4634 Αἰγιαλίαν
2160 4576 2214 4619 et

658 4644 936 4717 Αἰγιαλῶν,
964 4642 1108 4715 quod
1136 4644 1190 4696 in
1210 4641 1394 4715 Αἴγιλα
1417 4652 1470 4697 et
1488 4640 1706 4713 Αἰγίλων
1726 4644 1946 4697 mutavit
1959 4642 2210 4714 Corayus.

658 4722 818 4796 Apud
844 4723 1034 4778 Melam
1057 4738 1110 4786 α,
1134 4740 1188 4793 7,
1216 4722 1275 4775 xi
1300 4720 1505 4775 codices
1535 4720 1730 4774 habent
1749 4721 1976 4789 AEgina,
2002 4721 2207 4790 Egina,

656 4806 864 4875 Effina,
896 4800 1043 4876 quod
1079 4802 1137 4855 in
1175 4800 1381 4869 AEgilia
1425 4802 1642 4854 mutavit
1673 4799 2028 4853 Tzschukkius
2043 4840 2060 4867 ,
2092 4818 2210 4854 mu-

655 4882 877 4937 tandum
920 4899 1046 4937 vero
1081 4891 1161 4935 cst
1188 4882 1244 4933 in
1282 4879 1483 4948 AEgila.
1531 4879 1678 4933 Idem
1723 4879 1856 4933 valet
1897 4878 1964 4933 de
2004 4879 2210 4951 Scylace

654 4966 684 5030 s
716 4964 813 5017 113
844 4966 910 5032 (t.
939 4980 962 5015 1
986 4979 1042 5035 p.
1067 4962 1182 5034 96),
1207 4960 1300 5015 ubi
1319 4959 1486 5014 codex
1509 4959 1665 5013 habet
1689 4956 1890 5031 Αἴγινα,
1915 4958 2062 5029 cujus
2093 4959 2209 5015 loco

652 5038 880 5093 editores
911 5040 1233 5111 scripserunt
1261 5037 1495 5109 Αἰγιλίας
1537 5036 1674 5091 idem
1715 5036 1938 5107 denique
1979 5035 2120 5091 eadit
2151 5040 2206 5092 in

650 5117 993 5171 Ptolemaeum
1023 5118 1078 5183 3,
1116 5121 1198 5182 14,
1227 5134 1284 5188 p.
1315 5120 1439 5181 242,
1469 5131 1552 5177 12,
1585 5114 1675 5167 ubi
1713 5113 1916 5167 codices
1941 5113 2129 5185 Αἰγῦλα
2155 5125 2210 5168 et

651 5194 818 5250 Ἐπλα
847 5194 1046 5267 (ortum
1073 5213 1138 5249 ex
1166 5196 1374 5267 Ἔγιλα)
1413 5192 1643 5266 praebent
1655 5230 1674 5261 ,
1702 5192 2042 5263 Willbergius
2070 5190 2206 5263 Αἰγι·

2103 534 2449 598 DtoNYstt

2326 678 2577 747 argenteis
2600 678 2879 734 vorticibus
2897 679 3154 735 Achelous
3178 683 3521 739 circumfluit.

2326 763 2503 819 Multa
2528 783 2652 821 vero
2671 766 2739 820 ab
2755 769 2973 823 Amniso
2989 786 3167 823 versus
3184 769 3397 825 boream
3417 772 3528 826 sitae
3548 782 3870 845 spectantur,

2324 850 2488 921 AEgila
2503 861 2556 906 et
2568 852 2791 925 Cythera
2812 862 2866 910 et
2880 872 3061 927 aspera
3077 856 3334 922 Calauria3
3350 859 3641 932 Carpathus
3661 878 3875 933 quoque

2326 934 2393 989 ah
2414 936 2570 991 altera
2594 948 2741 1011 parte
2760 956 2937 995 versus
2958 940 3244 997 brumalem
3262 952 3487 997 tractum
3502 955 3728 1017 spectat3

2325 1020 2450 1077 huic
2470 1024 2638 1078 vicina
2666 1025 2817 1079 Creta
2842 1025 3172 1093 venerabilis,
3196 1030 3372 1099 magni
3397 1029 3542 1084 Jovis
3566 1033 3773 1096 nutrix,

2326 1111 2467 1162 vasta
2491 1110 2799 1183 pinguisque
2822 1122 2877 1166 et
2894 1113 3097 1185 pascuis
3118 1111 3259 1166 dives
3275 1153 3292 1179 ,
3318 1130 3477 1186 super
3497 1132 3659 1185 quam
3682 1116 3798 1182 Ida,

2326 1193 2418 1249 Ida
2444 1195 2790 1268 pulcherrima
2812 1217 3097 1271 quercuum
3120 1218 3269 1255 coma
3293 1202 3505 1259 florens.

2328 1281 2398 1334 Et
2413 1280 2561 1335 istius
2574 1283 2787 1355 quidem
2798 1286 2979 1356 ingens
2990 1286 3311 1356 magnitudo.
3327 1289 3525 1343 Contra
3536 1307 3683 1344 oram
3700 1302 3873 1347 autem

2328 1366 2621 1439 AEgyptiam
2646 1368 2860 1423 Rhodus
2882 1382 2977 1437 est,
3002 1371 3299 1446 Ialysiorum
3318 1378 3502 1447 patria.

2332 1574 2568 1648 Αἴγιλον·
2598 1577 2721 1641 τινὲς
2740 1579 2784 1631 δ’
2808 1580 2884 1634 ὅτι
2905 1581 2987 1635 καὶ
3008 1585 3149 1650 νῆσος
3172 1584 3348 1655 μεταξυ
3376 1586 3565 1659 Κρήτης
3592 1589 3673 1641 καὶ
3700 1592 3875 1643 Auxan-

2331 1658 2463 1721 νικῆς
2504 1655 2633 1711 οὕτω
2670 1656 2935 1728 λεγομένη.
2956 1690 3026 1702 -
3048 1659 3081 1727 ἡ
3102 1662 3315 1733 Κῦθειρα
3346 1668 3413 1721 G.
3446 1666 3467 1736 ΙΙ
3503 1695 3578 1707 -
3602 1667 3871 1741 Καλαυριά]

2330 1731 2579 1806 Καλαυρία
2621 1739 2686 1798 Β,
2728 1735 2978 1808 Καλαὸρία
3008 1742 3049 1791 C
3050 1742 3153 1794 ΤΧ
3160 1738 3309 1793 Udhk
3318 1764 3343 1803 ‚·
3376 1747 3587 1812 τραχεῖα
3614 1744 3809 1818 beqmq.
3844 1750 3866 1815 ΙΙ

2326 1840 2400 1851 -
2420 1813 2541 1867 500.
2569 1814 2726 1885 Apud
2750 1814 3067 1886 Stephanum
3097 1833 3145 1869 v.
3174 1817 3425 1888 Κάρπαθος
3452 1838 3630 1874 versus
3654 1822 3796 1877 hunc
3814 1825 3870 1878 in

2325 1888 2541 1944 modum
2567 1890 2755 1961 legitur
2782 1907 2797 1945 ε
2843 1892 3091 1965 Κάρπαθος
3128 1890 3234 1948 αὖτ’
3260 1895 3357 1951 ἐπὶ
3394 1901 3531 1971 τῇσι
3554 1901 3709 1968 (τοῖσι
3732 1921 3781 1955 ν.
3805 1902 3869 1971 l.)

2324 1966 2439 2019 ποτὶ
2460 1966 2629 2037 ζόφον.
2654 1966 2756 2022 Pro
2783 1962 2891 2023 αὖθ’
2910 1969 3075 2025 codex
3109 1972 3329 2045 Rhedig.
3365 1986 3419 2030 et
3448 1980 3533 2032 Χο
3556 1972 3646 2043 αὖ,
3670 1976 3871 2049 ἑτέρωθε

2321 2049 2449 2109 ΑΗ,
2496 2044 2723 2118 ἑτέρωθεν
2762 2066 2896 2121 eoq.;
2931 2050 3045 2105 ποτὶ
3076 2052 3245 2124 ζόφον]
3272 2053 3385 2109 ποτὶ
3409 2055 3554 2110 νότον
3582 2057 3878 2114 EGLUbN

2318 2141 2424 2195 cqw
2455 2123 2601 2191 Ald„
2638 2126 2753 2198 πρὸς
2776 2127 2912 2181 δύσιν
2936 2131 3043 2193 HK.
3074 2130 3272 2186 Vocem
3299 2133 3447 2205 ζόφον
3474 2134 3543 2189 de
3568 2154 3755 2191 occasu
3791 2138 3871 2191 in·

2318 2203 2697 2273 terpretabatur
2742 2206 2821 2261 vel
2862 2207 2979 2279 πρὸς
3017 2208 3148 2263 δόσιν
3186 2210 3388 2281 legebat
3434 2214 3666 2269 Avienus
3706 2220 3811 2286 672
3853 2234 3867 2270 ε

2314 2281 2422 2335 lea-c
2459 2295 2631 2338 tamen
2664 2286 2997 2357 (Carpathus)
3018 2306 3167 2343 axem
3210 2291 3428 2364 respicit
3462 2292 3753 2347 occiduum.
3800 2298 3869 2349 At

2314 2361 2603 2435 Carpathus
2627 2382 2658 2417 a
2679 2365 2833 2419 Creta
2852 2376 2931 2420 est.
2959 2383 3133 2421 versus
3156 2378 3330 2422 ortum
3348 2368 3669 2443 boreamque
3684 2411 3699 2437 ,
3719 2373 3867 2444 quod

2317 2440 2397 2494 his
2428 2444 2681 2515 expressit
2716 2445 3007 2500 Priscianus
3035 2448 3137 2501 526
3172 2468 3189 2504 ι
3227 2446 3325 2501 Ad
3357 2449 3537 2503 radios
3568 2452 3743 2519 vergit
3776 2452 3875 2505 sed

2320 2520 2610 2591 Carpathus
2623 2563 2637 2584 ,
2669 2521 2862 2592 quihus
2888 2522 3095 2577 subesse
3122 2524 3395 2579 lectionem
3432 2525 3549 2598 πρὸς
3582 2526 3733 2599 αὖγὰς
3766 2529 3868 2581 im-

2310 2598 2501 2651 merito
2530 2599 2929 2671 suspicabantur
2948 2600 3235 2674 Stephanus
3251 2612 3305 2657 et
3320 2601 3599 2661 Brunkius.
3627 2607 3867 2678 Denique

2309 2676 2499 2747 Papius
2538 2689 2596 2732 et
2636 2678 2823 2733 Hillius
2865 2689 2986 2733 ante
3026 2680 3141 2735 ποτὶ
3171 2699 3352 2735 vocem
3385 2682 3866 2754 interpungendum

2308 2770 2419 2807 esse
2458 2766 2801 2823 censuerunt,
2835 2757 2969 2812 adeo
2997 2768 3057 2813 ut
3080 2759 3195 2813 ποτὶ
3227 2761 3376 2832 ζόφον
3406 2760 3578 2832 ἔγγυθι
3616 2762 3765 2830 αὐτῆς
3792 2765 3863 2817 si-

2309 2832 2576 2901 gnificaret
2650 2850 2665 2889 ε
2720 2833 2798 2888 ad
2860 2854 3097 2891 occasum
3145 2855 3267 2891 vem
3318 2856 3484 2912 prope
3548 2840 3866 2913 Carpathum

2314 2914 2465 2965 emta
2492 2925 2590 2967 ese.
2633 2913 2840 2981 Quibus
2866 2915 3112 2969 omnibus
3149 2913 3295 2969 lacile
3324 2933 3559 2971 caremus
3576 2958 3592 2984 ,
3618 2930 3864 2990 recteque

2306 2989 2678 3063 Bernhardyus
2714 3004 2896 3047 monet
2939 2993 3067 3048 nihil
3107 2994 3342 3061 obstare,
3385 2996 3514 3065 quin
3558 2996 3670 3051 ποτὶ
3708 2998 3861 3067 ζόφον

2308 3085 2431 3123 cum
2458 3067 2719 3123 veteribus
2750 3071 2969 3124 Homeri
2989 3071 3353 3145 interpretibus
3366 3111 3383 3139 ,
3409 3090 3542 3144 quos
3567 3075 3753 3130 Strabo
3778 3093 3861 3129 se·-

2310 3144 2570 3217 quebatur
2595 3164 2651 3219 p.
2681 3147 2783 3213 454
2812 3166 2918 3221 sq„
2954 3149 3011 3203 in
3033 3149 3305 3204 obscuram
3326 3153 3693 3221 septentrionis
3719 3151 3855 3208 desi·

2309 3226 2607 3295 gnationem
2644 3226 3026 3297 pertrahamus.
3054 3227 3191 3283 Vide
3224 3226 3569 3281 scholiastam.
3603 3230 3625 3300 ΙΙ
3653 3259 3730 3271 -
3749 3231 3850 3286 Vs.

2315 3304 2543 3359 501-511
2583 3306 2846 3359 recentior
2872 3322 3059 3359 manus
3090 3305 3145 3359 in
3167 3323 3208 3359 x
3232 3305 3507 3377 supplevit.
3546 3305 3740 3379 τιθήνη]
3771 3308 3856 3365 cf.

2312 3381 2621 3453 Apollonius
2641 3383 2743 3439 Rh.
2764 3387 2819 3449 4,
2842 3383 2945 3448 540
2969 3398 2984 3435 2
3008 3382 3195 3454 Μάκριν
3214 3382 3257 3435 τ’
3277 3382 3549 3454 εἰσαφίκανε
3561 3422 3578 3450 ,
3598 3384 3862 3439 Διωνύσοιο

2307 3459 2532 3529 τιθήνην.
2556 3460 2769 3517 Pindar.
2797 3462 2954 3534 Pyth.
2985 3478 3033 3527 1,
3054 3477 3123 3515 20
3144 3478 3159 3515 t
3181 3458 3335 3515 Αἴτνα
3360 3463 3529 3531 χιόνος
3552 3461 3857 3533 τιθήνα.ΙΙ-

2310 3538 2431 3595 502.
2460 3536 2625 3605 πολλὴ
2646 3539 2729 3593 καὶ
2748 3543 2989 3603 KLNcm,
3007 3538 3171 3607 πολλή
3194 3559 3276 3594 κιν
3297 3542 3477 3603 Bam
3488 3561 3504 3606 ς
3524 3540 3705 3611 λιπαρή
3728 3543 3853 3613 etc.]

2309 3615 2391 3672 cf.
2421 3616 2720 3674 callimach.
2762 3619 2818 3672 in
2854 3618 2969 3675 Del.
3012 3623 3098 3687 16,
3124 3618 3215 3673 uhi
3242 3619 3344 3673 Cos
3373 3616 3542 3671 insufla
3562 3616 3759 3672 dicitur
3781 3618 3859 3672 λι·

2306 3695 2436 3767 παρή
2462 3716 2516 3751 τε
2542 3697 2626 3751 καὶ
2652 3696 2863 3759 ιῦὅοτος.
2886 3696 3121 3767 ΙΙ-503,
3141 3695 3257 3751 tm}
3287 3699 3336 3753 1‘
3343 3706 3397 3749 et
3416 3713 3557 3753 corr.
3588 3694 3685 3766 bfu
3709 3695 3856 3763 Ald.;

2310 3776 2614 3843 θηλεθάουσα
2634 3779 2705 3830 Η.
2717 3778 2739 3848 ΙΙ
2762 3806 2833 3819 -
2851 3776 2973 3832 505.
2996 3775 3275 3849 Αἰγυπτίης]
3304 3778 3383 3831 De
3400 3776 3500 3832 hac
3518 3777 3754 3831 vocabuli
3776 3796 3860 3832 ra-

2309 3856 2451 3909 tione
2490 3856 2703 3909 metrica
2744 3857 2801 3909 in
2845 3872 2997 3909 versu
3032 3856 3241 3910 heroico
3268 3874 3320 3912 v.
3350 3856 3587 3928 Spitzner
3611 3854 3680 3909 de
3716 3874 3852 3912 vers.

2306 3932 2420 3988 her.
2435 3951 2491 4007 p.
2514 3950 2633 4004 1903
2655 3932 2856 4001 ἰλησίων
2875 3938 2932 3997 0,·
2942 3934 3103 4005 πέδον]
3120 3935 3227 3997 ἕδος
3242 3932 3851 4007 GDFNUqught'oqpx,

2305 4011 2443 4084 γένος
2456 4010 2999 4083 emmaum—Vs.
3028 4014 3257 4068 506·512
3277 4014 3334 4065 in
3369 4011 3690 4067 editionibus
3715 4024 3771 4067 et.
3795 4015 3851 4069 in

2303 4090 2571 4146 codicibus
2596 4090 2833 4163 plurimis
2859 4092 2960 4146 alio
2985 4092 3225 4162 leguntur
3242 4091 3461 4159 ordine,
3492 4110 3649 4165 quem
3674 4112 3707 4147 a
3726 4094 3857 4148 Dio·

2304 4170 2453 4243 nysio
2494 4170 2722 4223 alienum
2764 4188 2876 4224 esse
2916 4181 3072 4242 atque
3110 4172 3459 4242 grammaticis
3486 4169 3665 4225 deberi
3704 4171 3856 4226 facile

2302 4249 2619 4322 intelligitur.
2636 4253 2809 4318 Quam
2822 4268 2918 4321 ego
2929 4249 3140 4304 exhibui
3152 4268 3395 4305 versuum
3408 4251 3595 4305 seriem
3608 4248 3845 4322 praebent

2306 4330 2534 4386 Avienus
2573 4340 2626 4384 et
2660 4328 2956 4383 Priscianus
2982 4340 3035 4383 et
3066 4328 3270 4384 codices
3296 4327 3677 4386 BCEModus.
3709 4329 3855 4383 Huic

2300 4418 2474 4462 autem
2494 4406 2807 4463 enarrationi
2844 4407 3057 4476 insignis
3092 4407 3228 4459 inest
3254 4423 3403 4460 error
3442 4406 3853 4477 geographicas,

2301 4504 2467 4557 quum
2476 4485 2793 4541 Chelidoniae
2807 4484 3024 4538 insulaea
3036 4486 3208 4557 Cypro
3222 4501 3401 4538 versus
3417 4494 3593 4537 ortum
3612 4485 3723 4539 sitoe
3744 4502 3859 4538 oese

2299 4564 2561 4620 dicantur.
2579 4568 2703 4633 Quo
2723 4561 3000 4627 intellecto,
3014 4564 3330 4633 grammatici
3344 4562 3598 4616 mutando
3608 4580 3855 4615 versuum

2299 4642 2487 4696 ordine
2507 4640 2709 4712 σφάλμα
2727 4651 2893 4711 poetae
2906 4638 2975 4693 ad
3004 4657 3175 4695 veram
3200 4640 3561 4712 geographiam
3576 4636 3855 4692 traducere

2300 4721 2655 4775 instituerunt.
2690 4718 2933 4771 Ἐνταῦθα
2954 4718 3172 4792 ψευδεται
3187 4758 3203 4782 ,
3241 4716 3512 4771 scholiasta
3538 4718 3739 4787 inquit3
3764 4720 3855 4784 τῆς

2298 4798 2396 4871 γὰρ
2419 4799 2609 4869 Κύπρου
2636 4797 2743 4851 om
2774 4798 2860 4868 μία
2886 4800 3029 4863 νῆσος
3064 4795 3448 4867 ἅνατολικωτέρα
3476 4800 3649 4847 κεῖται.
3685 4794 3850 4861 Δῆλον

2298 4880 2365 4941 ὡς
2388 4877 2698 4947 ὓπεδείξαμεν
2720 4874 3004 4949 ἀναστρέψαι
3028 4875 3140 4939 τοὺς
3164 4874 3359 4946 στίχους
3384 4872 3500 4945 πρὸς
3526 4872 3583 4927 tl>
3610 4874 3849 4945 σημαινό-

2300 4976 2468 5029 μενον.
2496 4958 2960 5027 Transposuerunt
2992 4956 3151 5026 igitur
3186 4971 3361 5007 versus
3386 4954 3459 5006 ita
3491 4962 3549 5005 ut
3570 4950 3709 5007 ordo
3726 4952 3799 5013 sit
3827 4970 3842 5005 :

2301 5037 2422 5101 510,
2473 5036 2571 5089 511
2638 5032 3023 5105 (Chelidoniae);
3074 5032 3193 5098 508,
3248 5032 3347 5101 509
3404 5031 3651 5102 (Cyprus)
3666 5050 3683 5096 ς
3742 5030 3845 5084 512

2298 5112 2579 5183 (Aradus);
2611 5112 2731 5179 506,
2760 5111 2861 5179 507
2900 5110 3135 5179 (Salamis
3168 5119 3223 5163 et
3242 5110 3471 5180 AEgina).
3500 5106 3849 5161 Perturbatus

2296 5192 2385 5245 hic
2408 5190 2541 5245 ordo
2568 5201 2647 5244 est
2671 5192 2727 5243 in
2754 5194 2798 5244 G
2804 5192 2993 5254 KNew,
3010 5188 3097 5241 ubi
3119 5187 3329 5242 huncin
3348 5184 3569 5240 modum
3592 5202 3770 5239 versus
3786 5201 3843 5237 se

643 5273 732 5327 λία
769 5272 937 5327 dedit.
979 5275 1087 5327 Pro
1126 5272 1190 5327 τὰ
1231 5271 1417 5344 Αἴγιλα
1454 5272 1676 5326 sormam
1715 5271 1772 5324 τὸ
1811 5269 2013 5342 Αἴγιλον
2049 5271 2207 5325 habet
2292 5272 2601 5343 excipiunt:
2630 5269 2751 5324 510.
2781 5268 2903 5325 506.
2938 5266 3060 5337 507.
3093 5266 3213 5321 511.
3248 5266 3371 5323 508.
3407 5265 3528 5333 509.
3558 5264 3848 5330 51230ete-

645 5352 810 5409 schol.
840 5352 1110 5409 Theooeit.
1155 5351 1240 5408 Id.
1291 5370 1340 5417 1,
1382 5355 1479 5423 147
1524 5366 1539 5405 :
1567 5349 1661 5403 Καὶ
1703 5349 1981 5403 Λακωνικὸν
2017 5350 2202 5420 χωρίον
2294 5366 2413 5402 rum
2440 5350 2495 5401 in
2520 5366 2563 5413 e,
2586 5350 2719 5402 sicut
2742 5348 2896 5402 etiam
2917 5347 2969 5400 in
2987 5345 3150 5411 ΕΜΔ,
3168 5346 3399 5399 numeris
3422 5343 3693 5414 adscriptis
3706 5339 3847 5395 ordo
