4584 6284
1903 530 2122 593 omns
2165 529 2484 593 DESCRIP
2496 531 2641 592 ΗΟ.

791 670 1028 733 Τοῦνεκά
1059 695 1151 749 μοι
1169 717 1186 745 ,
1218 680 1450 733 τοιοῦτον
1481 672 1603 733 ίδὼν
1631 670 1788 752 πόρον
1819 673 2158 753 άμφοτεράων

669 782 757 821 nso
783 758 1044 840 ἠπείρων,
1072 760 1166 842 ῥέα
1195 758 1366 841 τίρμα
1393 760 1645 841 κιχήσεαι
1678 761 1996 839 Εὗρωπείης.

873 850 986 919 Τῆς
1011 847 1132 921 ἤτοι
1163 848 1414 927 πυμάτην
1445 847 1541 925 μὲν
1569 848 1671 907 ὑπὸ
1697 850 1931 928 γλωχῖνα
1959 850 2200 925 νέμονται

789 936 958 1014 ἀγχοῦ
989 937 1235 1007 στηλάων
1265 935 1586 1014 μεγαθύμων
1613 936 1754 1005 ἔθνος
1781 935 2020 1017 Ἰὅήρων,

795 1028 964 1099 μῆκος
996 1022 1078 1081 ἔπ’
1106 1020 1328 1103 ἠπείρου
1355 1024 1740 1103 τετραμμένον,
1767 1014 1860 1103 ᾗχι
1894 1021 2094 1104 βορείου

791 1112 1056 1173 Ὠκεανοῦ
1086 1111 1304 1193 κε’χυται
1331 1112 1531 1194 ψυχρὸς
1557 1110 1700 1193 ῥόος,
1729 1111 1850 1172 ἔνθα
1879 1110 2123 1192 Βρετανοὶ

669 1223 756 1263 285
785 1200 950 1261 λευκά
981 1223 1040 1259 τε
1067 1202 1208 1281 φῦλα
1235 1199 1484 1279 νέμονται
1515 1200 1836 1281 ἀρειμανίων
1871 1200 2154 1280 Γερμανῶν
2175 1243 2191 1274 ,

793 1294 1072 1377 Ἑρκυνίου
1103 1296 1318 1374 δρυμοῖο
1349 1294 1812 1376 παραθρώσκοντες
1837 1294 2104 1374 ὄρόγκους.

803 1379 1063 1462 Ἤπειρον
1091 1381 1269 1454 κείνην
1299 1382 1478 1455 ἰκέλην
1505 1381 1742 1443 ἱνίπουσι
1768 1382 1938 1463 βοείῃ.

795 1472 846 1531 T
849 1473 921 1537 οῗς
953 1472 997 1528 δ’
1027 1468 1113 1529 ἔπι
1149 1471 1440 1547 Πυρηναῖον
1466 1472 1580 1553 ὅρος
1603 1470 1696 1531 καὶ
1714 1471 1930 1551 δώματα
1961 1471 2194 1543 Κελτῶν,

797 1558 984 1637 ἀγχόθι
1010 1558 1228 1637 πηγαίων
1261 1558 1568 1639 καλλιρρόου
1601 1558 1899 1639 Ἠριδανοῖο
1918 1602 1938 1633 ,

679 1668 760 1709 εσυ
793 1638 852 1705 οὗ
875 1650 994 1706 ποτ’
1015 1646 1101 1705 ἐπὶ
1127 1650 1411 1727 προχοῇσιν
1435 1646 1694 1727 ἐρημαίην
1720 1646 1816 1705 ἀνὰ
1841 1647 1999 1707 νύκτα

800 1732 1046 1802 Ἡλιάδες
1069 1734 1340 1806 κώκυσαν,
1366 1734 1674 1814 ὀδυρόμεναι
1693 1736 1967 1795 Φαέθοντα
1984 1757 2000 1774 ·

801 1824 930 1880 κεῖθι
959 1822 1012 1879 δὲ
1047 1823 1258 1881 Κελτῶν
1283 1823 1491 1895 παῖδες,
1531 1821 1784 1903 θφῆμενοι
1813 1823 2116 1900 αἰγείροισι,

797 1908 982 1990 δάκρυ’
1009 1909 1327 1989 ἀμέλγονται
1357 1932 1396 1991 χ
1400 1909 1680 1990 ρυσαυγέος
1703 1907 1996 1989 ἠλέκτροιο.

634 2129 886 2182 Ceterum
912 2138 1064 2199 poeta
1107 2127 1239 2181 dicit
1259 2126 1481 2199 Libyam
1509 2137 1564 2179 et.
1583 2127 1872 2199 Europam,
1903 2127 1946 2179 si
1971 2126 2025 2179 in
2047 2141 2206 2177 unam

641 2205 992 2279 conjunxeris,
1029 2206 1250 2278 figuram
1276 2206 1526 2260 exhibere
1549 2207 1668 2259 coni
1693 2245 1707 2270 ,
1738 2204 1888 2277 eujus
1911 2206 2046 2259 basis
2070 2205 2208 2258 Asiae

641 2287 882 2341 confiniis
923 2287 1199 2341 innitatur.
1247 2284 1432 2355 Infra(
1454 2304 1506 2339 v.
1531 2290 1633 2340 620
1651 2288 1670 2355 )
1690 2284 1842 2339 docet
1871 2286 2046 2340 Asiam
2081 2284 2210 2355 tigu-

3752 548 3865 607 tt'!

2290 685 2429 738 Hinc
2450 701 2617 755 quum
2648 686 2801 740 talem
2828 687 3099 759 utriusque
3126 691 3444 745 continentis
3465 702 3685 748 tractum

2289 774 2611 846 perceperis,
2644 773 2791 829 facile
2822 774 2949 829 fines
2972 778 3200 850 Europae
3224 796 3563 851 consequere.

2359 859 2469 913 Sub
2492 871 2793 915 extremum
2820 860 2935 933 ejus
2960 863 3209 934 angulum
3236 864 3435 920 habitat

2291 962 2455 1019 prope
2486 947 2771 1001 Columnas
2800 950 3254 1019 magnanimorum
3285 968 3411 1021 gens
3434 952 3667 1019 Iberum,

2291 1034 2383 1105 qui
2409 1049 2504 1104 per
2530 1034 2789 1088 ambitum
2814 1035 3040 1105 regionis
3062 1054 3127 1089 eo
3158 1038 3454 1109 pertinent,
3486 1039 3575 1093 ubi
3602 1039 3823 1095 borealis

2291 1120 2471 1173 oceani
2503 1118 2689 1191 frigida
2717 1119 3036 1175 diffunditur
3058 1122 3235 1188 unda,
3260 1141 3417 1195 quem
3445 1126 3686 1180 Britanni

2291 1206 2523 1279 albaeque
2552 1207 2807 1264 ferocium
2831 1210 3220 1265 Germanorum
3248 1213 3485 1267 nationes
3506 1214 3788 1279 accolunt,

2294 1298 2569 1369 Hercyniae
2596 1297 2738 1351 silvae
2755 1296 2909 1369 juxta
2930 1295 3055 1369 juga
3074 1296 3406 1353 oberrantes.

2290 1384 2475 1439 Iberiae
2504 1395 2697 1438 terram
2722 1384 2839 1456 pelli
2858 1382 3070 1438 bubula
3092 1384 3313 1438 similem
3334 1404 3445 1439 esse
3468 1386 3767 1458 perhibent.

2292 1473 2419 1527 Post
2444 1473 2541 1527 hos
2568 1483 2647 1527 est
2674 1475 2955 1545 Pyoenaeus
2976 1490 3127 1527 mons
3152 1484 3209 1527 et
3230 1472 3433 1527 Geltum
3463 1473 3630 1538 sedes,

2288 1563 2525 1618 sontibus
2552 1560 2800 1625 Eridani,
2822 1560 3123 1633 pulcerrimi
3148 1562 3379 1615 fluminis
3394 1602 3411 1628 ,
3437 1564 3751 1637 propinqua!
3766 1606 3789 1636 ‚

2287 1650 2439 1723 cujus
2462 1649 2530 1704 ad
2557 1650 2729 1704 undas
2758 1650 2971 1703 tacitam
2998 1668 3093 1723 per
3117 1660 3327 1705 noctem

2288 1738 2531 1795 Heliades
2558 1737 2687 1793 olim
2712 1738 2933 1803 flebant,
2960 1738 3341 1793 Phaethontem
3368 1737 3635 1810 lugentem

2292 1828 2473 1899 ibique
2502 1826 2657 1880 Celtae
2679 1826 2921 1880 homines
2944 1824 3041 1879 sub
3066 1824 3274 1898 populis
3300 1826 3629 1883 considentes

2294 1914 2561 1968 lacrimam
2588 1912 2765 1966 electri
2790 1909 3038 1982 colligunt
3064 1910 3329 1984 pellucidi.

2300 2124 2345 2175 δ’
2365 2121 2539 2177 ἰσιδών
2556 2142 2573 2189 3
2590 2122 2742 2192 πόρον
2762 2138 2872 2175 om.
2895 2140 2949 2193 q.
2960 2122 3059 2191 11-
3074 2125 3197 2179 280.
3222 2124 3426 2195 κιχήσεο
3448 2144 3491 2189 e,
3515 2126 3657 2199 quod
3676 2126 3871 2186 deinde

2298 2213 2591 2259 correctum
2616 2212 2725 2269 est;
2752 2203 2969 2272 κιχησέω
2990 2220 3044 2275 q,
3074 2202 3305 2274 κιχήσαιο
3332 2204 3389 2271 d,
3419 2206 3677 2276 κιχήσεται
3704 2212 3805 2273 lit.
3837 2213 3859 2283 11

2298 2312 2372 2325 -.
2386 2283 2484 2337 281
2496 2324 2509 2339 ,
2526 2282 2749 2354 πυμάτης
2766 2281 2953 2339 AGbu·
2971 2305 2992 2345 ,·
3013 2284 3207 2353 πυμάτη
3228 2285 3282 2337 F
3278 2304 3301 2347 ,-
3318 2284 3513 2358 πυμάτῃ
3535 2284 3629 2341 ίοπδ
3649 2286 3869 2361 γλωχῗνι

649 2385 762 2420 ram
815 2365 1010 2419 babere
1047 2384 1164 2420 eam
1207 2383 1366 2437 quam
1411 2364 1606 2421 habent
1643 2364 1936 2437 conjunctae
1985 2360 2256 2439 Eurolize·{
2299 2380 2408 2417 var.
2438 2360 2558 2417 lect.
2596 2379 2685 2434 ap.
2708 2360 2875 2417 schol.
2908 2360 3063 2434 ίιπαὶ]
3092 2362 3169 2418 ἐπὶ
3208 2367 3373 2428 HKe‚·
3396 2362 3490 2420 ὑπὸ
3524 2366 3764 2441 πλευρῇσι
3800 2371 3869 2436 b,-

649 2446 936 2518 Libyoeque
959 2446 1318 2513 continentes,
1345 2445 1572 2517 ideoque
1609 2445 1676 2498 ab
1703 2445 1862 2499 altera
1887 2445 1996 2497 sive
2035 2444 2207 2496 orien-

645 2525 734 2579 tali
777 2525 922 2579 orbis
958 2534 1218 2578 terrarum
1255 2535 1403 2596 parte
1430 2541 1624 2578 conum
1663 2534 2045 2597 representare.
2091 2524 2212 2575 Duo

641 2604 702 2657 hi
725 2603 846 2657 coni
885 2600 1210 2673 conjunctim
1235 2613 1384 2657 terrae
1409 2602 1632 2657 sormam
1657 2603 1993 2673 σφενδονοειδῆ
2019 2600 2210 2655 consti·

645 2694 824 2738 tuunt.
847 2683 984 2751 Quae
1005 2700 1170 2753 quum
1195 2683 1249 2735 in
1272 2682 1454 2754 aprico
1476 2682 1609 2747 sint,
1631 2681 1798 2735 miror
1817 2678 2211 2752 Bernhardyum

647 2764 740 2835 qui
769 2780 824 2835 p.
855 2762 958 2815 586
989 2759 1176 2833 Libyci
1213 2770 1410 2815 tractus
1441 2761 1917 2816 conformationem
1944 2772 2210 2833 tamquam

638 2843 880 2909 ,κωνοειδῆ
904 2859 934 2893 a
967 2842 1222 2915 Dionysio
1237 2842 1462 2913 exprimi
1483 2841 1630 2896 dicit.
1651 2840 1965 2913 Forbigerus
1991 2842 2208 2911 (Geogr.

651 2940 699 2988 1,
721 2940 776 2994 p.
807 2921 952 2986 436)
983 2931 1188 2986 eontra,
1215 2922 1518 2976 Passovium
1557 2932 1800 2987 secutus,
1843 2922 2068 2993 Europa
2093 2921 2212 2974 coni

639 3000 868 3055 sormam
894 2999 1056 3053 tribui
1081 3001 1184 3067 ait,
1212 2998 1359 3053 illum
1384 3017 1509 3054 vero
1541 3017 1736 3054 conum
1753 3041 1772 3070 ,
1797 3017 1956 3072 quem
1983 2998 2120 3055 Asiae
2153 2998 2213 3051 fl-

635 3098 770 3151 gura
804 3079 1030 3133 describi
1051 3090 1206 3151 poeta
1235 3079 1370 3145 vult,
1415 3080 1626 3135 nonnisi
1667 3078 1736 3135 ad
1779 3077 2038 3133 borealem
2078 3078 2212 3132 Asiae

643 3170 840 3232 partem
849 3159 1046 3227 ,Tauro
1063 3168 1244 3212 monte
1252 3157 1319 3211 ab
1337 3158 1548 3212 australi
1563 3157 1863 3223 diremtam,
1878 3154 2209 3212 referendum

645 3257 782 3305 esse;
813 3256 936 3292 nam
964 3240 1006 3291 si
1038 3237 1286 3293 Arabiam
1325 3254 1540 3310 quoque
1566 3248 1620 3292 et
1652 3238 1881 3293 Persiam
1922 3248 1978 3291 et
2002 3234 2208 3290 Indiam

651 3318 936 3389 Dionysius
983 3317 1198 3387 intelligi
1239 3316 1513 3382 voluisset,
1559 3314 1706 3370 nullo
1743 3327 1893 3389 pacto
1922 3316 2046 3371 Asia
2085 3332 2210 3369 cum
2248 3354 2258 3369 .

651 3414 811 3457 (nno,
839 3395 987 3466 cujus
1013 3396 1149 3449 basis
1173 3398 1442 3467 Europam
1467 3395 1674 3465 (dicere
1697 3393 1921 3447 debebat
1941 3397 2206 3465 Europam

639 3485 702 3529 -et
731 3475 982 3546 Libyam)
1001 3483 1264 3545 tangeret,
1291 3476 1584 3547 comparari
1609 3474 1879 3545 potuisset.
1921 3477 2053 3544 Quae
2090 3474 2206 3544 qui·

638 3553 770 3609 dem
789 3571 948 3625 quam
973 3572 1004 3607 a
1023 3552 1190 3606 verbis
1208 3564 1260 3607 et
1282 3554 1534 3607 sententia
1553 3562 1718 3625 poetae
1744 3552 1908 3605 aliena
1933 3552 2040 3605 sint
2057 3590 2072 3614 ,
2101 3568 2208 3603 non

638 3643 726 3687 αι
769 3630 916 3704 qnod
942 3642 1250 3705 exponatur.
1279 3634 1523 3705 Ineptum
1553 3651 1676 3686 vero
1723 3630 1855 3687 soret
1901 3642 2068 3704 poeta».
2113 3650 2209 3683 no-

641 3716 742 3767 ·stri
767 3712 924 3767 verba
950 3710 1316 3784 detorquendo
1338 3713 1404 3767 ad
1436 3712 1884 3767 Eratosthenicam
1917 3710 2210 3765 doctrinam

640 3794 889 3864 exigere,
931 3810 964 3846 a
988 3810 1092 3864 qua
1120 3792 1310 3845 Noster
1346 3792 1400 3844 in
1432 3791 1512 3845 his
1537 3791 1682 3844 abeat
1719 3790 2036 3860 longissime.
2077 3791 2208 3841 Nam

649 3872 1022 3928 Eratosthenes
1071 3872 1404 3945 χλαμυδοειδῆ
1421 3911 1436 3937 ,
1467 3890 1575 3926 non
1613 3871 1974 3941 σφενδονοειὸἥ,
2020 3879 2210 3922 terram

650 3951 805 4007 dixit.
833 3954 916 4006 Ex
941 3951 1300 4005 Eratosthenis
1339 3949 1532 4021 placito
1564 3950 1686 4004 Asia
1713 3948 2010 4019 longissime
2037 3964 2212 3999 versus

651 4044 832 4087 ortum
861 4030 1165 4086 extenditur
1197 4029 1526 4085 meridionali
1553 4028 1880 4097 Coliacorum
1907 4036 2214 4101 promonto-

651 4114 764 4179 rio,
795 4111 928 4166 dum
973 4110 1212 4183 Dionysii
1251 4109 1388 4163 ratio
1423 4108 1618 4179 flagitat
1656 4118 1718 4161 ut
1750 4108 1882 4163 Asiae
1915 4106 2214 4161 extremitas

652 4191 922 4246 orientalis
959 4192 1012 4243 in
1049 4190 1214 4243 Tauri
1249 4188 1444 4242 montis
1489 4186 1735 4260 parallelo
1771 4187 1852 4245 sit.
1910 4182 2213 4240 Secundum

649 4269 964 4342 Dionysium
989 4284 1154 4322 conus
1185 4266 1364 4340 Libyae
1386 4270 1718 4340 Europaeque
1743 4266 2024 4338 aequalibus
2043 4265 2216 4319 lateri-

647 4350 750 4405 bus
786 4368 898 4403 esse
921 4350 1122 4420 nequit,
1151 4348 1250 4400 nisi
1278 4346 1456 4401 Nilum
1491 4358 1544 4401 et
1577 4347 1782 4401 Tanain
1809 4347 1862 4401 in
1900 4344 2084 4400 eodem
2110 4363 2216 4399 me-

646 4430 858 4485 ridiano
892 4428 1018 4482 sitos
1039 4446 1150 4481 mse
1175 4436 1370 4481 statuas
1399 4426 1487 4495 (id
1515 4425 1660 4499 quod
1689 4425 1952 4481 nonnullis
1971 4424 2218 4497 placuisse

653 4519 854 4565 constat
867 4512 912 4578 );
931 4506 1262 4561 Eratostheni
1286 4524 1410 4560 vero
1426 4507 1620 4560 Tanais
1642 4516 1720 4559 est
1741 4506 1860 4560 Nilo
1886 4506 2038 4576 longe
2052 4506 2221 4558 orien-

653 4587 824 4642 talior.
854 4586 1094 4657 Denique
1131 4588 1360 4640 duorum
1386 4602 1646 4640 cenorum
1677 4584 1814 4638 basis
1843 4582 2068 4639 mediam
2096 4600 2218 4654 pro·

657 4665 942 4738 pemodum
966 4663 1140 4718 suudae
1161 4662 1236 4717 vel
1258 4664 1400 4719 orbis
1423 4664 1641 4718 habitati
1671 4674 1872 4735 partem
1905 4665 2220 4717 mustituere

655 4746 843 4800 debet:
885 4756 941 4799 at
974 4762 1040 4799 ex
1073 4743 1430 4799 Eratosthenis
1456 4744 1710 4797 mensuris
1733 4760 1898 4797 conus
1923 4739 2220 4795 occidenta-

653 4824 722 4878 tis
735 4823 802 4878 ad
821 4824 998 4878 Nilum
1019 4840 1182 4893 usque
1202 4822 1470 4894 pertinens
1488 4822 1696 4876 nonnisi
1721 4825 1785 4886 24
1793 4824 1894 4877 500
1907 4819 2216 4885 stadiorum,

658 4902 792 4957 alter
843 4920 970 4957 vero
1009 4904 1183 4969 47300
1221 4900 1512 4956 stadiorum
1559 4899 1939 4971 longitudinem
1983 4898 2213 4957 haberet.

657 4981 834 5036 velles
845 5000 970 5035 sane
991 4981 1302 5053 Dionysium
1321 4979 1524 5035 dedisse
1547 4980 1762 5034 meliora
1779 5020 1794 5045 ,
1817 4980 2078 5049 nollesque
2097 4998 2220 5035 eum

659 5064 880 5117 miscere
901 5062 1252 5135 repugnantia
1282 5063 1450 5130 (sicut
1475 5080 1592 5133 quae
1614 5060 1672 5113 h.
1699 5060 1732 5114 Ι.
1759 5060 1825 5114 de
1854 5060 2029 5131 Libyae
2054 5058 2220 5115 forma

662 5139 820 5195 habet
841 5158 956 5195 non
993 5142 1118 5195 satis
1145 5142 1430 5194 concinunt
1471 5158 1592 5194 cum
1619 5140 1827 5211 trapezii
1855 5138 2022 5193 forma
2061 5158 2220 5211 qnam

657 5219 782 5275 alibi
802 5220 984 5292 Libyas
1021 5220 1288 5290 vindicat)
1310 5236 1325 5272 ε
1347 5230 1402 5274 at
1427 5221 1546 5272 vitia
1567 5215 1679 5289 ejus
1701 5218 1958 5289 corrigere
1993 5236 2100 5272 non
2125 5237 2220 5273 no-

657 5310 828 5354 strum
869 5310 966 5354 cst.
1010 5303 1030 5369 ΙΙ
1064 5330 1135 5341 —-
1177 5316 1301 5369 279.
1326 5303 1559 5353 τοσοῦτον
1593 5296 1738 5369 ἰδὼν]
1775 5301 1908 5352 τοῖον
1943 5298 2058 5351 ἰδὼν
2097 5304 2218 5365 ΙΙζ;

663 5382 894 5435 τοσοῦτον
912 5380 1084 5434 ἐσιδὼν
1098 5398 1158 5451 eq
1174 5402 1194 5443 ,·
1207 5396 1271 5433 ex
1289 5378 1370 5433 his
1383 5379 1554 5432 elicias
1573 5378 1726 5432 fuisse
1742 5378 1829 5449 qui
1853 5378 2223 5449 legerent-tosov

2300 2440 2379 2495 ἰπὶ
2416 2440 2651 2515 πλευρῇσι
2679 2439 2871 2498 ANdw
2898 2440 3021 2521 (sed
3050 2444 3104 2495 in
3128 2441 3169 2495 d
3189 2462 3209 2494 .-
3238 2462 3318 2514 γρ.
3346 2442 3440 2498 ὑπὸ
3467 2445 3754 2518 γλωχῖνα»
3789 2449 3869 2505 ἐπὶ

2299 2522 2553 2593 πλευροῖσι
2576 2524 2625 2579 G
2642 2543 2663 2584 ,-
2685 2522 2909 2595 πυμάτης
2936 2520 3023 2593 μὶν
3051 2519 3131 2576 ἰπὶ
3150 2522 3388 2595 πλευρῇσι
3410 2528 3549 2581 Etr.
3578 2525 3661 2583 Cf.
3697 2529 3863 2583 schot.

2307 2602 2330 2673 ss
2356 2630 2429 2643 —
2450 2604 2575 2657 282.
2614 2601 2843 2653 Versum
2866 2600 3043 2655 laudat
3066 2601 3358 2674 Stephanus
3399 2621 3445 2660 v,
3484 2602 3709 2677 ’ίὸηρίαι.
3744 2610 3765 2678 ΙΙ
3793 2641 3864 2653 —-

2302 2681 2425 2739 283.
2451 2683 2603 2752 μῆκος
2629 2680 2673 2731 δ’
2702 2678 2900 2751 ἠπείρου
2930 2681 3142 2754 LNbeq5
3154 2680 3375 2753 ἠπείροιο
3397 2686 3656 2753 ACDQY
3670 2688 3821 2743 etalii
3844 2732 3860 2754 ,

2302 2773 2363 2817 ut
2388 2762 2613 2827 videtur,
2642 2760 2857 2833 plurimi
2884 2781 2899 2827 ς
2930 2780 2983 2815 τε
3008 2762 3337 2834 τετραμμένον
3366 2782 3424 2827 e,-
3448 2768 3771 2837 τετραμμένοι
3794 2776 3868 2835 ΙΙ,-

2302 2841 2603 2913 τεταμμένον
2624 2858 2735 2896 var.
2762 2839 2865 2895 lect
2912 2858 2997 2913 ap.
3018 2839 3155 2895 nob.
3182 2840 3385 2913 Steph.;
3404 2845 3659 2915 τεταμένοι
3678 2848 3862 2903 Eusta-

2302 2921 2407 2987 th.;
2432 2920 2727 2993 τετασμένον
2758 2938 2869 2974 var.
2894 2919 3015 2973 lect.
3042 2937 3128 2992 ap.
3156 2918 3293 2975 nob.
3315 2922 3496 2993 Steph.
3518 2923 3655 2977 Cum
3682 2938 3863 2983 nostro

2301 3000 2633 3073 τετραμμένον
2650 2997 3021 3070 Bernhardyus
3047 2998 3251 3054 confert
3272 2998 3629 3057 Herodoteum
3664 3006 3742 3071 (6,
3769 3010 3861 3076 22)

2301 3078 2431 3135 illud
2466 3098 2481 3135 t
2507 3079 2625 3152 πρὸς
2659 3078 2711 3134 δὲ
2745 3080 3017 3151 Τυρσηνίην
3048 3080 3354 3151 τετραμμένη
3378 3084 3465 3149 τῆς
3491 3081 3745 3152 Σικελίας,
3770 3086 3866 3141 ad-

2300 3158 2522 3231 ditque:
2559 3184 2582 3205 ι
2608 3159 2853 3214 Eundem
2880 3160 2935 3212 in
2963 3176 3171 3213 sensum
3198 3158 3435 3231 Dionysii
3457 3159 3755 3217 doctrinam
3782 3168 3865 3220 in-

2302 3238 2581 3307 telligimus
2607 3254 2621 3291 :
2652 3238 2799 3292 Iberi
2830 3256 2933 3310 per
2967 3236 3351 3311 amplissimam
3377 3237 3577 3308 diffini
3614 3242 3867 3311 regionem

2298 3326 2540 3388 spectant
2581 3314 2637 3369 ἰιε
2678 3315 2873 3369 Oceani
2904 3315 3202 3370 Britannica
3235 3326 3482 3371 tractum.
3522 3342 3544 3369 s
3584 3322 3607 3391 ΙΙ
3640 3352 3712 3363 -
3741 3325 3865 3387 284.

2299 3396 2525 3448 Versum
2570 3392 2751 3447 laudat
2778 3394 3073 3466 Stephanus
3101 3413 3152 3450 v.
3199 3394 3421 3465 Βρεττία.
3457 3398 3639 3470 ψυχρὸς
3667 3401 3867 3472 κέχυται

2310 3472 2396 3527 Uei
2437 3472 2561 3528 Ald.
2604 3502 2675 3515 --
2718 3473 2985 3543 Βρεταννοί
3026 3478 3145 3537 Bco,
3178 3474 3441 3543 Βρεττανοί
3467 3495 3545 3549 eq.
3584 3480 3605 3549 ΙΙ
3640 3508 3712 3521 —-
3738 3483 3864 3535 285.

2300 3552 2589 3625 ἔρειμανίων
2620 3556 2689 3617 Ε,
2718 3550 2997 3623 ἐρισθενέων
3024 3550 3124 3624 kf.
3151 3551 3235 3607 Cf.
3261 3554 3497 3613 Eustath.
3526 3566 3579 3610 et
3595 3556 3771 3615 Schol.
3798 3592 3869 3604 —-

2299 3634 2449 3687 λευκά
2477 3632 2544 3688 de
2568 3644 2690 3688 cute
2707 3631 2998 3687 Bredovius
3020 3634 3418 3707 interpretatur,
3446 3634 3515 3690 de
3540 3638 3683 3693 ssavis
3712 3643 3869 3714 capil-

2306 3714 2369 3769 lis
2392 3714 2584 3767 rectius
2610 3710 3003 3784 Bernhardyus.
3058 3715 3081 3783 11
3115 3744 3187 3755 -
3216 3715 3341 3769 286.
3394 3713 3653 3787 Ἕρκυνοῗο
3690 3724 3829 3795 Dcoq
3850 3746 3870 3786 ,-

2300 3794 2497 3865 ὃριμοῗο
2534 3796 2614 3846 Fn
2660 3810 2781 3847 cum
2811 3790 2975 3861 glossa
3006 3792 3257 3864 χαλεποῦ,
3302 3791 3534 3865 ὀρόσκους
3562 3816 3640 3869 eq.
3673 3799 3871 3872 liert-5-

2300 3874 2441 3927 niam
2474 3872 2659 3927 silvam
2686 3890 2795 3927 non
2832 3870 2985 3943 longe
3005 3872 3073 3925 ab
3092 3874 3305 3927 Oceano
3331 3872 3560 3929 abfuisse
3582 3876 3867 3949 Dionysius

2302 3952 2556 4017 statuerit,
2582 3953 2737 4007 sicuti
2760 3952 2941 4007 statuit
2963 3952 3273 4025 Apollonius
3296 3953 3472 4009 Rhod.
3498 3960 3551 4021 4,
3578 3960 3702 4020 640.
3740 3959 3761 4026 ΙΙ
3792 3987 3868 3999 -

2304 4033 2429 4100 287.
2464 4030 2617 4084 Bovis
2652 4031 2847 4102 tergori
2874 4029 3058 4085 Iberia}
3102 4030 3324 4102 figuram
3360 4034 3683 4105 comparavit
3710 4036 3868 4089 etiam

2303 4109 2487 4165 Strabo
2500 4128 2556 4183 p.
2584 4114 2674 4175 84,
2702 4127 2821 4180 127,
2848 4109 2967 4180 137.
2994 4112 3017 4181 ΙΙ
3040 4114 3249 4167 -288,
3273 4112 3579 4183 Πορρηναῗον
3602 4117 3875 4175 AGHLN

2309 4192 2405 4257 QX
2418 4188 2525 4245 alii.
2548 4190 2570 4257 ΙΙ
2588 4220 2661 4231 -
2679 4189 3052 4262 289.πηγάων]
3082 4191 3279 4244 πυλάων
3297 4195 3364 4249 G.
3384 4194 3478 4247 Vs.
3504 4195 3731 4265 289·293
3746 4198 3871 4251 citat

2309 4270 2485 4340 Etym.
2524 4270 2603 4323 M.
2634 4286 2686 4323 v.
2740 4267 2983 4331 Ἡλιάδες.
3016 4269 3098 4324 Cf.
3130 4269 3305 4344 Apoll.
3338 4271 3509 4328 Rhod.
3545 4276 3598 4338 4,
3641 4278 3743 4339 624
3785 4294 3867 4349 sq.

2306 4346 2595 4402 Eridanum
2624 4350 2905 4421 Dionysius
2934 4350 3242 4406 intellexerit
3262 4368 3371 4405 non
3400 4352 3618 4407 fluvium
3642 4354 3867 4426 aliquem

2308 4429 2361 4481 in
2385 4426 2645 4481 borealem
2678 4428 2756 4481 vet
2793 4427 3165 4483 occidentalem
3192 4436 3282 4499 (ut
3310 4431 3563 4487 Eudoxus
3585 4434 3688 4508 ait)
3718 4454 3868 4491 ocea-

2309 4524 2440 4562 num
2466 4517 2745 4562 exeuntem
2765 4548 2781 4573 ,
2828 4506 2919 4561 sed
2961 4508 3313 4576 Rhodanum3
3367 4508 3420 4565 id
3460 4514 3605 4567 enim
3649 4513 3873 4570 suadent

2310 4586 2467 4641 verba
2491 4588 2573 4656 (ν.
2600 4592 2729 4658 294)
2757 4587 2841 4642 τὸν
2872 4587 2925 4642 ’ὀὶ
2948 4590 3053 4660 μέθ’
3077 4588 3225 4657 ἑξείης
3245 4590 3537 4663 Τυρσηνίδος
3559 4591 3681 4661 ἤθεα
3704 4594 3868 4668 γαίης,

2310 4684 2475 4738 quum
2518 4665 2805 4721 Rhodanus
2831 4666 2885 4719 in
2917 4668 3085 4739 prisca
3111 4670 3425 4741 geographia
3452 4670 3607 4744 hujus
3643 4674 3873 4744 regionis

2310 4744 2530 4819 populos
2558 4744 2904 4801 disterminet.
2950 4748 3139 4801 Fontes
3179 4748 3421 4805 Rhodani
3454 4751 3507 4806 in
3540 4754 3743 4824 poetica
3774 4755 3873 4811 hae

2310 4825 2623 4897 geographia
2642 4843 2673 4879 e
2691 4827 2939 4897 Pyrenaeo
2962 4824 3183 4881 derivari
3206 4828 3334 4881 nihil
3355 4829 3511 4885 habet
3528 4830 3675 4902 quod
3702 4832 3871 4887 oss'en·

2310 4904 2420 4958 dat.
2450 4906 2521 4958 V.
2572 4905 2817 4977 Apollon.
2848 4906 3023 4964 ahod.
3050 4912 3102 4973 4,
3130 4909 3233 4963 628
3268 4926 3347 4980 sq.
3378 4908 3413 4981 Η
3444 4939 3515 4951 -
3544 4926 3669 4982 290.
3702 4906 3734 4983 ᾖ
3760 4912 3869 4966 ποτ’

2312 5002 2359 5044 e,-
2388 4991 2681 5056 προχοαῖσιν
2706 4985 2827 5039 cod.
2860 5005 2896 5038 ε.
2932 4988 2953 5057 ΙΙ
2978 5017 3049 5029 —-
3073 5004 3197 5058 291.
3229 4989 3428 5042 Versus
3456 4990 3510 5043 in
3538 4994 3611 5045 Bc
3628 4990 3733 5045 boc
3756 4992 3872 5045 loco

2310 5066 2533 5119 omissus
2550 5106 2565 5130 ,
2588 5064 2679 5119 sed
2717 5068 2771 5120 in
2810 5066 2912 5119 ima
2938 5068 3121 5137 pagina
3147 5067 3461 5138 adscriptus.
3488 5070 3740 5141 κώκυσαν]
3772 5073 3870 5125 κώ·

2312 5164 2427 5199 κυον
2460 5150 2592 5218 E'eq,·
2635 5145 2891 5198 κώκυσσαν
2926 5148 2969 5199 Β
2988 5157 3041 5199 et
3080 5163 3183 5201 sec.
3233 5146 3631 5219 Bernhardyum
3675 5151 3727 5203 in
3758 5150 3871 5203 aliis

2312 5223 2551 5297 plurimis
2583 5224 2762 5277 nescio
2798 5222 3021 5293 quibus3
3056 5222 3204 5278 editt.
3241 5234 3361 5277 ante
3386 5224 3867 5299 Bemhardyanam.

2318 5304 2341 5371 u
2369 5331 2443 5343 -
2462 5317 2586 5371 292.
2610 5301 2857 5373 ὑφείμενοι
2878 5306 2976 5365 De,
3008 5300 3381 5373 ἐψείμενοιοοά.
3404 5301 3471 5368 ζ’,
3493 5302 3725 5376 ἐφήμενοι
3746 5309 3801 5360 K
3818 5314 3875 5361 ct

2317 5398 2439 5451 tngo
2462 5398 2510 5433 c.
2538 5382 2560 5451 ss
2585 5410 2659 5422 —
2685 5381 2808 5450 293.
2831 5380 2995 5449 δάκρυ’
3019 5398 3077 5453 eq
3102 5379 3245 5447 Ald.;
3267 5379 3561 5453 άμίργονται
3580 5386 3696 5449 σο,
3720 5382 3877 5442 odiu.
