4584 6284
684 567 758 620 ⁹0

664 688 941 745 ductuum.
1019 690 1084 742 In
1110 688 1435 761 gurgitibus,
1456 705 1594 760 quos
1634 688 1825 741 multos
1845 687 2020 754 babet,
2050 687 2233 743 eadem

665 794 853 851 genera
880 776 1105 850 piscium
1128 792 1247 848 quae
1264 776 1320 830 in
1343 778 1503 831 Arete
1530 776 1938 849 perspiciuntur.
1976 777 2233 849 Equidem

662 866 775 940 ipse
813 880 922 919 non
974 862 1183 935 longius
1228 864 1399 917 tribus
1446 861 1737 917 miliaribus
1786 862 2077 918 secundum
2122 862 2234 937 ejus

662 954 837 1026 ripam
858 950 1111 1026 progredi
1136 960 1287 1005 metu
1304 948 1599 1005 barborum
1616 966 1771 1005 ausus
1788 988 1804 1016 ,
1828 951 2073 1023 prospexi
2096 949 2233 1005 dun·

664 1050 808 1097 taxat
829 1038 977 1095 bunc
1005 1036 1171 1092 fluere
1195 1054 1293 1111 per
1318 1035 1529 1106 longam
1556 1034 1737 1090 vallem
1762 1053 2089 1091 nemorosam
2104 1076 2120 1104 ,
2144 1055 2231 1091 ve-

662 1124 867 1181 nationi
890 1123 1048 1195 regioe
1068 1118 1543 1180 accommodatam.
1568 1120 1647 1174 Ab
1667 1119 1821 1194 hujus
1846 1122 2073 1177 fluminis
2100 1122 2233 1177 ostio

668 1211 863 1284 incipit,
882 1208 1317 1283 promontorium
1330 1248 1347 1277 ,
1369 1204 1518 1280 cujus
1544 1225 1727 1264 mucro
1756 1206 1987 1282 undiquc
2007 1208 2235 1282 percuti-

666 1310 755 1354 tur
777 1298 927 1351 fluxu
954 1296 1209 1370 Bospori,
1238 1296 1333 1368 qui
1352 1293 1630 1367 rapiditate
1645 1336 1660 1362 ,
1684 1294 1972 1362 altitudine,
2014 1296 2235 1369 strepitu

668 1395 869 1436 sonoro
909 1392 1124 1454 superat
1149 1397 1334 1435 omnes
1376 1378 1549 1435 fluxus
1589 1382 1748 1434 totius
1772 1380 2016 1452 Bospori,
2048 1378 2235 1434 minitas

666 1468 833 1523 molas
880 1465 1121 1541 quotidie
1156 1484 1361 1522 versare
1404 1464 1605 1521 solitus.
1678 1462 1847 1538 Hujus
1887 1466 2234 1539 promontorii

666 1554 889 1610 dorsum
904 1554 971 1609 ab
986 1572 1177 1611 occasu
1192 1553 1451 1609 solstitiali
1467 1552 1534 1609 ad
1557 1553 1845 1609 brumalem
1858 1564 2033 1609 ortum
2047 1554 2229 1625 surgit,

670 1643 833 1697 situm
875 1651 1061 1696 eontra
1096 1642 1275 1696 sinum
1314 1636 1420 1694 τῶν
1464 1636 1683 1707 Χηλῶν.
1713 1640 1986 1697 Clauditur
2030 1641 2232 1697 duabus

668 1728 891 1783 vallibus
906 1768 921 1796 ,
948 1746 1053 1783 una
1077 1745 1108 1783 a
1124 1728 1593 1802 septentrionibus,
1612 1727 1771 1783 altera
1796 1746 1830 1782 a
1844 1728 2057 1784 cardine
2080 1728 2235 1783 meri-

674 1813 839 1870 diano
854 1855 870 1882 ,
902 1827 1125 1887 utraque
1156 1814 1420 1889 producta
1445 1816 1501 1871 in
1534 1815 1908 1887 longitudinem
1944 1814 2233 1871 stadiorum

672 1904 883 1959 circiter
900 1913 1043 1958 octo.
1076 1903 1327 1977 Undique
1344 1901 1571 1978 proclive
1593 1913 1647 1957 et
1678 1921 1904 1978 praeceps
1928 1916 2233 1977 promonto-

669 1990 811 2045 rium
836 2030 852 2057 ,
891 1987 1041 2063 cujus
1080 2007 1113 2044 a
1138 2007 1348 2046 summo
1392 2006 1643 2045 mucrone
1674 1987 1882 2045 ascendi
1922 1990 2233 2065 quingentos

670 2096 874 2153 passus,
907 2079 1107 2151 primos
1142 2080 1433 2153 precipites
1454 2089 1509 2134 et
1534 2076 1685 2132 valde
1717 2076 1968 2147 directos,
2004 2080 2231 2153 reliquos

668 2165 983 2240 semiplanos
995 2164 1277 2221 efficientes
1294 2166 1510 2221 dorsum
1530 2166 1894 2240 promontorii,
1914 2166 2058 2240 quod
2084 2165 2230 2222 valde

670 2253 916 2308 strictum
958 2250 1031 2308 ob
1078 2252 1231 2308 valles
1274 2252 1524 2325 utrinque
1566 2263 1889 2308 coarctantes
1922 2264 1977 2309 et
2020 2253 2229 2309 sta-obes

668 2353 795 2409 tres,
818 2357 953 2414 quos
972 2338 1112 2395 velut
1138 2338 1338 2396 theatra
1357 2338 1778 2412 promontorium
1798 2337 1974 2408 efficit,
1996 2341 2225 2415 primum

667 2440 939 2487 extantem
959 2444 1121 2503 supra
1140 2444 1447 2482 mucronem
1481 2427 1831 2502 promontorii
1848 2468 1863 2491 ,
1885 2426 2227 2501 complecten-

666 2529 774 2574 tem
818 2516 1025 2573 ambitu
1067 2530 1247 2588 passus
1282 2512 1505 2587 amplius
1548 2524 1839 2579 treoentos,
1882 2513 2157 2569 distantem
2190 2531 2223 2569 a

665 2608 905 2679 Bosporo
946 2602 1155 2658 circiter
1189 2600 1369 2670 viginti
1413 2617 1591 2671 passus
1640 2616 1656 2655 z
1704 2601 1922 2657 alterum
1959 2599 2025 2656 ab
2059 2601 2220 2656 altero

665 2691 896 2747 divisum
925 2690 1067 2745 tenui
1112 2687 1461 2761 promontorii
1488 2686 1679 2753 dorso,
1721 2705 1829 2743 non
1852 2687 2020 2742 latiori
2056 2688 2223 2743 tribus

661 2778 924 2853 passibus.
948 2774 1307 2831 Promontorii
1344 2772 1544 2830 radices
1564 2793 1598 2829 a
1618 2777 1792 2848 primo
1830 2776 2015 2831 scrobe
2046 2776 2114 2833 ad
2142 2796 2221 2833 se·

659 2864 897 2922 cundum
923 2870 1213 2918 excurrunt
1236 2861 1293 2915 in
1328 2860 1710 2932 longitudinem
1737 2881 1982 2937 passuum
2018 2864 2224 2919 circiter

658 2963 1039 3009 trecentorum.
1080 2946 1355 3004 Secundus
1395 2948 1577 3003 scrobs
1615 2947 1975 3022 magnitudine
2012 2961 2223 3024 superat

654 3040 919 3116 primum,
953 3048 1007 3094 et
1040 3034 1323 3110 lapidicina
1347 3036 1475 3092 olim
1505 3036 1665 3092 fuisse
1691 3037 1897 3094 videtur
1924 3056 1939 3093 z
1973 3056 2221 3113 passuum

656 3126 987 3183 intervallum
1026 3125 1149 3199 plus
1190 3125 1367 3180 minus
1422 3124 1775 3179 ducentorum
1820 3126 2033 3181 interest
2086 3126 2224 3181 inter

656 3212 953 3268 secundum
997 3223 1051 3268 et
1088 3212 1303 3268 tertium
1340 3211 1581 3266 scrobem
1606 3209 1931 3266 desinentem
1972 3213 2027 3265 in
2065 3213 2223 3267 imam

652 3300 923 3375 planitiem
950 3299 1095 3356 vallis
1114 3298 1425 3373 praedictum
1454 3300 1881 3371 promontorium
1905 3296 2187 3352 claudentis
2204 3335 2220 3362 ,

656 3388 770 3442 sitae
791 3405 823 3442 e
846 3380 1065 3457 regione
1083 3386 1435 3458 promontorii
1455 3384 1778 3438 Bestiarum.
1800 3385 1865 3437 In
1888 3384 2026 3438 banc
2045 3384 2222 3437 vallem

657 3472 812 3528 multi
849 3471 1024 3527 fontes
1062 3470 1260 3525 rivulos
1290 3471 1541 3525 emittunt
1576 3469 1851 3540 irrigantes
1877 3469 2011 3539 regis
2043 3468 2227 3525 hortos

660 3559 866 3615 clausos
884 3558 1099 3613 excelsis
1122 3554 1381 3623 lauribus,
1402 3557 1601 3629 positos
1624 3555 1679 3609 in
1707 3557 1809 3610 ima
1828 3555 1969 3610 vallis
1994 3554 2223 3627 planitie,

662 3663 826 3721 quam
876 3643 1050 3701 Graeci
1084 3642 1196 3716 jam
1228 3652 1417 3698 vocant
1458 3641 1598 3697 Cieri
1634 3661 1667 3696 a
1708 3659 1897 3715 genere
1948 3640 2223 3710 frumenti,

664 3737 968 3809 ignorantes
990 3731 1318 3808 temporibus
1343 3734 1376 3787 J
1378 3730 1625 3785 ustiniaui
1648 3729 1959 3804 appellatam
1984 3728 2227 3785 Cmcbon

664 3822 777 3877 sive
804 3820 1053 3875 Brochon
1088 3834 1101 3873 t
1128 3816 1183 3873 id
1211 3817 1351 3891 quod
1377 3817 1719 3891 perspicietur
1735 3834 1799 3871 ex
1831 3817 2089 3889 Procopio
2110 3815 2128 3889 (
2149 3818 2230 3871 De

669 3908 815 3965 aedir.
864 3926 889 3963 ι
914 3948 930 3975 ,
970 3906 1069 3981 8).
1113 3928 1137 3958 s
1170 3907 1321 3974 Duo,
1359 3906 1560 3979 inquit,
1591 3916 1742 3961 erant
1762 3904 1953 3979 templa
1995 3903 2228 3979 Michaeli

1904 558 2249 620 moNst
2292 559 2660 621 BYZANTH

2323 691 2397 746 ibi
2441 709 2546 746 non
2573 693 2867 764 prominet,
2905 690 2999 745 sed
3033 692 3210 765 potius
3245 692 3530 747 retrahitur
3566 691 3620 745 in
3657 695 3830 744 sinum
3854 728 3871 756 ,

2324 798 2484 853 quem
2505 778 2738 836 efficiunt
2773 780 3136 853 promontoria
3168 798 3236 836 ex
3261 797 3368 835 una
3394 788 3541 853 parte
3575 776 3877 833 Moletrina·

2323 868 2462 923 rium
2483 906 2501 935 ,
2530 886 2595 923 ex
2620 867 2778 922 altera
2813 866 3104 923 Heliacum.
3142 869 3326 940 Itaque
3347 866 3600 939 temporis
3624 875 3878 919 vetustate

2325 954 2435 1010 lieri
2447 956 2638 1029 potuit,
2657 966 2718 1011 ut
2731 950 2938 1029 πρῶτον
2953 946 3128 1009 δίσκον
3143 953 3477 1029 depravarint
3498 954 3555 1007 in
3565 944 3872 1024 προόχθους.

2321 1060 2442 1099 uam
2452 1044 2494 1097 si
2502 1046 2922 1117 promontorium
2929 1044 3344 1099 Moletrinarium
3353 1044 3421 1097 sit
3429 1032 3567 1113 ἄκρα
3579 1032 3878 1105 Ῥοιζοῧσα,

2323 1139 2383 1185 ut
2407 1147 2518 1185 esse
2543 1129 2766 1199 videtur,
2797 1132 2852 1186 in
2884 1130 3045 1186 latere
3082 1127 3241 1202 hujus
3281 1127 3380 1201 [ad
3417 1126 3732 1200 meridiem]
3761 1144 3878 1183 ver·

2322 1228 2493 1288 gente,
2521 1220 2692 1291 potuit
2713 1237 2822 1275 esse
2851 1214 3068 1295 Πρῶτος
3089 1212 3284 1279 δίσκος.
3316 1217 3748 1273 Promontorium
3771 1216 3876 1270 He-

2324 1302 2435 1371 liae,
2461 1304 2605 1377 quod
2641 1304 2789 1360 fluxu
2820 1304 3006 1379 rapido
3038 1304 3362 1371 verberatur,
3402 1301 3685 1375 aliquando
3709 1303 3876 1357 molas

2322 1411 2527 1447 versare
2549 1392 2724 1460 solito,
2753 1392 2946 1449 claudit
2970 1394 3144 1448 sinum
3170 1402 3534 1465 nuncupatum
3556 1386 3650 1457 τῆς
3681 1381 3872 1443 Φυλα-

2322 1476 2460 1547 ufic:
2489 1480 2580 1537 ubi
2615 1483 2785 1554 regius
2825 1482 3008 1537 hortus
3047 1500 3169 1535 cum
3205 1480 3334 1537 Silva
3365 1492 3420 1537 et
3455 1481 3616 1545 turri,
3663 1496 3729 1533 ex
3769 1496 3875 1552 qua

2321 1585 2527 1624 summa
2551 1586 2697 1643 aquoe
2729 1587 2796 1624 cx
2821 1568 2936 1624 altis
2960 1568 3176 1624 collibus
3203 1566 3472 1624 subductae
3497 1567 3708 1622 saliunt.
3741 1566 3877 1621 Inde

2323 1650 2468 1707 brevi
2496 1654 2855 1728 promontorio
2876 1662 3119 1727 superato
3135 1692 3151 1719 ,
3176 1653 3322 1707 adest
3343 1654 3487 1707 vicus
3505 1650 3677 1706 dictus
3705 1649 3874 1723 Chry·

2321 1758 2616 1796 socer-amm
2640 1746 2687 1780 ¹⁰
2707 1759 2772 1796 ex
2789 1760 2854 1796 eo
2875 1740 3020 1813 quod
3038 1740 3165 1795 olim
3183 1739 3433 1811 templum
3451 1737 3667 1793 baberet
3689 1736 3876 1809 tegulis

2321 1827 2572 1883 inauratis
2597 1839 2809 1884 tectum.
2833 1828 2911 1882 Ex
2928 1828 3030 1883 hoc
3043 1829 3160 1882 vico
3184 1825 3346 1882 effodi
3355 1826 3465 1881 vidi
3482 1844 3604 1881 saxa
3623 1824 3877 1898 quadrata

2321 1914 2549 1985 ingentia
2568 1912 3028 1970 fundamentorum
3043 1913 3403 1985 antiquorum,
3427 1910 3527 1965 sub
3547 1921 3684 1966 terra
3699 1908 3875 1964 abdita

2319 2000 2390 2055 in·
2405 1998 2684 2055 duodecim
2706 1998 3037 2055 altitudinem
3072 1997 3270 2072 pedum
3283 2036 3300 2065 ,
3333 1996 3617 2053 indicantia
3649 1996 3722 2051 ibi
3749 1995 3874 2049 olim

2319 2085 2478 2141 ruisse
2520 2086 2784 2142 castellum
2823 2086 3259 2154 munitissimum,
3317 2080 3614 2157 cujusmodi
3659 2081 3876 2136 suerunt

2317 2172 2472 2245 regiae
2492 2172 2765 2247 Sopbianae
2781 2182 3096 2246 nuncupatas
3117 2182 3208 2226 aut
3231 2170 3314 2226 bis
3337 2169 3636 2242 antiquiora
3649 2166 3839 2241 palatia
3853 2206 3871 2232 ,

2315 2276 2432 2331 qua!
2453 2278 2562 2314 non
2579 2257 2730 2331 longe
2748 2257 2816 2314 ab
2837 2257 2948 2313 aede
2979 2257 3246 2313 Michaelis
3271 2266 3504 2311 extrema
3513 2252 3625 2326 jam
3643 2270 3876 2309 comme·

2315 2358 2516 2401 morata
2541 2347 2825 2420 Procopius
2847 2344 2979 2416 (1.1.
3001 2348 3024 2417 )
3048 2344 3203 2400 fuisse
3235 2342 3671 2417 subsequentibus
3701 2340 3876 2396 verbis

2312 2433 2585 2507 designat:
2622 2456 2644 2485 ι
2666 2436 2787 2489 Non
2811 2433 3036 2489 multum
3054 2472 3070 2498 ,
3098 2432 3301 2505 inquit,
3339 2429 3526 2503 procul
3543 2429 3611 2484 ab
3629 2426 3740 2483 aede
3773 2428 3876 2483 Mi·

2311 2520 2502 2576 chaelis
2535 2519 2792 2594 templum
2811 2521 3050 2593 Deiparae
3076 2519 3266 2589 virgini
3307 2534 3514 2572 sacrum
3540 2514 3694 2587 longa
3725 2524 3872 2570 vetu-

2310 2616 2441 2661 state
2466 2606 2758 2661 exolescens
2787 2606 3058 2661 renovavit
3085 2620 3100 2659 ι
3139 2602 3290 2677 cujus
3323 2602 3630 2674 dignitatem
3657 2600 3872 2671 longum

2310 2703 2446 2748 esset
2479 2704 2720 2747 excutere
2754 2702 2808 2747 et
2843 2708 3085 2747 sermone
3119 2688 3433 2762 signifioere.
3507 2689 3571 2741 In
3607 2686 3712 2741 hoc
3749 2703 3876 2739 sane

2309 2780 2484 2835 littore
2507 2778 2694 2837 dextro
2711 2778 3074 2852 navigantibus
3094 2779 3150 2833 in
3177 2780 3406 2833 Pontum
3441 2786 3678 2848 spectatu
3703 2772 3876 2845 dignm

2305 2866 2416 2943 jam
2443 2886 2612 2943 usque
2641 2868 2708 2923 ab
2731 2867 2960 2941 antiquis
2977 2865 3304 2939 temporibus
3339 2862 3476 2919 aedes
3511 2864 3666 2934 regie
3690 2872 3839 2916 erant
3853 2900 3872 2928 ,

2309 2973 2438 3029 quas
2460 2974 2553 3011 rex
2573 2958 2606 3009 J
2609 2955 2898 3009 ustinianus
2915 2970 3098 3007 omnes
3113 2953 3228 3007 Deo
3249 2949 3589 3005 consecravit.
3615 2972 3638 2995 ·
3667 2945 3876 3004 Deinde

2313 3053 2513 3111 narrat,
2531 3053 2592 3098 ut
2606 3044 2840 3116 Byzantii
2855 3050 2992 3095 esset
3008 3056 3194 3111 magna
3209 3036 3497 3093 multitudo
3514 3034 3874 3101 meretricum,

2320 3130 2512 3202 quibus
2529 3128 2905 3204 poenitentibus
2927 3128 3048 3181 vitm
3058 3126 3249 3197 prioris
3267 3122 3403 3178 aedes
3421 3125 3587 3194 regias
3605 3123 3661 3177 in
3684 3119 3874 3177 eodem

2311 3218 2488 3271 littore
2530 3217 2652 3269 sitas
2694 3212 2954 3268 convertit
2990 3213 3045 3268 in
3091 3211 3467 3265 monasterium
3514 3206 3872 3279 magnificum.

2383 3298 2776 3374 Chrysoocrami
2801 3300 2992 3369 {lugius
3014 3306 3186 3353 aestate
3203 3297 3472 3351 exarescit.
3489 3294 3624 3349 Inde
3636 3294 3877 3365 sequitur

2313 3390 2460 3443 vicus
2485 3386 2768 3459 appellatus
2785 3386 3016 3448 Staures,
3043 3382 3109 3436 ab
3133 3398 3323 3437 occasu
3344 3382 3546 3435 cinctus
3564 3389 3876 3454 promonto-

2314 3474 2396 3527 rio
2410 3511 2427 3538 ,
2457 3471 2614 3541 vulgo
2644 3481 2826 3525 vocato
2850 3468 3083 3540 Nagalon
3101 3506 3116 3533 ,
3140 3465 3284 3538 quod
3303 3464 3491 3538 rapido
3508 3481 3672 3519 eursu
3699 3462 3877 3518 fluxus

2317 3558 2620 3613 verberatur
2635 3555 2833 3610 valente
2851 3554 3058 3609 volvere
3085 3551 3266 3620 molas,
3288 3552 3598 3606 continuato
3615 3566 3785 3621 usque
3807 3546 3876 3603 ad

2313 3645 2652 3701 Moletrinum
2673 3682 2690 3710 ,
2737 3659 2770 3697 a
2806 3640 3146 3715 peritioribus
3188 3636 3404 3712 quidem
3455 3634 3874 3691 Hermonianum

2317 3742 2674 3806 nuncupatum
2689 3771 2705 3798 ,
2747 3748 2778 3785 a
2811 3729 2970 3800 vulgo
3010 3745 3133 3782 vero
3173 3724 3608 3781 Tamborlianum
3639 3736 3706 3777 ¹¹.
3744 3721 3878 3777 Inde

2322 3824 2501 3878 fluxus
2550 3822 2786 3876 littoreus
2831 3818 3100 3873 remissior
3141 3832 3310 3891 usque
3357 3813 3427 3869 ad
3486 3810 3872 3886 Chrysopolim.

2315 3910 2574 3981 Deinceps
2595 3906 2875 3979 Dionysius
2901 3904 3200 3958 institutum
3227 3900 3489 3973 Anaplum
3526 3900 3799 3954 continuat
3819 3896 3877 3949 in

664 3993 997 4068 Archangelo
1031 3991 1239 4048 dicata⁷
1270 3993 1406 4047 inter
1440 4010 1495 4047 se
1532 3993 1771 4066 opposita
1791 4032 1808 4057 ,
1849 3990 2068 4066 Bospori
2096 3988 2230 4045 freto
2318 3998 2460 4051 hune
2488 3992 2726 4049 modum.

662 4083 834 4138 divisa
879 4099 899 4138 ι
932 4098 1104 4138 unum
1140 4080 1197 4135 in
1228 4078 1345 4134 loeo
1368 4080 1624 4152 appellato
1661 4079 1866 4154 Anaplo
1884 4120 1899 4145 ,
1928 4081 1982 4134 in
2017 4079 2227 4133 sinistro

660 4172 822 4227 latere
842 4166 1208 4240 navigantibus
1225 4163 1295 4220 ad
1321 4167 1551 4221 Pontum
1576 4168 1845 4222 Euxinum
1872 4182 1886 4222 ε
1920 4166 2137 4221 alterum
2170 4166 2225 4220 in

658 4258 926 4315 contrario
936 4255 1129 4322 littore,
1151 4252 1297 4328 qnod
1307 4254 1511 4327 antiqui
1526 4244 2222 4328 Προόχθουςθυοωίηαωῡῐ,

658 4365 727 4403 ex
747 4364 812 4402 eo
837 4344 1085 4400 existimo
1100 4382 1117 4409 ,
1146 4340 1273 4415 quia
1293 4339 1443 4395 littus
1464 4341 1689 4396 multum
1714 4338 2022 4414 projiciatur
2047 4358 2109 4395 ex
2129 4340 2226 4394 bac

659 4451 773 4500 ora,
801 4450 945 4488 nunc
966 4441 1143 4487 autem
1161 4428 1469 4484 nominatur
1486 4418 1703 4503 Βρόχοι,
1726 4430 1978 4504 temporis
1998 4427 2225 4501 longitu-

660 4523 787 4578 dine
829 4520 1125 4576 aecolarum
1158 4517 1365 4573 inscitia
1409 4515 1727 4592 depravante
1762 4520 1995 4574 nomina.
2037 4542 2061 4565 ι
2099 4518 2224 4571 Haec

661 4610 881 4685 quidem
921 4610 1241 4684 Procopius,
1286 4603 1439 4680 cujus
1478 4607 1534 4662 in
1575 4607 1739 4664 altero
1772 4605 1953 4663 codice
1982 4607 2226 4678 leguntur

2444 4164 2541 4219 IX.
2572 4166 2647 4217 De
2678 4159 2970 4234 Chosopoli
2986 4172 3037 4214 et
3057 4157 3164 4214 Ioco
3188 4156 3454 4233 appellato
3481 4159 3647 4221 Boi-e,
3671 4154 3787 4210 sine

2968 4244 3202 4300 Damali-

2969 4416 3068 4477 Fr.
3117 4422 3213 4475 65.

2385 4610 2515 4660 Post
2560 4602 2742 4659 Discos
2789 4602 2996 4676 (inquit
3050 4594 3366 4673 Dionysius)
3409 4594 3650 4669 sequitur
3683 4604 3879 4669 portus

661 4700 859 4756 Crochi
877 4738 894 4767 ,
919 4709 972 4754 et
992 4698 1049 4753 in
1071 4697 1303 4768 margine
1321 4694 1539 4769 quidam
1566 4696 1729 4751 literis
1753 4696 1981 4768 antiquis
1997 4693 2222 4749 eundem
2313 4690 2674 4760 magnitudine
2691 4702 2742 4745 et
2757 4686 3144 4761 tranquillitate
3155 4682 3540 4759 pulcherrimus
3556 4693 3607 4736 et
3624 4678 3876 4756 optimus.

657 4787 841 4842 locum
871 4795 1022 4840 notat
1040 4782 1377 4856 Gronychion
1409 4795 1435 4835 9
1454 4784 1565 4838 sive
1586 4782 1941 4856 Bronycbion.
2015 4779 2158 4850 Quid
2178 4780 2221 4835 si
2316 4776 2501 4853 Ipsius
2524 4776 2932 4847 magnitudinem
2959 4770 3344 4829 cimam-scribit
3369 4770 3525 4825 littus
3549 4764 3877 4843 profundum

660 4873 881 4930 sortasse
906 4872 1033 4928 olim
1054 4869 1410 4945 appellabatur
1440 4865 1657 4945 Πρῶτος
1686 4864 1902 4929 scenae?
1928 4886 2049 4924 nam
2078 4868 2225 4923 littus
2313 4876 2364 4919 et
2390 4865 2558 4920 molle.
2633 4868 2804 4938 Supra
2823 4879 2964 4917 mare
2974 4863 3120 4934 jacet
3137 4876 3354 4933 campus
3378 4853 3600 4911 acclivis
3621 4854 3675 4909 in
3701 4852 3878 4919 littus,

660 4985 3354 5026 .....-..----—--—-—-——-——-—-———-—-—————--

734 5096 791 5148 7.
822 5076 905 5135 Cf.
940 5076 1245 5146 Ducangius
1272 5073 1543 5126 Constant.
1574 5066 1769 5123 Christ.
1810 5063 1901 5121 lib.
1932 5067 1985 5129 4,
2014 5079 2070 5133 p.
2104 5064 2222 5131 187.

2401 5076 2483 5115 10.
2533 5056 2987 5129 Chosoceramus]
3031 5070 3174 5108 nunc
3207 5049 3495 5121 neglerbey.
3549 5049 3630 5102 De
3671 5046 3882 5101 ecclesia

658 5160 683 5226 ΙΙ
716 5188 791 5200 -
816 5160 871 5213 8.
913 5153 1236 5228 Προόχθους]
1259 5153 1417 5206 Hunc
1442 5150 1616 5204 locum
1636 5188 1651 5212 .
1674 5149 1763 5220 qui
1793 5146 1899 5209 ταῖς
1931 5142 2227 5203 Ῥοιζοῦσαις
2317 5137 2676 5211 Χρυσοκεράμῳ
2712 5154 2763 5190 v.
2795 5138 3106 5205 Anonymus
3128 5132 3311 5185 Der-cr.
3349 5131 3622 5186 Constant.
3661 5125 3716 5178 in
3753 5123 3884 5177 Ban-

650 5238 822 5309 ἄκραις
868 5234 1111 5307 Dionysii
1154 5229 1473 5305 respondere
1523 5226 1749 5293 videtur,
1783 5242 1903 5279 cum
1939 5224 2224 5279 Hammero
2318 5218 2461 5272 durii
2501 5220 2628 5271 Ant.
2659 5217 2839 5273 Const.
2877 5213 2970 5268 lib.
3020 5213 3050 5267 3
3092 5213 3123 5280 S
3159 5209 3255 5265 165
3288 5208 3520 5281 (Histor.
3567 5205 3688 5277 Byz.
3718 5212 3758 5259 t.
3793 5218 3880 5266 αα,

648 5336 707 5392 p.
743 5317 845 5371 305
874 5332 1067 5370 censeo
1094 5310 1406 5386 ponendum
1435 5326 1547 5363 esse
1582 5305 1651 5361 ad
1684 5305 1813 5361 hod.
1852 5304 2004 5360 Kulle
2028 5300 2225 5374 baghd·
2315 5316 2372 5372 p.
2401 5296 2462 5351 51
2484 5294 2504 5369 )
2527 5295 2703 5368 ibique
2727 5304 2836 5351 not.
2863 5289 3134 5348 Bandurii.

646 5394 836 5452 chassi.
862 5394 885 5465 ΙΙ
917 5424 993 5435 -—
1018 5412 1073 5465 9.
1105 5389 1418 5464 Croti->ultien
1445 5389 1466 5463 ]
1498 5400 1581 5444 An
1614 5384 1979 5460 Ἀκρωνυχιῶνὲ

2391 5394 2474 5435 11.
2513 5374 2932 5431 Yamborltanum
2950 5374 2970 5446 1
2990 5369 3119 5427 hod.
3156 5366 3693 5425 Tambour·bournou.
