4584 6284
628 554 702 608 54

622 698 729 754 que
758 699 853 738 ora
879 681 1131 754 angulum
1160 680 1450 736 normalem
1486 680 1713 735 efficiens
1740 681 1877 736 inter
1910 680 2186 755 Bathycol·

618 787 727 844 pon
750 780 804 824 et
822 770 1257 842 promontorium
1278 769 1334 823 in
1352 770 1614 823 contrario
1636 768 1813 823 littore
1839 769 2018 836 situm,
2040 768 2184 841 quod

620 874 879 913 mucrone
896 856 1042 911 intus
1068 867 1347 911 recurvato
1371 855 1617 928 angulum
1638 856 1860 929 Bospori
1883 856 2185 912 interiorem

614 943 743 1015 agit.
816 942 1169 1017 Bathycolpos
1210 942 1265 996 in
1310 942 1619 997 exteriorem
1663 942 1838 1015 ang-uli
1864 954 2069 1015 partem
2106 946 2189 999 in-

614 1042 885 1089 curvatur.
961 1032 1063 1086 Hic
1084 1032 1231 1087 sinus
1251 1032 1409 1087 etiam
1428 1032 1555 1087 olim
1577 1031 1823 1105 appellari
1845 1032 2021 1105 potuit
2040 1037 2189 1088 sam·

614 1120 769 1177 nicus
784 1162 801 1187 ,
832 1123 941 1176 sive
966 1120 1035 1175 ab
1057 1139 1148 1175 ara
1167 1121 1377 1176 Saronis
1406 1122 1461 1177 in
1478 1140 1542 1177 eo
1564 1132 1775 1189 statuta,
1796 1122 1907 1176 sive
1923 1140 1956 1176 a
1983 1139 2185 1194 querno

614 1229 835 1267 nemore
854 1211 899 1278 ⁴,
944 1228 1053 1283 quo
1079 1208 1202 1265 olim
1240 1211 1516 1266 redimitus
1552 1221 1684 1267 emt.
1758 1212 2012 1266 Saronem
2043 1213 2185 1265 enim

614 1302 830 1372 antiqua
854 1301 1057 1361 Graecia
1090 1317 1349 1372 quercum
1375 1299 1693 1375 appellabat,
1730 1298 1875 1354 unde
1908 1302 2183 1355 Saronicus

614 1388 761 1443 sinus
788 1399 841 1443 et
865 1385 1133 1443 Saronidae
1162 1386 1463 1462 philosophi
1480 1387 1503 1426 ⁵
1523 1387 1813 1454 Gallorum,
1844 1386 1946 1443 alio
1972 1388 2184 1443 nomine

611 1472 831 1530 Druidae
872 1474 1131 1549 appellati.
1209 1477 1373 1531 Aram
1400 1476 1611 1529 Saronis
1634 1472 1747 1546 jam
1774 1484 1976 1530 constat
1996 1492 2106 1530 esse
2126 1476 2182 1529 in

609 1560 784 1617 littore
808 1562 1146 1636 Bathycolpi,
1186 1562 1281 1617 sed
1316 1565 1372 1617 in
1408 1581 1514 1635 qua
1546 1563 1693 1617 sinus
1716 1573 1893 1635 parte,
1926 1563 2083 1617 etiam
2116 1582 2181 1617 ex

607 1648 781 1704 verbis
806 1650 1050 1723 Dionysii
1075 1650 1519 1723 consequentibus
1546 1650 1889 1721 assequimur.

1272 1828 1369 1888 Fr.
1415 1836 1512 1888 44.

681 1991 880 2057 Paulo,
913 1992 1119 2065 inquit,
1148 1992 1247 2047 sub
1274 1989 1629 2066 promontorio
1653 1991 1898 2046 Saronico
1934 1992 2075 2048 situs
2098 2007 2178 2048 est

609 2071 787 2141 Καλὸς
834 2072 1022 2153 ἀγρόςς
1067 2080 1134 2136 ob
1174 2093 1447 2155 utramque
1480 2080 1893 2137 commoditatem
1935 2093 2083 2137 terme
2124 2096 2177 2139 et

607 2166 773 2223 maris
796 2186 833 2222 a
858 2178 1058 2222 natum
1077 2185 1259 2222 nomen
1282 2168 1458 2223 habet.

672 2255 856 2327 Usque
885 2254 953 2308 ad
989 2252 1128 2309 banc
1157 2264 1363 2310 aetatem
1390 2273 1582 2310 nomen
1606 2258 1825 2322 retinet,
1858 2274 2007 2311 senes
2030 2258 2172 2313 enim

601 2345 803 2417 antiqui
836 2333 1018 2397 Καλὸν
1044 2336 1226 2416 ἀγρόν,
1256 2342 1477 2417 juvenes
1510 2336 1683 2399 Καλὸν
1712 2335 1873 2419 ἆὸρόν
1916 2347 2175 2421 appellant

600 2448 813 2505 agrum,
851 2433 943 2504 qui
972 2431 1173 2488 claudit
1205 2432 1583 2506 Bathyoolpon.
1634 2435 1758 2503 Quo
1776 2435 1987 2506 cognito
2008 2437 2176 2507 perci·

598 2520 774 2594 pimus
796 2538 942 2577 aram
967 2520 1181 2576 Sat-onis
1210 2519 1371 2575 fuisse
1406 2522 1461 2575 in
1485 2522 1850 2594 promontorio
1882 2522 2023 2576 inter
2043 2523 2174 2577 Tra-

599 2624 781 2680 penm
812 2618 867 2663 et
903 2608 1225 2663 maritimam
1248 2608 1521 2680 planitiem
1558 2608 1699 2663 vallis
1724 2606 2013 2664 claudentis
2049 2612 2170 2665 inti·

602 2712 750 2750 mum
768 2712 1033 2750 recessum
1050 2694 1377 2769 Bathycolpi,
1397 2696 1453 2749 in
1471 2712 1628 2768 quem
1648 2694 1885 2751 medium
1901 2694 2174 2752 descendit

604 2782 796 2840 fluvius
813 2782 1168 2857 Bathycolpus
1183 2824 1201 2851 ,
1221 2802 1253 2838 a
1277 2784 1402 2839 sinu
1424 2802 1617 2839 nomen
1639 2783 1881 2857 adeptus,
1901 2802 1999 2861 per
2016 2785 2173 2841 latam

604 2872 816 2939 vallem,
847 2889 1007 2945 quam
1037 2874 1201 2927 Tumi
1237 2870 1498 2946 appellant
1516 2872 1603 2927 alii
1629 2874 1871 2945 Biuterc,
1896 2874 2043 2948 quasi
2066 2892 2175 2929 ma-

602 2976 767 3031 gnum
788 2977 1007 3026 nemus,
1038 2958 1125 3013 alii
1151 2957 1378 3014 Biudere
1406 2958 1793 3032 (Bujuk-dereli
1807 2962 1851 3031 ),
1886 2960 2035 3033 quasi
2058 2979 2172 3016 ma-

604 3064 769 3118 gnum
806 3046 1057 3112 fluvium,
1088 3044 1237 3118 quod
1272 3046 1398 3100 olim
1423 3063 1455 3099 a
1479 3046 1666 3100 Graeco
1694 3048 1912 3101 nomine
1947 3056 2175 3103 transtu·

606 3132 724 3189 lisse
746 3133 1010 3191 videntur.
1034 3136 1205 3190 Graeci
1222 3132 1333 3205 jam
1355 3134 1598 3188 nesciunt
1618 3133 1711 3187 ubi
1730 3134 1797 3187 sit
1808 3134 2174 3207 Bathycolpos,

608 3220 701 3277 sed
738 3222 969 3277 Turcioo
1014 3223 1233 3276 nomine
1275 3221 1537 3296 appellant
1588 3220 1819 3276 Biudere
1860 3231 1954 3275 aut
2002 3214 2177 3275 Καλὸν

614 3301 796 3381 ἀγρόν.
820 3312 875 3363 Is
899 3309 1061 3364 hodie
1090 3309 1258 3383 qualis
1284 3312 1382 3376 sit,
1418 3320 1750 3382 quantusque
1776 3309 1967 3365 fluvius
1988 3309 2179 3383 Bathy-

615 3395 797 3468 colpus
811 3436 827 3465 ‚
852 3406 915 3450 ut
946 3395 1147 3451 facilius
1168 3396 1507 3469 percipiatur,
1532 3395 1827 3452 describam
1848 3396 2033 3451 vallem
2054 3415 2182 3451 con·

618 3483 871 3538 tinentem
925 3484 1054 3543 boni
1113 3484 1225 3556 agri
1272 3485 1554 3538 maximam
1601 3495 1833 3557 partun,
1870 3502 1968 3557 per
2021 3503 2179 3557 quam

618 3570 847 3627 mediam
901 3572 1094 3628 fluvius
1146 3571 1494 3646 Batbycolpos
1540 3571 1726 3628 defluit
1772 3574 1828 3627 in
1890 3576 2067 3630 sinum
2101 3576 2181 3629 sui

616 3662 867 3718 nominis.
941 3662 1069 3717 Haec
1094 3660 1162 3718 ab
1192 3672 1315 3717 ortu
1348 3661 1471 3717 solis
1493 3660 1669 3717 aestivo
1690 3659 1759 3716 ad
1784 3680 2023 3719 occasum
2049 3664 2183 3719 aesti·

618 3770 745 3808 vum
762 3749 1021 3825 procedit,
1046 3747 1131 3821 cuj
1136 3768 1198 3805 us
1214 3748 1321 3805 ima
1336 3748 1575 3822 planities
1591 3748 1778 3806 librata
1792 3761 1975 3824 patens
1990 3752 2184 3825 septin-

617 3851 802 3915 gentos
822 3856 1006 3915 passus
1040 3839 1096 3893 in
1124 3836 1481 3905 latitudinem,
1510 3837 1743 3910 primum
1780 3856 1811 3893 a
1845 3838 1978 3894 mari
2012 3838 2183 3911 pergit

616 3927 875 4004 pratensis
909 3927 967 3982 in
1002 3942 1253 4001 passuum
1286 3924 1667 3997 longitudinem
1691 3925 1900 3981 circiter
1932 3936 2181 3981 octonum

615 4015 871 4081 millium,
899 4015 1075 4069 cincta
1108 4011 1359 4084 utrinque
1392 4010 1613 4067 collibus
1635 4010 1852 4068 vitiferis
1884 4024 1939 4069 et
1964 4011 2180 4084 smgise-

613 4104 717 4170 ris;
751 4098 879 4155 inde
915 4099 1217 4154 insinuatur
1242 4098 1297 4153 in
1328 4098 1517 4153 multas
1552 4097 1811 4156 valliculas
1844 4117 2144 4155 nemorosas
2160 4140 2176 4166 ,

612 4192 725 4265 ipsa
747 4200 858 4246 tota
875 4205 1184 4255 nemorosa,
1214 4187 1560 4260 circumsepta
1584 4186 1803 4242 collibus
1832 4187 2177 4257 silvestribus,

612 4279 705 4337 ubi
730 4288 989 4351 vagantur
1012 4293 1193 4349 greges
1220 4293 1498 4331 cervorum
1538 4286 1591 4331 et
1618 4293 1888 4349 aprorum.
1960 4277 2024 4330 In
2054 4274 2180 4329 valle

1854 544 2205 607 DIONYSII
2247 546 2610 613 BYZANTH

2273 694 2522 738 coeuntoe
2539 724 2555 751 ,
2579 683 2696 739 altis
2719 685 2849 759 ripis
2865 688 3152 743 coercitum
3171 700 3226 744 et
3246 690 3420 747 densis
3441 695 3721 751 arboribus
3739 702 3838 753 cir·

2273 771 2673 838 cumvestitum,
2702 781 2764 825 ut
2788 772 3046 829 introrsus
3069 778 3364 849 perspicere
3397 783 3690 853 nequirem.
3733 787 3838 839 Ita·

2274 874 2380 929 que
2409 858 2628 913 sortasse
2651 860 2882 933 primum
2912 860 3101 933 Bathys
3141 863 3427 935 appellatus
3457 884 3652 924 nomen
3690 868 3838 926 dedit

2272 945 2440 1011 sinui,
2482 946 2590 1001 sive
2623 964 2654 1001 a
2693 944 2962 1019 profundo
3001 947 3147 1002 alveo
3190 950 3300 1004 sive
3334 968 3364 1005 a
3413 954 3678 1024 profunda
3711 957 3840 1013 valle

2272 1032 2548 1088 recedente
2584 1034 2639 1087 in
2663 1032 2955 1107 profundos
2987 1034 3151 1091 saltus
3177 1036 3392 1091 excelsis
3426 1039 3704 1097 arboribus
3739 1044 3837 1100 ob·

2272 1138 2472 1189 scuros,
2511 1140 2579 1176 ex
2621 1121 2749 1177 valle
2780 1122 3099 1199 Bathycolpo
3137 1123 3291 1197 longe
3327 1125 3532 1200 lateque
3569 1144 3838 1203 porrectos

2272 1206 2342 1263 ad
2376 1211 2610 1264 Pontum
2640 1227 2808 1283 usque
2849 1221 3008 1283 atque
3044 1210 3113 1266 ad
3150 1211 3322 1267 fontes
3364 1214 3610 1287 Barbysae
3647 1228 3702 1272 et
3735 1222 3837 1293 Cy-

2270 1297 2407 1365 dari,
2431 1300 2712 1369 agrestium
2741 1298 3046 1354 animalium
3064 1300 3432 1357 venationibus
3453 1302 3694 1361 refertos.
3714 1306 3839 1360 Flu-

2272 1385 2386 1439 vius
2429 1385 2784 1458 Bathycolpus
2831 1386 3070 1457 exiguam
3128 1386 3376 1459 paludem
3424 1404 3594 1462 prope
3644 1392 3839 1448 ostium

2269 1468 2459 1537 efficit,
2503 1472 2663 1526 omni
2715 1470 2840 1525 anni
2897 1481 3136 1545 tempore
3185 1490 3474 1545 perennem
3491 1512 3507 1539 ,
3571 1475 3668 1528 etsi
3725 1475 3838 1550 ipse

2266 1576 2472 1613 summa
2513 1570 2688 1615 aestate
2718 1576 2885 1632 usque
2910 1559 2976 1614 ad
3015 1577 3162 1615 mare
3183 1562 3429 1633 perennis
3456 1578 3568 1616 non
3591 1563 3740 1630 fluit,
3773 1582 3838 1619 ex

2266 1663 2332 1701 eo
2363 1644 2506 1718 quod
2529 1646 2802 1719 partimin
2821 1647 2956 1718 regis
2971 1646 3187 1713 hortos,
3217 1647 3412 1720 partim
3439 1648 3495 1701 in
3529 1659 3678 1720 prata
3709 1667 3838 1705 con·

2265 1735 2512 1800 sumitur,
2532 1734 2724 1809 partim
2742 1736 2980 1807 privatur
2995 1736 3112 1790 rivo
3131 1745 3379 1790 manante
3395 1754 3461 1791 ex
3481 1754 3689 1793 summa
3709 1737 3838 1793 valle

2266 1820 2539 1877 desinente
2560 1823 2616 1877 in
2638 1820 2822 1877 vallem
2851 1822 3229 1896 Bathycolpon,
3257 1821 3498 1878 derivato
3529 1842 3690 1896 opere
3711 1826 3835 1879 sub-

2264 1918 2509 1966 terraneo
2548 1907 2618 1964 ad
2651 1926 2809 1964 usum
2833 1910 2934 1964 vici
2951 1910 3166 1964 Turcici
3197 1907 3352 1980 juxta
3380 1910 3560 1964 sinum
3593 1911 3712 1979 siti,
3748 1914 3836 1967 cui

2266 1996 2471 2051 vicinus
2493 2006 2574 2051 est
2589 1995 2720 2051 alter
2737 1997 2882 2051 vicus
2900 1996 3184 2069 explicatus
3210 1995 3266 2050 in
3285 2014 3534 2069 passuum
3556 1995 3838 2069 longitudi-

2264 2100 2385 2137 nem
2403 2082 2613 2139 circiter
2633 2082 2800 2139 duum
2819 2083 3058 2147 millium,
3083 2084 3312 2138 maxima
3331 2100 3398 2138 ex
3420 2094 3570 2156 parte
3587 2103 3621 2139 a
3637 2086 3834 2141 Graecis

2261 2168 2544 2225 habitatus.
2617 2171 2785 2225 Totus
2811 2178 3006 2225 tractus
3035 2171 3311 2224 continens
3340 2168 3440 2225 bos
3480 2169 3615 2225 duos
3655 2172 3828 2238 vicos,

2264 2256 2445 2312 vallem
2461 2256 2820 2332 Bathycolpon
2839 2257 3098 2330 collesque
3116 2256 3500 2331 impendentes,
3517 2276 3660 2313 nuuc
3677 2260 3836 2333 vulgo

2264 2338 2441 2407 Καλὸς
2470 2338 2628 2419 ἀγρὸς
2653 2344 2956 2420 appellatur,
2995 2344 3155 2417 idque
3187 2354 3331 2399 recte
3364 2360 3382 2399 ε
3423 2343 3663 2400 abundat
3690 2348 3835 2403 enim

2261 2453 2328 2489 ex
2354 2445 2495 2491 terra
2515 2434 2754 2506 frugibus
2780 2433 3164 2505 fructibusque,
3193 2450 3260 2487 ex
3283 2434 3418 2487 mari
3439 2433 3668 2505 piscium
3697 2434 3835 2490 mul-

2260 2521 2514 2591 titudine,
2549 2533 2610 2577 ut
2635 2540 2894 2595 nusquam
2924 2522 2978 2575 in
3009 2530 3121 2577 toto
3161 2522 3400 2595 Bosporo
3431 2522 3652 2595 piscatio
3684 2523 3832 2579 lucu-

2259 2610 2451 2666 lentior
2490 2620 2814 2677 exerceatur,
2856 2608 3030 2664 densis
3065 2608 3292 2683 piscium
3321 2609 3569 2681 gregibus
3598 2612 3655 2665 in
3688 2611 3833 2668 hunc

2258 2699 2434 2753 sinum
2465 2696 2822 2753 aberrantium
2856 2695 3223 2751 anniversariis
3245 2695 3678 2762 transitionibus,
3703 2714 3830 2769 quas

2260 2788 2543 2859 quotannis
2579 2786 2663 2841 bis
2693 2784 2925 2840 factitare
2949 2784 3118 2839 solent
3136 2823 3152 2851 ,
3185 2784 3385 2857 primas
3424 2801 3638 2839 sursum
3661 2802 3825 2840 verno

2262 2885 2530 2949 tempore,
2555 2875 2740 2929 alteras
2766 2873 3012 2927 deorsum
3035 2873 3252 2927 ineunte
3272 2872 3467 2927 bieme.

2262 3008 2468 3062 xvm.
2513 3010 2586 3059 De
2596 3004 2952 3079 promontorio
2975 3002 3160 3057 Simoeo
3172 3024 3191 3066 ,·
3218 3002 3282 3057 cle
3305 3002 3427 3057 sinu
3450 3001 3737 3071 Scletrina3
3769 3002 3834 3057 de

2563 3092 2678 3148 aris
2713 3090 2979 3166 Apollinis
3005 3101 3056 3145 et
3081 3091 3282 3145 Matris
3303 3090 3536 3147 deorum.

2339 3221 2386 3274 A
2427 3216 2726 3289 Bathycolpi
2748 3213 2878 3269 valle
2914 3216 3076 3269 trium
3101 3213 3323 3269 millium
3345 3225 3401 3269 et
3421 3212 3834 3285 quadringento-

2268 3322 2392 3359 rum
2419 3320 2670 3377 passuum
2701 3319 2792 3356 ora
2816 3302 3075 3355 maritima
3109 3302 3532 3373 progressionem
3573 3300 3734 3354 babet
3763 3299 3833 3356 ad

2269 3393 2446 3446 vicum
2464 3431 2479 3456 ,
2500 3408 2660 3463 quem
2679 3390 2837 3445 ctiam
2856 3406 3000 3443 nunc
3015 3388 3188 3445 Graeci
3205 3389 3486 3443 nominant
3502 3386 3832 3455 Scletrinam,

2270 3480 2430 3533 situm
2454 3478 2509 3532 in
2537 3478 2656 3531 sinu
2685 3494 2844 3548 quem
2865 3494 2896 3531 a
2925 3473 3144 3529 meridie
3161 3471 3359 3529 claudit
3381 3474 3830 3547 promontorium,

2270 3564 2371 3620 sub
2389 3582 2497 3637 quo
2521 3562 2834 3637 piscatorum
2851 3561 3068 3635 speculae
3085 3570 3193 3615 tres
3213 3560 3268 3615 in
3291 3558 3467 3613 littore
3485 3557 3670 3613 defixae
3687 3570 3832 3626 sunt,

2270 3652 2486 3727 singulte
2505 3650 2715 3707 duobus
2731 3650 2887 3722 tignis
2903 3659 3196 3705 constantes
3215 3648 3269 3703 in
3292 3645 3555 3727 excelsum
3573 3647 3813 3704 excitatis

2270 3759 2389 3815 quae
2426 3742 2766 3815 intercipiunt
2802 3749 2856 3794 et
2887 3737 3118 3811 jungunt
3148 3737 3323 3793 trabes
3362 3736 3561 3792 crebrae
3586 3736 3837 3791 immissas

2274 3830 2344 3888 ad
2372 3831 2574 3886 facilem
2605 3847 2872 3885 ascensum
2909 3827 3323 3901 speculatoribus
3352 3824 3731 3898 praestandum.
3770 3823 3833 3878 Id

2269 3918 2693 3994 promontorium
2715 3914 2997 3988 Dionysius
3017 3912 3243 3987 appellat
3270 3913 3489 3968 Simam.

2927 4045 3025 4105 Fr.
3074 4053 3172 4104 45.

2339 4185 2469 4236 Post
2487 4219 2503 4245 ,
2548 4175 2747 4249 inquit,
2792 4164 2967 4228 Καλὸν
3006 4162 3166 4245 ἀγρὸν
3199 4182 3279 4227 est
3316 4170 3493 4225 Simas
3527 4183 3834 4244 promonto-

2268 4271 2407 4326 rium
2429 4279 2480 4323 et
2502 4264 2717 4323 Veneris
2739 4260 3040 4317 meretricioe
3059 4272 3266 4315 statua.
3293 4260 3494 4314 Simam
3511 4258 3646 4312 enim
3669 4274 3837 4331 quan·

614 4367 799 4424 intima
823 4384 885 4421 ac
906 4365 1117 4439 penitus
1138 4362 1381 4418 abstrusa
1407 4359 1533 4417 stint
1552 4364 1680 4435 regii
1710 4362 1879 4429 horti,
1904 4380 2037 4435 quos
2059 4362 2178 4415 irri-
2265 4358 2390 4413 dam
2412 4355 2571 4410 habet
2588 4352 2854 4408 homimem
2869 4366 3034 4405 sermo
3061 4346 3219 4401 valde
3228 4345 3512 4421 pulchram
3533 4356 3585 4399 et
3606 4344 3836 4413 ingenio·

616 4464 739 4527 gant
760 4452 913 4508 rivuli
938 4468 1194 4527 perennes
1220 4468 1286 4504 ex
1306 4467 1512 4505 summa
1542 4450 1667 4505 valle
1694 4450 1749 4504 in
1772 4466 1939 4505 unum
1971 4448 2175 4503 alveum
2265 4464 2384 4503 sam
2401 4456 2454 4500 et
2468 4442 2706 4498 solertem
2731 4437 2870 4492 hunc
2889 4436 3055 4491 locum
3079 4432 3356 4488 incoluisse
3381 4445 3422 4487 ¹.

622 4649 797 4705 talian
830 4650 940 4702 sive
965 4647 1271 4721 piscationis
1289 4647 1467 4702 locum
1495 4645 1651 4701 fuisse
1678 4645 1849 4704 debet.
1886 4648 1911 4719 11
1951 4676 2023 4689 -
2045 4650 2098 4711 4.
2121 4649 2176 4702 A

616 4746 811 4803 querno
826 4729 1053 4801 nemore]
1083 4726 1285 4782 Plinius
1308 4730 1361 4795 4,
1396 4727 1447 4793 5,
1473 4745 1505 4798 9
1540 4744 1555 4780 :
1580 4725 1737 4780 Sinus
1758 4724 2032 4781 Saronicus
2051 4724 2179 4780 olim

618 4826 812 4883 querno
844 4826 1045 4863 nemore
1078 4806 1355 4863 adimitur
1371 4846 1388 4873 ,
1429 4804 1560 4860 unde
1598 4823 1779 4860 nomen
1796 4844 1813 4871 ,
1866 4804 1947 4859 ita
1974 4805 2181 4860 Graecia

620 4886 919 4961 antiquitus
936 4886 1237 4962 appellante
1261 4904 1518 4960 quercum.
1544 4884 1835 4958 Hesychius
1856 4900 1869 4939 ε
1888 4884 2179 4956 Σαρωνῑδες,

614 4970 787 5043 πέτραι
813 4970 847 5037 ἢ
882 4969 935 5025 αἱ
977 4968 1059 5023 διὰ
1092 4968 1403 5037 παλαιότητα
1434 4968 1692 5040 κεχηνυῗαι
1718 4964 1871 5037 δρύες.
1902 4962 2079 5020 Schol.
2113 4961 2182 5016 ad

616 5050 923 5105 Callimach.
947 5050 1135 5122 hymn.
1174 5050 1231 5103 in
1250 5052 1375 5105 Jov.
1411 5064 1475 5104 22
1505 5066 1519 5104 ε
1544 5046 1857 5119 Σαρωνίδας]
1878 5046 2019 5118 δρῦς,
2052 5040 2181 5115 παρὰ

614 5130 674 5184 τδ
716 5130 961 5201 σεσηρότα
995 5129 1082 5183 καὶ
1116 5127 1538 5201 συνεστραμμένον
1573 5124 1659 5180 τδν
1684 5124 1857 5198 φλοιὸν
1900 5124 2058 5197 ἔχειν.
2099 5121 2183 5181 cf.

613 5208 932 5264 Parthenius
957 5210 1111 5263 Erot.
1140 5225 1225 5273 11,
1255 5225 1323 5265 a..
1344 5208 1366 5279 ΙΙ
1396 5238 1469 5249 -
1488 5204 1539 5261 5.
1568 5204 1713 5260 Unde
1728 5203 1995 5260 &sonicite
2009 5202 2186 5279 philo·

611 5286 809 5361 sophi]
838 5289 926 5344 Sic
964 5286 1262 5344 sacerdotes
1300 5286 1572 5344 Gallorum
1598 5284 1921 5359 appellantur
1945 5286 2002 5340 in
2042 5283 2189 5339 libris

614 5365 843 5425 Diodori
868 5366 921 5434 5,
954 5356 1045 5436 31',
1070 5368 1165 5423 ubi
1188 5384 1335 5422 nunc
1355 5384 1455 5441 pro
1488 5366 1761 5439 Σαρωνίδαι
1782 5365 2009 5421 editore·
2026 5361 2185 5418 dede-

617 5454 741 5499 runt
759 5444 886 5519 Δρου
893 5446 1009 5500 [aaz.

2338 4644 2432 4697 Fr.
2476 4640 2566 4703 44.
2601 4630 2764 4696 Καλὸς
2798 4629 2978 4702 ἀγρός]
3021 4628 3206 4696 Quum
3239 4622 3512 4697 probabile
3557 4623 3625 4677 sit
3669 4620 3836 4675 maxi·

2268 4741 2410 4778 mam
2437 4720 2576 4774 hanc
2610 4713 2831 4785 Bospori
2859 4708 3042 4765 vallem
3063 4708 3191 4762 olim
3213 4706 3371 4759 etiam
3392 4702 3708 4777 oppidulum
3743 4701 3835 4757 ha-

2268 4801 2446 4857 buisse
2460 4837 2476 4864 ,
2505 4796 2682 4852 nescio
2703 4810 2770 4846 an
2791 4791 2898 4845 buc
2917 4789 3174 4863 pertineat
3188 4781 3508 4849 Καλλίπολις,
3530 4799 3691 4854 quam
3709 4779 3836 4835 κατὰ

2268 4881 2357 4935 τὸν
2399 4874 2663 4933 Ἀνάπλουν
2691 4890 2802 4927 asse
2839 4870 3000 4926 refert
3031 4866 3324 4939 Stephanus
3357 4861 3662 4935 Byzantius.
3689 4859 3836 4915 Nihil

2269 4958 2404 5017 adeo
2431 4956 2606 5013 obstat
2623 4995 2641 5024 ‚
2679 4952 2962 5025 quominus
2998 4942 3260 5017 Callipolis
3301 4940 3380 4996 vel
3415 4942 3473 4994 in
3513 4938 3665 5013 Καλῷ
3697 4938 3836 5012 ἀγρῷ

2272 5039 2353 5095 vel
2383 5038 2450 5095 ad
2477 5035 2652 5091 Εὔδιον
2677 5032 2829 5089 καλὸν
2852 5032 3025 5085 sinum
3047 5025 3208 5080 suerit
3223 5063 3240 5091 ,
3259 5022 3422 5077 modo
3441 5022 3529 5075 τὸν
3571 5018 3836 5075 Ἆνάπλουν

2272 5118 2522 5193 Stephani
2550 5126 2750 5179 auctor,
2776 5109 2928 5165 sicuti
2959 5104 3160 5180 Scylax,
3189 5120 3357 5175 usque
3383 5101 3450 5156 ad
3480 5104 3686 5155 Fanum
3717 5116 3838 5171 per·

2272 5201 2474 5272 tingere
2491 5193 2754 5252 statuerit.

2350 5282 2442 5333 Fr.
2478 5277 2702 5341 450—1.
2739 5270 2910 5327 Simas
2941 5265 3148 5344 pteron]
3180 5261 3343 5317 hodie
3373 5260 3834 5326 Menan-boumont,

2274 5359 2315 5411 i.
2344 5374 2394 5413 e.
2419 5353 2777 5427 sepulcrorum
2811 5344 3234 5423 promontorium
3251 5381 3268 5408 ‚
3307 5341 3382 5395 ita
3401 5338 3610 5394 dictum
3653 5356 3685 5392 a
3711 5354 3836 5410 pro·

2276 5436 2481 5511 pinquo
2505 5430 2813 5505 κοιμητηρὶῳ
2839 5424 3080 5498 Sari-seri
3110 5422 3228 5478 vici.
3259 5424 3342 5477 De
3375 5419 3620 5477 Simaetha
3645 5428 3840 5502 praeter
