4584 6284
625 475 706 552 lv]

619 604 788 669 fraus
833 607 950 671 ista
992 609 1400 691 processerit;
1428 602 1965 690 quemadmodum
2013 601 2178 665 enim

618 697 921 761 nonnulla
953 715 1175 763 eorum
1217 715 1360 780 quae
1391 713 1429 758 a
1458 695 1687 758 Nostro
1727 695 2070 766 narrantur,
2103 688 2181 752 ab

615 783 1075 867 antiquioribus
1097 782 1510 868 scriptoribus
1527 778 1752 844 tradita
1765 796 1900 842 esse
1917 781 2177 852 constat,

617 870 708 936 sic
760 873 949 937 etiam
1025 874 1188 938 inter
1235 873 1459 938 citatos
1513 877 1798 934 auctores
1850 874 2184 932 occurrunt

615 960 876 1025 nomina
893 961 1150 1026 aliunde
1168 962 1334 1025 bene
1361 965 1538 1037 nota,
1569 963 1634 1022 et
1651 955 1964 1021 interdum
1995 954 2182 1018 etiam

615 1066 809 1130 opera
833 1050 1200 1115 auctoribus
1245 1049 1371 1113 illis
1416 1046 1734 1129 adscripta
1761 1063 1971 1110 revera
1995 1043 2076 1108 ab
2107 1042 2183 1107 iis

614 1137 973 1220 composita
991 1136 1184 1202 fuisse
1203 1141 1594 1219 compertum
1621 1133 1943 1198 habemus,
1971 1133 2182 1214 Itaque

615 1223 670 1287 si
701 1224 782 1288 de
820 1225 1066 1310 Marsya
1098 1225 1285 1290 fluvio
1313 1243 1348 1287 e
1377 1228 1632 1306 Marsyae
1661 1221 1845 1305 satyri
1885 1219 2181 1302 sanguine

618 1318 758 1377 orto
805 1312 1160 1378 Alexander
1197 1311 1554 1396 Polyhistor
1597 1317 1649 1373 ἐν
1697 1310 2015 1392 Φρυγιακοῖς
2054 1309 2182 1373 lau-

617 1400 830 1482 datur,
858 1401 1018 1465 nihil
1048 1408 1144 1466 est
1195 1419 1310 1466 cur
1349 1401 1472 1466 hoc
1517 1399 1939 1464 testimonium
1972 1415 2180 1479 suspe-

619 1494 868 1555 ctemus
885 1536 904 1571 ,
935 1509 1134 1574 quum
1155 1508 1314 1572 opus
1339 1487 1498 1553 illud
1526 1487 1861 1552 Alexandri
1889 1493 1946 1550 et
1977 1485 2178 1568 ipsam

618 1579 811 1644 etiam
877 1579 1152 1644 fabulam
1223 1577 1385 1642 bene
1457 1575 1835 1640 noverimus.
1886 1573 2176 1657 Reputari

616 1671 833 1730 tamen
875 1665 1062 1729 velim
1107 1664 1270 1728 hanc
1333 1662 1723 1728 historiolam
1771 1662 1912 1727 loco
1959 1679 2175 1744 parum

617 1752 958 1819 commodo
986 1752 1331 1835 interponi,
1361 1769 1564 1833 neque
1594 1750 1900 1834 quadrare
1925 1749 1988 1812 in
2016 1754 2178 1812 ante-

618 1840 938 1918 cedentia,
973 1840 1320 1905 secundum
1347 1858 1488 1924 quae
1511 1840 1780 1922 Marsyas
1808 1837 2027 1901 fluvius
2042 1837 2176 1918 J'am

617 1937 805 1994 antea
850 1929 966 1995 sub
1033 1929 1157 1994 alio
1209 1929 1464 1994 nomine
1512 1927 1854 2005 exstiterat;
1895 1925 2179 2009 suspicor

618 2017 807 2100 igitur
835 2034 974 2081 eam
994 2016 1355 2100 posterioris
1371 2015 1649 2079 hominis
1667 2014 2174 2078 addidamentum

617 2123 786 2181 esse,
821 2104 980 2169 adeo
1005 2109 1078 2168 ut
1105 2122 1183 2169 ex
1207 2102 1331 2167 hoc
1367 2103 1539 2179 loco,
1573 2101 1682 2184 qui
1722 2119 1834 2182 per
1859 2105 2057 2164 toturn
2105 2099 2176 2162 li-

614 2194 856 2258 bellum
882 2193 1107 2258 unicus
1136 2199 1262 2270 est,
1289 2192 1398 2256 ubi
1435 2200 1503 2256 et
1541 2191 1814 2256 auctoris
1854 2207 2086 2255 nomen
2111 2198 2177 2253 et

613 2299 775 2363 opus
805 2281 862 2345 ei
889 2279 1256 2346 attributum
1288 2279 1513 2360 etipsa
1555 2277 1744 2344 etiam
1784 2295 1884 2342 res
1927 2285 2173 2342 narrata

613 2368 869 2434 aliunde
916 2375 1066 2434 nota
1115 2367 1274 2444 sint,
1313 2367 1470 2431 nihil
1529 2365 1740 2449 colligi
1801 2366 2016 2448 possit.
2062 2366 2170 2430 Sin

613 2475 670 2520 c.
703 2461 764 2536 3,
800 2460 839 2521 4
864 2456 1088 2521 citatur
1113 2455 1439 2519 Cleanthes
1468 2458 1524 2516 ἕν
1554 2451 1605 2534 Υ
1631 2451 1948 2535 θεομαχίας,
1982 2453 2168 2518 dubi-

608 2544 729 2608 tari
787 2543 1009 2628 nequit
1054 2544 1348 2607 Nostrum
1402 2541 1706 2622 cogitasse
1753 2540 1830 2604 de
1876 2539 2168 2604 Cleanthe

607 2633 790 2696 Assio
805 2679 822 2709 ,
856 2630 1232 2715 philosopho
1255 2630 1452 2695 stoico
1468 2677 1485 2707 ,
1515 2628 1624 2712 qui
1647 2629 2019 2712 ἀρχαιολογίαν
2045 2626 2167 2710 πιρὶ

605 2722 737 2782 Θεῶν
773 2729 836 2783 el.
860 2721 982 2802 περὶ
1008 2717 1266 2802 γιγάντων
1293 2716 1562 2800 scripsit.
1583 2717 1780 2780 Porro
1799 2715 2165 2800 Timagenes

603 2809 794 2891 Syrus
834 2807 942 2892 qui
981 2807 1061 2872 de
1088 2806 1283 2871 Arare
1308 2805 1526 2872 Galliae
1563 2803 1752 2868 fluvio
1777 2805 1952 2868 testis
1993 2805 2167 2870 adhi-

602 2896 790 2960 betur
814 2900 890 2972 (c.
919 2900 978 2972 6,
1010 2895 1094 2978 3),
1120 2900 1335 2979 aperte
1361 2902 1458 2958 est
1482 2892 1822 2957 historicus
1848 2892 1956 2958 ille
1982 2896 2167 2959 Pom—

601 2984 734 3067 peji
781 2984 1076 3067 aequalis,
1109 3001 1300 3066 quem
1341 2982 1420 3046 de
1466 2981 1662 3065 Syriae
1709 2987 1896 3064 atque
1951 2981 2164 3048 Gallioe

599 3075 787 3140 rebus
817 3075 1012 3140 multa
1039 3072 1374 3139 tradidisse
1405 3071 1642 3136 scimus
1672 3072 1750 3154 (v.
1778 3071 1880 3134 Fr.
1913 3071 2071 3136 Hist.
2100 3076 2163 3152 3,

599 3185 662 3248 p.
701 3162 840 3248 322)
862 3210 881 3242 ,
939 3179 1324 3248 quamquam
1373 3161 1600 3244 Syrum
1657 3159 1908 3224 natione
1975 3161 2166 3225 fuisse

600 3252 762 3315 alius
788 3269 978 3316 nemo
1002 3248 1304 3334 prodidit.
1333 3247 1501 3311 Fieri
1527 3246 1720 3310 etiam
1748 3251 1951 3328 potest
1973 3252 2042 3310 ut
2059 3249 2166 3330 qui

601 3340 645 3403 l.
674 3339 720 3402 l.
751 3338 1075 3420 Timageni
1112 3336 1396 3419 jungitur
1423 3333 1830 3399 Callisthenes
1859 3335 2164 3401 Galatico-

605 3446 749 3492 rum
779 3431 994 3492 auctor
1017 3444 1197 3491 mero
1215 3423 1458 3489 librarii
1481 3422 1682 3487 errori
1707 3423 2025 3502 debeatur,
2050 3444 2167 3489 nec

605 3515 888 3582 diversus
909 3514 994 3580 sit
1013 3515 1092 3579 ab
1117 3513 1521 3579 Eratosthene
1542 3513 1654 3578 illo
1678 3513 1855 3594 cujus
1895 3515 2166 3580 Galatica

605 3606 927 3692 usurpavit
950 3605 1298 3690 Stephanus
1324 3602 1689 3688 Byzantium
1714 3604 1882 3688 quod
1907 3603 2164 3688 quidem

602 3836 786 3890 corpus
823 3822 1048 3888 irrepsit3
1079 3834 1290 3888 amque
1322 3834 1523 3873 causam
1556 3819 1733 3872 habuit
1760 3823 1828 3874 Is.
1855 3821 2078 3886 Vossius,
2109 3828 2167 3877 ut

601 3894 907 3947 parallelaet
929 3892 1200 3959 congeriem
1219 3892 1283 3944 de
1295 3890 1584 3944 fluminibus
1601 3890 1668 3942 ad
1681 3891 1892 3944 eundem
1917 3897 2164 3946 auctorum

602 3967 872 4018 revocaret.
915 3966 1070 4016 Porro
1106 3961 1323 4014 dubitari
1359 3963 1541 4028 potest,
1571 3963 1747 4014 utrum
1773 3963 2030 4015 Graeculus
2067 3979 2162 4015 nu-

601 4037 745 4102 gator
767 4036 926 4086 totam
945 4031 1202 4085 materiam
1218 4044 1314 4084 suo
1343 4033 1502 4083 Marte
1525 4030 1812 4084 canduerit
1827 4035 1880 4084 et
1903 4033 1958 4084 in
1979 4032 2166 4087 loculos

601 4107 766 4158 certos
791 4102 1072 4171 digesserit,
1101 4115 1166 4156 an
1189 4105 1357 4169 partes
1381 4100 1917 4168 tnnnaenptmttoah
1937 4103 2162 4157 alitsdls·

601 4177 866 4230 seminatas
907 4174 1100 4242 primus
1134 4173 1309 4228 callide
1343 4173 2018 4228 concinnaverit.salte=nea
2051 4190 2165 4242 pars

601 4247 753 4314 huius
768 4245 966 4314 opificii,
980 4257 1098 4311 qun
1109 4247 1338 4298 versum·
1353 4243 1409 4296 in
1423 4243 1617 4297 artibus
1635 4257 1938 4312 gemmarum
1959 4247 2165 4301 occultis

602 4323 654 4372 et
666 4318 862 4383 divinis,
874 4315 1464 4384 profectaestatheurgis,
1483 4315 1572 4381 qui
1582 4315 1970 4382 superstitiosam
1981 4316 2161 4372 doctri·

602 4403 717 4442 nam
743 4388 927 4442 saeculo
939 4389 1118 4454 quarto
1140 4385 1503 4440 studiosissime
1533 4385 1867 4439 excoluerunt.
1893 4387 2063 4453 Neque
2083 4388 2164 4442 de-

605 4463 724 4512 sunt
736 4459 913 4512 indlcia
927 4457 1149 4523 mysticae
1166 4455 1402 4510 doctrinm
1415 4457 1496 4510 vel
1513 4453 1949 4536 theurglaepssim
1966 4471 2160 4524 sparsa:

602 4531 744 4583 velut
760 4544 875 4597 quo
896 4529 960 4583 de
983 4528 1294 4595 haruspicina
1317 4529 1372 4580 in
1387 4527 1512 4580 extis
1535 4525 1792 4581 hominum
1807 4527 2054 4596 leguntur,
2081 4533 2160 4616 fel

606 4613 638 4652 a
666 4599 820 4653 sacris
857 4596 1537 4736 Qdssfmmffufflnd
1565 4599 1650 4666 (6,
1677 4597 1728 4663 3)
1764 4601 1844 4651 τὸν
1874 4601 2164 4724 μὶνῦπῗῖἱῗ

603 4741 950 4794 larissstatem
979 4739 1292 4804 Bymtlnam
1332 4739 1816 4805 esseunmsctunt,
1857 4740 2161 4806 mundato

603 4811 1041 4934 mffi'ffloemiufflnff
1050 4811 1262 4946 ῗὲἰῖξ.
1280 4807 1474 4932 ‘525¹‘
1489 4809 2164 4949 &maim

601 4962 835 5016 rumque,
872 4963 989 5016 quai
1035 4949 1141 5003 sola
1181 4950 1624 5003 commentiflorum
1665 4952 1860 5036 illorum
1901 4957 2164 5008 auctorum

599 5017 999 5153 &mmmmm’
1035 5017 1302 5153 tw&
1321 5020 1592 5141 133&me
1615 5024 2017 5156 ῒᾶωὲμώωω
1995 5023 2164 5146 Ἠ..

601 5155 892 5210 incursuros
934 5157 1248 5222 confidimus,
1287 5159 1332 5211 st
1376 5172 1689 5226 quacunque
1719 5161 1772 5212 in
1800 5162 1986 5214 Fluviis
2017 5177 2159 5230 repe-

601 5225 803 5279 riuntur
842 5227 952 5280 aliis
997 5227 1318 5296 emptoribus
1349 5228 1606 5294 menum,
1641 5229 1820 5283 fusarii
1843 5230 2000 5284 nostri
2018 5231 2162 5304 ⁸male

599 5295 815 5353 sollertis
840 5302 1118 5354 commenta
1145 5299 1542 5366 pronunciamus.
1578 5320 1607 5348 ι

1959 469 2537 532 PROLEGOMENA

2267 605 2439 667 tanto
2458 602 2702 669 facilius
2728 604 2957 669 accidit
2991 625 3190 688 quum
3217 607 3366 672 alibi
3394 628 3649 693 quoque
3685 611 3827 676 Cal-

2269 688 2550 754 listhenis
2596 697 2657 754 et
2704 692 3129 757 Eratosthenis
3172 694 3430 758 nomina
3474 702 3825 778 permutata

2271 776 2396 839 sint
2443 775 2535 860 (V.
2584 778 2834 860 Scriptt.
2866 778 3202 844 Alexandri
3233 782 3315 843 Μ.
3348 801 3414 862 p.
3444 785 3485 847 8
3522 786 3703 863 not.).
3732 785 3828 849 Si-

2269 861 2501 927 militer
2545 866 2891 951 Πλησίμαχος
2932 871 2986 929 ἓν
3034 865 3083 949 β’
3110 867 3334 931 Νόστων
3372 867 3452 954 (ο.
3482 872 3543 947 4,
3591 868 3653 954 3)
3695 889 3823 936 non

2269 952 2429 1016 alius
2466 959 2562 1016 est
2594 953 2715 1018 nisi
2740 962 2925 1019 notus
2960 956 3197 1020 Neston
3240 955 3508 1042 scriptor
3553 958 3827 1041 Lysima-

2270 1041 2454 1120 chus,
2490 1059 2606 1107 nec
2634 1060 2760 1107 non
2794 1047 3088 1127 Καιμαρων
3115 1045 3197 1128 (c.
3223 1048 3287 1124 4,
3310 1049 3391 1127 8),
3422 1045 3687 1111 Indicon
3713 1065 3829 1112 au-

2269 1137 2427 1205 ctor,
2459 1128 2857 1195 librariorum
2910 1137 3164 1215 stupore
3193 1138 3368 1198 ortus
3410 1141 3510 1198 est.
3559 1152 3637 1199 ex
3682 1135 3828 1200 Dai-

2269 1219 2523 1295 macho,
2583 1217 2691 1303 qui
2744 1227 2888 1301 post
2946 1221 3409 1302 Megasthenem
3486 1221 3565 1286 de
3634 1223 3822 1286 rebus

2267 1306 2495 1371 Indicis
2544 1307 2814 1392 scripsit.
2850 1311 3159 1375 Praeterea
3198 1310 3430 1376 Ctesias
3474 1311 3819 1394 Ephesius,

2265 1394 2577 1460 Perseidis
2622 1402 2838 1462 auctor
2881 1409 2956 1478 (c.
3002 1403 3099 1473 18,
3132 1397 3218 1476 6),
3250 1399 3424 1464 idem
3458 1399 3649 1463 fuerit
3678 1418 3825 1463 cum

2263 1485 2499 1550 Musaeo
2527 1486 2795 1567 Ephesio
2821 1505 3009 1570 quem
3051 1487 3411 1551 Perseidem
3456 1486 3825 1552 condidisse

2264 1571 2489 1636 Suidas
2512 1574 2719 1639 refert.
2750 1574 2953 1639 Minus
2974 1575 3365 1638 confidenter
3394 1573 3664 1639 dixerim
3708 1579 3822 1650 Δη-

2264 1660 2479 1740 μόδικον
2521 1664 2575 1722 ἐν
2626 1660 2679 1722 α’
2720 1662 3047 1744 Ἡρακλείας
3078 1665 3203 1745 (18,
3233 1666 3295 1746 4)
3327 1681 3463 1728 esse
3502 1663 3821 1728 Heraclea

2265 1748 2638 1832 scriptorem
2679 1751 3071 1816 Herodorum
3090 1797 3109 1830 ,
3161 1770 3541 1836 quamquam
3591 1771 3824 1818 nomen

2262 1837 2399 1918 ejus
2445 1837 2615 1902 haud
2662 1841 2857 1905 semel
2914 1849 3280 1923 corruptum
3314 1845 3412 1906 est
3452 1848 3640 1925 atque
3686 1859 3821 1906 rem

2264 1945 2539 2012 quoque,
2567 1946 2753 2011 quam
2772 1928 3140 1994 Plutarchus
3158 1928 3375 2010 tangit,
3396 1929 3475 1993 ab
3494 1928 3823 1994 Herodoro

2260 2021 2592 2081 tractatam
2607 2034 2745 2082 esse
2763 2016 3103 2102 liquet.Qui
3118 2017 3199 2083 de
3214 2018 3593 2083 Teuthrante
3606 2026 3819 2083 monte

2260 2103 2552 2170 laudatur
2596 2104 2671 2188 (c.
2695 2108 2797 2186 21,
2822 2104 2882 2189 5)
2912 2105 3148 2170 Ctesias
3188 2105 3447 2170 Cnidius
3486 2108 3543 2166 ἕν
3584 2109 3662 2188 τῷ
3702 2109 3823 2188 περὶ

2257 2197 2415 2273 ὀρῶν,
2444 2192 2617 2257 idem
2643 2189 2781 2258 esse
2805 2193 3051 2258 videtur
3076 2213 3220 2258 cum
3265 2192 3503 2271 Ctesia,
3536 2208 3615 2257 ex
3644 2195 3827 2274 cujus

2257 2281 2423 2345 libro
2462 2280 2739 2346 secundo
2768 2279 3023 2364 περιόδων
3056 2281 3199 2363 (περὶ
3242 2284 3376 2363 ὀρῶν
3426 2281 3591 2362 conj,
3624 2282 3823 2345 Maus-

2258 2368 2461 2452 sacus)
2508 2367 2807 2435 nonnulla
2859 2366 2939 2431 de
2980 2367 3121 2431 aliis
3188 2366 3508 2433 montibus
3554 2367 3827 2432 afferunt

2256 2457 2610 2524 scholiasta!
2658 2455 2976 2540 Apollonii
3021 2454 3225 2521 Rhod.
3267 2461 3329 2534 2,
3382 2460 3497 2523 401
3532 2464 3598 2520 et
3638 2462 3818 2523 1017.

2255 2545 2749 2630 Glitophontem,
2804 2545 2905 2610 oui
2965 2545 3205 2608 Κτίσεων
3254 2564 3415 2629 opus
3465 2545 3825 2610 attribuitur

2258 2633 2337 2718 (c.
2365 2639 2426 2711 6,
2452 2634 2541 2713 4),
2573 2651 2794 2717 reapse
2828 2633 2951 2698 tale
2982 2652 3141 2714 opus
3174 2633 3501 2716 scripsisse
3533 2652 3662 2699 non
3702 2634 3829 2698 im-

2253 2722 2583 2807 probabile
2602 2729 2716 2802 est,
2740 2739 2939 2806 quum
2960 2720 3237 2785 fabulam
3259 2720 3340 2784 de
3360 2721 3557 2786 Mileti
3580 2721 3823 2802 origine

2253 2832 2290 2877 e
2338 2812 2733 2895 Clitophonte
2776 2815 2987 2874 narret
3025 2809 3363 2873 scholiasta
3405 2808 3490 2873 ad
3532 2809 3707 2874 Iliad.
3753 2809 3823 2886 ν’,

2251 2905 2394 2967 404.
2443 2902 2661 2983 Neque
2713 2907 2812 2963 est
2855 2916 2970 2962 cur
3020 2915 3325 2980 negemus
3376 2897 3769 2980 Thrasyllum
3788 2947 3803 2972 ,

2253 3007 2445 3077 quem
2498 2987 2846 3072 disciplinis
2918 2987 3180 3068 magicis
3243 2986 3566 3053 addictum
3624 2987 3819 3052 fuisse

2253 3081 2417 3146 bene
2450 3079 2614 3143 nosti
2632 3125 2650 3158 ,
2699 3077 2822 3161 περὶ
2866 3077 3021 3140 λίθων
3076 3075 3273 3140 libros
3316 3075 3675 3157 scripsisse,
3708 3079 3818 3160 qui

2253 3187 2312 3233 c.
2360 3173 2460 3245 11,
2488 3170 2529 3231 4
2574 3166 2864 3244 citantur,
2892 3164 3075 3229 sicuti
3104 3182 3247 3247 quae
3292 3181 3369 3226 ex
3410 3161 3695 3245 eiusdem
3723 3170 3828 3227 At-

2253 3259 2560 3336 γυπτιακοῖς
2589 3254 2667 3336 (c.
2696 3257 2796 3335 16,
2826 3254 2888 3335 6)
2918 3253 2997 3316 de
3023 3271 3207 3318 mure
3236 3251 3604 3317 Chelidonio
3628 3271 3820 3336 expo-

2253 3350 2508 3421 nuntur,
2540 3360 2669 3406 non
2710 3341 2919 3407 Nostri
2962 3343 3336 3424 figmentum
3377 3357 3517 3405 esse
3548 3357 3585 3402 e
3611 3341 3818 3405 Plinio

2254 3435 2516 3496 constat.
2568 3429 2849 3515 Denique
2899 3428 3131 3494 fabulae
3187 3446 3343 3512 quas
3399 3445 3433 3490 e
3490 3429 3817 3493 Demarato

2254 3517 2673 3603 Apollodorus
2716 3522 2774 3596 1,
2826 3521 2887 3596 9,
2926 3521 3032 3593 19,
3079 3521 3118 3580 ’7
3165 3523 3233 3581 et
3272 3514 3471 3580 schol.
3524 3515 3815 3600 Apollon.

2253 3612 2283 3671 1
2297 3654 2316 3688 ,
2345 3609 2427 3672 45
2460 3613 2812 3690 apponunt,
2840 3603 3290 3688 percommode
3324 3602 3451 3688 peti
3480 3609 3820 3685 potuerunt

2251 3715 2288 3760 e
2308 3695 2829 3779 Tragodumenon
2852 3713 3043 3778 opere
3060 3741 3079 3773 ,
3114 3692 3284 3777 quod
3327 3693 3551 3757 Noster
3589 3695 3823 3757 Dema-

2251 3792 2391 3849 rato
2417 3783 2711 3849 vindicat.

2330 3873 2535 3939 Ceteri
2566 3891 2715 3938 vero
2756 3872 3123 3956 scriptores,
3146 3889 3417 3957 quorum
3440 3870 3821 3935 testimoniis

2249 3961 2857 4045 Pseudoplutarchus
2885 3978 2952 4024 se
2982 3977 3169 4024 usum
3196 3958 3544 4042 profitetur,
3577 3965 3651 4022 ut
3672 3957 3817 4042 plu-

2248 4051 2483 4115 rimum
2519 4067 2775 4132 prorsus
2804 4047 3000 4131 ignoti
3029 4047 3212 4112 nobis
3245 4053 3424 4123 sunt;
3466 4062 3539 4109 ac
3570 4046 3622 4109 si
3670 4065 3821 4128 quae

2249 4136 2506 4201 nomina
2552 4143 2919 4212 occurrunt,
2960 4154 3105 4219 quae
3145 4141 3445 4218 tanquam
3484 4139 3821 4198 auctorum

2247 4224 2500 4290 aliunde
2527 4224 2811 4290 novimus
2828 4271 2845 4302 ,
2874 4243 3001 4288 non
3029 4230 3240 4288 tamen
3264 4227 3465 4305 patet,
3493 4238 3646 4285 num
3694 4220 3812 4286 hos

2247 4313 2421 4396 ipsos
2463 4331 2543 4379 an
2588 4312 2747 4378 alios
2808 4311 3216 4394 cognomines
3274 4309 3500 4372 Noster
3543 4307 3813 4391 intelligi

2246 4401 2532 4468 voluerit.
2560 4403 2709 4467 Hoec
2746 4401 2937 4483 igitur
2956 4400 3333 4483 scriptorum
3356 4397 3613 4464 nomina
3656 4417 3809 4464 num

2247 4490 2465 4556 fictitia
2481 4508 2618 4554 esse
2638 4489 3039 4573 putabimus?
3060 4487 3229 4552 Nihil
3260 4486 3550 4553 discerno
3564 4533 3583 4567 ,
3612 4505 3811 4570 quum

2247 4581 2311 4644 in
2329 4581 2453 4646 hoc
2471 4597 2667 4662 genus
2687 4577 2877 4641 rebus
2895 4574 3331 4640 incertissimis
3348 4574 3680 4657 praet'racte
3699 4575 3811 4640 ali·

2247 4667 2404 4752 quid
2434 4684 2660 4749 negare
2684 4665 2783 4731 vel
2813 4665 3124 4728 affirmare
3158 4663 3425 4746 stupidae
3450 4663 3615 4728 foret
3635 4681 3813 4728 arro-

2247 4755 2498 4840 gantiae.
2531 4751 2863 4836 Reputanti
2906 4757 3118 4816 autem
3160 4759 3447 4817 auctores
3490 4749 3600 4834 qui
3646 4767 3810 4814 nun-

2248 4861 2440 4927 quam
2492 4841 2860 4907 exstiterunt
2876 4885 2894 4918 ,
2947 4839 3114 4925 apud
3175 4845 3445 4917 veteres,
3500 4843 3809 4921 quantum

2249 4932 2445 4997 sciam
2461 4977 2479 5008 ,
2510 4947 2638 4994 non
2663 4929 2812 5012 fingi
2839 4928 2959 4994 nisi
2986 4927 3095 4993 ubi
3136 4947 3265 4994 aevo
3289 4925 3712 4993 vetustissimo
3742 4931 3807 4992 et

2248 5021 2328 5083 ab
2364 5018 2536 5084 omni
2581 5018 2899 5082 literatura
2932 5013 3137 5082 alieno
3183 5016 3507 5080 literarum
3550 5033 3703 5078 usus
3744 5021 3805 5077 et

2248 5125 2444 5188 opera
2454 5106 2699 5189 poetica
2706 5106 2804 5170 vel
2814 5104 3094 5188 prosarie
3106 5102 3523 5168 attribuuntur
3536 5101 3628 5186 (ut
3637 5099 3805 5176 Lini,

2246 5195 2512 5279 Orphei,
2534 5193 2937 5278 Pronapidae,
2969 5193 3340 5276 T'hymoetae,
3370 5189 3622 5272 Sisyphi
3658 5188 3796 5263 Coi,

2246 5283 2497 5348 Corinni
2550 5281 2900 5349 Palamedoe
2948 5281 3200 5352 scribas.
3251 5278 3493 5345 Daretis
3549 5275 3801 5358 Phrygii
