4584 6284
750 482 863 534 252

828 625 927 667 1⁹8.
968 601 1099 666 Ὅτι
1142 603 1275 682 μετὰ
1304 605 1401 676 τὴν
1436 603 1753 685 Καρχηδόνα
1801 605 1989 686 Σύρτις
2034 609 2067 676 ἢ
2120 629 2312 688 μικρο-

2142 477 2554 538 EUSTATnu

2477 609 2595 678 198.
2635 607 2760 660 Post
2786 607 3156 680 Carthaginem
3177 611 3342 682 Syrtis
3369 613 3550 666 Minor
3577 611 3656 666 vei
3681 615 3836 672 ctiam
3863 617 3968 674 Lo·

747 692 901 774 τέρα,
927 695 962 764 ἡ
992 691 1080 751 καὶ
1105 695 1496 774 Λωτοφαγῑτις,
1520 691 1633 768 μεθ’
1656 693 1719 766 ἣν
1746 693 1875 772 πρὸς
1904 692 2069 773 αὐγὰς
2094 693 2247 766 ἡλίου
2275 699 2310 766 ἡ
2401 696 2680 769 tophagitis
2701 736 2714 760 ‚
2755 708 2877 770 post
2887 715 3062 770 ·quam
3089 697 3158 752 ad
3186 711 3367 753 ortum
3404 700 3528 754 solis
3555 700 3719 756 altera
3744 722 3854 760 sese
3886 704 3968 760 of·

750 778 903 861 ἐτέρα
930 779 1141 860 ἔρχεται
1182 779 1444 853 ἄσπετος,
1484 779 1777 860 εὖρυτίραις
1814 780 2142 861 βαρυνομένη
2182 805 2311 861 προ·

748 873 920 952 χοαῖς.
1027 869 1217 942 Πολλὴ
1266 866 1322 928 δέ
1353 873 1387 940 ἡ
1427 870 1533 926 τῶν
1573 867 1816 950 Σύρτεων
1864 868 2205 948 χαλεπότης,
2241 867 2313 936 ὥς

695 970 725 1012 ε
748 980 905 1041 φασιν
933 957 981 1016 οἱ
1002 957 1255 1033 παλαιοὶ,
1277 954 1365 1015 διὰ
1390 954 1449 1015 τὸ
1474 959 1759 1034 τεναγῶδες
1784 962 1876 1017 τοῦ
1898 959 2059 1036 βυθοῦ
2076 1001 2092 1032 ,
2117 957 2206 1016 καὶ
2232 958 2314 1015 ὅτι

747 1044 885 1105 κατὰ
906 1045 998 1112 τὰς
1026 1045 1135 1104 ἐκεῖ
1159 1043 1447 1120 ἀμπώτεάς
1473 1068 1531 1104 τε
1552 1044 1642 1105 καὶ
1662 1046 2038 1126 πλημμυρίδας
2071 1044 2309 1122 συμΘαί-

736 1157 855 1207 νει,
905 1131 1044 1194 κατὰ
1076 1131 1165 1192 τὸν
1199 1135 1245 1195 Γ
1246 1132 1549 1216 εωγράφον,
1594 1133 1873 1208 ἐμπίπτειν
1901 1133 2022 1201 τοὺς
2064 1157 2312 1213 παρατυ-

744 1223 937 1306 χόντας
963 1222 1034 1290 εἷς
1072 1222 1142 1283 τὰ
1174 1221 1381 1303 βραχέα
1410 1222 1501 1281 καὶ
1524 1220 1748 1292 καθίζειν
1791 1221 1883 1281 καὶ
1913 1213 2047 1282 εἶναι
2093 1223 2312 1283 σπάνιον

746 1311 807 1370 τὸ
830 1308 1125 1388 σωζόμενον
1152 1309 1373 1391 σκάφος.
1459 1312 1625 1371 Τοῦτο
1660 1309 1713 1370 δὲ
1744 1313 1833 1370 καὶ
1861 1315 1889 1372 ὁ
1918 1311 2189 1380 Διονύσιος
2213 1315 2315 1387 ἐμ-

670 1427 725 1470 1⁰
748 1402 943 1481 φαίνων
972 1397 1131 1480 φησίν
1162 1425 1187 1451 ιι
1206 1398 1329 1458 ἔνθα
1353 1398 1542 1458 ἄλλοτε
1566 1397 1659 1475 μὲν
1684 1399 2073 1479 κορυσσομένης
2093 1402 2310 1480 Τυρση-

747 1483 883 1554 νίδος
909 1486 1179 1559 θαλάσσης
1203 1485 1517 1565 πλημμυρὶς
1540 1485 1825 1566 ἐγείρεται,
1859 1487 2051 1547 ἄλλοτε
2090 1487 2145 1548 δὲ
2188 1488 2309 1566 ἄμ-

749 1597 913 1642 πωτις
944 1572 1123 1654 ξηραῖς
1151 1572 1417 1655 ἐπιτρέχει
1446 1575 1709 1654 ψαμάθοις
1744 1605 1764 1626 υ
1795 1579 2115 1657 εῖρηνοῦντος
2144 1575 2310 1648 δηλο-

748 1658 857 1719 νότι
886 1664 978 1719 τοῦ
1021 1659 1243 1734 πόντου,
1281 1663 1371 1720 καὶ
1412 1659 1486 1739 μὴ
1508 1661 1894 1741 κορυσσομένου
1932 1669 2038 1730 τοῖς
2082 1661 2308 1739 κύμασι.

750 1745 861 1808 Καὶ
898 1747 1144 1828 ἀνωτέρω
1189 1748 1246 1807 δὲ
1290 1752 1319 1808 ὁ
1359 1749 1512 1816 αὐτὸς
1560 1748 1657 1831 ἔφη
1689 1748 1933 1828 περὶτῆς
1960 1761 2188 1830 μικρᾶς,
2230 1749 2312 1809 ὅτι

669 1863 722 1906 η
748 1835 963 1909 τηλόθεν
991 1836 1282 1918 ἐρχομένην
1314 1836 1525 1919 δέχεται
1554 1838 1923 1919 πλημμυρίδα.
1942 1837 2147 1900 πόντου.
2202 1839 2311 1900 Τε-

753 1923 983 2007 οαγώδης
1013 1925 1067 1986 δὲ
1098 1933 1125 1988 ὁ
1152 1925 1341 2002 τόπος,
1378 1929 1450 1995 ὡς
1492 1927 1675 2009 ἐρρέθη
1693 1972 1710 2001 ,
1756 1928 1845 1986 καὶ
1872 1929 1965 1988 οὐκ
1994 1929 2073 1986 ἀεὶ
2116 1933 2304 2008 βαθεῖα

746 2013 1025 2089 θάλασσα,
1060 2011 1196 2074 ἀλλὰ
1240 2015 1377 2074 κατὰ
1406 2013 1619 2096 καιρούς
1648 2038 1794 2083 τινας
1837 2016 1971 2076 πολὺ
1998 2021 2089 2076 τοῦ
2122 2018 2308 2086 ὕδατος

747 2101 1118 2183 ἐπισυρομένη·
1146 2101 1260 2162 ὅθεν
1290 2103 1383 2162 καὶ
1412 2101 1603 2184 Σύρτις
1638 2105 1903 2165 καλεῖται.
1988 2102 2149 2165 Ἔστι
2186 2105 2241 2165 δὲ
2271 2111 2306 2176 ἡ

746 2189 845 2272 μὲν
872 2191 1105 2253 ἐλάττων
1126 2189 1318 2275 Σύρτις
1352 2191 1538 2274 χιλίων
1568 2191 1852 2262 ἑξακοσίων
1883 2193 2134 2265 σταδίων,
2165 2196 2235 2260 ὥς
2261 2196 2308 2252 οἱ

664 2303 721 2346 το
746 2280 966 2344 παλαιοί
986 2305 1147 2363 φασι,
1182 2280 1278 2354 τὴν
1308 2281 1653 2364 περίμετρον,
1690 2286 1783 2354 τῆς
1812 2281 1866 2341 δὲ
1905 2282 2133 2360 μεγάλης
2164 2284 2191 2340 ὁ
2213 2283 2305 2341 κύ·

744 2371 867 2440 κλος
893 2369 1332 2452 πεντακισχιλίων
1362 2371 1611 2430 σταδίων.
1696 2371 1776 2432 Τὸ
1804 2369 1858 2430 δὲ
1882 2370 1985 2453 πρὸ
2014 2371 2184 2430 αὐτῶν
2210 2373 2310 2429 πέ-

739 2460 902 2536 λαγος
930 2456 1163 2522 Διὸυκὸν
1207 2460 1447 2520 καλεῖται
1485 2460 1848 2520 ἄποτελευτῶν
1880 2460 1953 2525 εἰς
1996 2457 2093 2530 τὴν
2126 2458 2306 2536 Δίγυ-

743 2569 890 2606 πτον.
993 2545 1266 2624 Ἀμπωτις
1289 2544 1349 2606 δέ
1367 2549 1480 2607 ἐστι
1502 2545 1725 2627 ξηρασία
1745 2547 1835 2606 καὶ
1852 2547 2103 2615 άνάποσις
2124 2547 2307 2613 ὕδατος

740 2632 1044 2716 περιοδικὴ,
1076 2633 1337 2703 ἀνάπωτις
1356 2627 1490 2696 οὖσά
1516 2659 1622 2705 τις,
1653 2635 1743 2696 καὶ
1774 2637 1829 2694 ἐν
1858 2639 2096 2718 συγκοπῇ
2126 2636 2311 2713 ἄμπω·

660 2745 715 2787 2⁶
740 2744 839 2791 τις.
924 2721 1103 2789 Πάθος
1123 2721 1181 2781 δέ
1209 2725 1322 2783 ἐστι
1341 2724 1613 2802 γινόμενον
1642 2726 1944 2804 πολλαχοῦ,
1968 2714 2053 2783 οἶα
2076 2730 2165 2783 τοῦ
2193 2725 2304 2782 ἐπι·

739 2809 1050 2879 πολάζοντος
1078 2809 1264 2878 ὕδατος
1288 2813 1697 2882 ἁπονοστοῦντος
1718 2857 1735 2888 ,
1760 2812 1852 2872 καὶ
1872 2815 1927 2872 ἐν
1955 2815 2031 2892 τῷ
2055 2802 2161 2872 οἷον
2188 2815 2312 2870 ἀνα-

737 2896 975 2958 πίνεσθαι
1012 2897 1113 2957 ὑπὸ
1155 2902 1257 2978 γῆν
1288 2901 1545 2978 δυομένου
1590 2900 1729 2960 κατὰ
1756 2899 2003 2982 χρονικὰς
2040 2900 2311 2980 περιόδους

737 2983 899 3054 τινάς.
983 2986 1168 3049 Αἴτιον
1191 2986 1247 3046 δέ
1266 3011 1396 3068 φασι
1416 2995 1507 3048 τοῦ
1534 2990 1730 3056 πάθους
1748 2989 1933 3047 τούτου
1952 2992 2163 3064 πνεῦμα
2184 2987 2312 3047 ὑπό-

737 3095 904 3153 γεων·,
934 3071 1063 3134 ποτὶ
1086 3072 1180 3152 μὲν
1211 3076 1356 3135 ἐπιὸν
1376 3119 1394 3148 ,
1424 3073 1553 3134 ποτὶ
1574 3073 1630 3132 δὲ
1660 3076 1813 3133 ἀπιὸν
1843 3073 1937 3133 καὶ
1957 3078 2306 3148 ὗπονοστοῦν,,

658 3179 721 3226 ΞΟ
738 3161 827 3224 ὅτε
863 3163 923 3221 τὸ
960 3161 1101 3242 ὕδωρ
1147 3161 1504 3239 ἁνωθούμενον
1522 3207 1538 3233 ,
1576 3151 1691 3222 εἶτα
1735 3163 2123 3240 συγκαταδῦνον
2164 3169 2304 3220 ποιεῖ

741 3247 837 3322 τὴν
860 3250 1127 3325 ἄμπωτιν,
1145 3249 1279 3321 ἥτις,
1302 3257 1373 3318 ὥς
1394 3248 1670 3329 ἐρρίθη,ἐκ
1686 3252 1780 3319 τῆς
1802 3249 2107 3315 ἄναπόσεως
2122 3247 2312 3320 κέκλη-

741 3359 861 3407 ται,
888 3333 1068 3415 ὥσπερ
1112 3325 1181 3394 αὖ
1222 3335 1384 3396 πάλιν
1435 3337 1495 3394 ἐκ
1533 3342 1625 3395 τοῦ
1671 3336 1902 3394 ἐναντίου
1943 3339 1978 3407 ἡ
2015 3335 2312 3414 πλημμύρα

746 3423 1085 3498 ὠνόμασται,
1114 3425 1185 3489 ὣς
1222 3424 1331 3483 ἀπὸ
1363 3427 1455 3484 τοῦ
1496 3425 1617 3504 πλῷ
1646 3420 1838 3492 πλήσω
1885 3422 1947 3482 τὸ
1988 3423 2129 3480 ἀναπ
2164 3446 2199 3491 η
2235 3427 2310 3499 ὦ,

748 3509 801 3580 ἐξ
826 3501 887 3572 οὗ
931 3508 1023 3571 καὶ
1070 3514 1106 3583 ἡ
1139 3509 1329 3587 πλήμη
1366 3508 1514 3587 παρὰ
1563 3515 1637 3592 τῷ
1685 3511 1731 3571 Γ
1734 3509 2017 3591 εωγράφῳ,
2054 3513 2145 3592 ἀφ’
2215 3534 2240 3573 ς
2280 3517 2312 3582 ἡ

666 3616 723 3661 ὅ
750 3598 1050 3680 πλημμύρα
1096 3604 1375 3683 παρῆχθαι
1418 3601 1561 3660 δοκεῖ
1597 3601 1735 3658 κατὰ
1780 3596 2127 3681 παρωνυμίαν
2168 3598 2308 3660 τινά.

747 3687 911 3771 ,Τάχα
938 3685 995 3747 δέ
1020 3685 1127 3748 ἀπὸ
1148 3693 1242 3761 τῆς
1261 3688 1509 3760 τοιαύτης
1538 3687 1755 3766 πλήμης
1778 3692 1869 3748 καὶ
1889 3689 1952 3750 τὸ
1978 3689 2313 3766 πλημμελεῖν

750 3776 841 3837 ἐπί
865 3799 921 3836 τε
942 3775 1242 3843 πλαδῶντος
1264 3777 1537 3859 στομάχου
1563 3777 1773 3856 λέγεται
1798 3777 1889 3837 καὶ
1922 3776 2111 3856 ἐτέρων
2132 3799 2311 3854 σημα-

749 3869 876 3926 σιῶν
904 3868 1279 3947 μεταφορικῶς.

824 3975 927 4016 2⁰⁶.
970 3951 1102 4016 Ὀτι
1129 3954 1268 4033 με’ση
1306 3957 1411 4014 τῶν
1446 3954 1687 4034 Σύρτεων
1716 3960 1751 4027 ἡ
1782 3953 1895 4017 Νέα
1937 3954 2119 4032 πόλις,
2156 3959 2189 4026 ἡ
2217 3953 2310 4014 καὶ

663 4059 721 4103 ιο
744 4044 909 4125 μικρὰ
940 4044 1138 4110 Λέπτις
1154 4089 1173 4122 ,
1214 4034 1277 4117 ἧς
1300 4042 1434 4123 ὑπὲρ
1463 4032 1585 4105 αἶαν
1617 4042 1927 4125 Λωτοφάγοι
1950 4041 2185 4116 ναίουσι,
2212 4066 2305 4122 φι-

743 4139 938 4208 λόξενοι
961 4139 1136 4217 ὄντες,
1170 4139 1292 4220 περὶ
1322 4130 1396 4199 ὧν
1422 4142 1475 4200 ἐν
1503 4139 1787 4221 Ὀδυσσεία
1824 4139 2142 4220 γέγραπται·
2170 4137 2292 4198 ἔνθα

743 4227 865 4290 ποτὲ
892 4227 983 4288 καὶ
1008 4226 1295 4297 Ὀδυσσεὺς
1331 4221 1456 4302 ἦλθε
1488 4227 1841 4306 πλανώμενος.
1932 4228 2091 4289 Ἐστι
2128 4225 2184 4286 δὲ
2210 4229 2304 4287 καὶ

748 4564 801 4615 C.
858 4562 879 4630 11
926 4589 990 4602 -
1019 4577 1065 4616 1.
1109 4559 1197 4626 τὴν
1244 4578 1352 4614 om.
1408 4557 1541 4630 Udy.
1585 4560 1607 4628 ξΙ
1648 4575 1801 4614 -α,
1838 4556 1870 4625 ἡ
1910 4557 2027 4628 καὶ]
2058 4557 2140 4610 καὶ
2182 4555 2214 4624 ἣ
2265 4555 2309 4608 d

740 4640 957 4704 Bernh.;
988 4637 1038 4693 ἐν
1076 4634 1107 4712 ᾖ
1132 4639 1213 4693 καὶ
1238 4641 1296 4693 Δ.
1328 4636 1622 4710 conjecerat
1661 4637 1947 4693 Berkeiius.
1992 4635 2095 4691 sed
2124 4653 2308 4707 quem-

741 4717 1029 4774 admodum
1071 4718 1250 4791 Scyiax
1289 4720 1462 4790 Syrtin
1503 4718 1760 4771 minorem
1798 4717 2076 4788 Καρκινῖτιν
2124 4727 2303 4779 vocat,

740 4797 926 4854 eodem
946 4797 1067 4870 jure
1093 4799 1248 4852 etiam
1301 4799 1635 4869 Δωτοφαγῖτις
1673 4797 1777 4864 dici
1814 4807 2039 4868 poterat.
2087 4795 2307 4851 Accedit

740 4877 996 4931 disertum
1018 4876 1289 4931 Strabonis
1318 4876 1675 4930 testimonium
1700 4893 1757 4946 p.
1784 4875 1884 4929 835
1919 4874 1982 4943 εὴ
2015 4873 2163 4946 μικρὰ
2185 4874 2306 4945 Σύρ-

737 4977 840 5021 τις,
870 4959 933 5026 ἢν
961 4956 1046 5011 καὶ
1080 4958 1419 5029 Λωτοφαγΐτιν
1456 4955 1629 5027 Σύρτιν
1661 4955 1908 5028 λέγουσιν.
1946 4957 1967 5026 ΙΙ
1992 4986 2066 4997 -
2089 4959 2143 5020 4.
2184 4955 2308 5025 Σύρ-

734 5056 861 5092 τεων
875 5049 899 5109 J
924 5039 1089 5092 τόπων
1116 5037 1171 5094 d.
1208 5039 1230 5108 ΙΙ
1262 5067 1337 5079 —-
1376 5039 1461 5101 14.
1487 5035 1569 5089 καὶ
1590 5035 1618 5090 ὁ
1644 5035 1786 5098 αὗτός
1807 5035 1859 5090 δὲ
1885 5033 2113 5104 ἀνωτέρω
2134 5038 2180 5112 ,L
2196 5057 2217 5098 ,-
2253 5034 2306 5088 δὲ

734 5113 765 5170 ὁ
791 5113 936 5179 narb<
963 5113 1015 5171 ἔ.
1054 5135 1110 5170 π.
1138 5135 1187 5170 τ.
1224 5116 1395 5187 μικρᾶς
1422 5133 1531 5170 om.
1566 5119 1619 5170 C.
1651 5115 1674 5186 ΙΙ
1707 5145 1782 5157 -
1826 5119 1907 5171 ι8.
1936 5114 2162 5168 καλεῖται
2190 5133 2301 5168 om.

2407 781 2538 847 fert,
2565 793 2722 854 atque
2748 783 2834 838 illa
2860 781 3077 856 quidem
3109 785 3368 840 immensa
3395 787 3714 860 fluentisque
3747 791 3968 864 amplio-

2399 869 2546 925 ribus
2595 883 2828 930 onerata.
2903 875 3094 945 Magna
3143 885 3224 930 est
3263 876 3496 948 Syrtium
3545 876 3850 944 difficultas,
3903 891 3963 934 ut

2402 971 2598 1014 veteres
2633 961 2808 1026 aiunt,
2836 972 3056 1035 propter
3081 961 3308 1018 fundum
3335 963 3625 1037 palustrem
3657 977 3711 1022 et
3735 966 3878 1038 quod
3911 967 3968 1020 in

2403 1049 2564 1102 maris
2590 1048 2742 1103 fluxu
2770 1059 2824 1103 et
2871 1049 3080 1105 refluxu
3109 1051 3336 1118 accidit,
3379 1064 3471 1120 ut,
3513 1053 3966 1126 quemadmodum

2400 1137 2742 1210 Geograpbus
2758 1136 2984 1212 dicito».
3016 1140 3164 1212 836),
3187 1158 3250 1194 eo
3274 1139 3428 1196 delati
3453 1142 3508 1194 in
3533 1141 3712 1196 brevia
3733 1143 3967 1198 incidant

2401 1221 2580 1295 ibique
2624 1222 2927 1289 considant,
2973 1243 3204 1298 raroque
3243 1245 3401 1281 naves
3427 1237 3726 1285 serventur.
3799 1227 3972 1301 quue

2401 1310 2682 1383 Dionysius
2707 1311 2902 1367 indicat
2925 1313 3024 1368 illis
3047 1315 3222 1368 verbis
3253 1332 3267 1369 ι
3305 1340 3328 1362 ι
3355 1316 3468 1370 Ubi
3489 1313 3672 1382 modo,
3693 1315 3970 1387 Tyrrheno

2404 1397 2536 1450 mari
2563 1397 2974 1464 intumescente,
3006 1400 3290 1456 inundatio
3318 1405 3598 1466 excitatur,
3628 1400 3793 1456 modo
3819 1413 3971 1456 aestus

2401 1482 2745 1553 reciprocatio
2766 1485 2927 1539 siccas
2950 1485 3230 1559 aridasque
3249 1505 3432 1541 arenas
3452 1488 3748 1560 percurrit,
3778 1512 3802 1535 ι
3828 1497 3970 1540 tran-

2400 1567 2566 1640 quillo
2617 1569 2873 1625 nimirum
2901 1572 3034 1626 mari
3079 1572 3344 1645 nullisque
3389 1573 3643 1628 fluctibus
3685 1575 3970 1629 concitato,

2398 1652 2654 1726 Idemque
2679 1654 2746 1711 de
2781 1657 2920 1729 Syrti
2955 1659 3154 1712 Minori
3181 1676 3343 1732 supra
3369 1659 3579 1714 dixerat
3621 1675 3636 1714 :
3686 1684 3710 1706 ‹-
3749 1660 3972 1715 Eminus

2399 1739 2665 1796 undarum
2690 1744 2986 1798 venientem
3007 1745 3226 1818 suscipit
3243 1754 3449 1800 aestum.
3483 1767 3506 1795 ι
3536 1747 3782 1800 Limosus
3793 1755 3970 1800 autem

2399 1827 2488 1883 hic
2513 1827 2694 1896 locus,
2725 1841 2786 1886 ut
2829 1829 3032 1886 dictum
3059 1841 3165 1899 est,
3196 1849 3371 1904 neque
3409 1849 3557 1887 mare
3601 1849 3809 1902 semper
3844 1850 3971 1904 pro-

2399 1917 2659 1989 fundum,
2696 1917 2790 1973 sed
2817 1919 2967 1976 statis
3002 1921 3267 1993 certisque
3292 1919 3613 1993 quibusdam
3642 1918 3970 1992 temporibus

2397 2024 2648 2079 magnam·
2661 2009 2765 2063 vim
2791 2027 3048 2081 aquarum
3067 2010 3334 2065 attrahens
3354 2049 3370 2074 ,
3393 2008 3738 2083 ἐπισυρομένη.
3814 2009 3974 2063 Unde

2394 2105 2450 2150 et
2488 2097 2660 2169 Syrtis
2701 2107 2940 2154 vocatur.
3013 2100 3180 2172 Syrtis
3225 2100 3408 2153 Minor
3453 2100 3660 2154 ambitu
3699 2108 3874 2172 patet,
3909 2111 3971 2153 ut

2399 2194 2597 2238 veteres
2618 2184 2830 2257 (Str-ab.
2856 2205 2914 2260 p.
2955 2186 3057 2241 835
3079 2189 3102 2257 )
3122 2186 3312 2240 dicunt
3329 2225 3346 2253 ,
3380 2184 3449 2241 ad
3478 2187 3620 2242 mille
3642 2197 3698 2242 et
3727 2196 3968 2240 sexcenta

2395 2270 2590 2336 stadia3
2616 2273 2782 2345 Syrtis
2804 2290 2929 2327 vero
2949 2271 3170 2345 Majoris
3193 2273 3450 2327 circuitus
3480 2283 3560 2328 est
3586 2275 3828 2346 quinque
3847 2275 3967 2329 mii-

2395 2360 2524 2413 lium
2565 2359 2878 2417 stadiorum.
2954 2361 3104 2414 Mare
3146 2369 3324 2415 autem
3351 2359 3416 2414 iis
3457 2357 3724 2431 objectum
3755 2371 3970 2416 vocatur

2397 2446 2674 2520 Libycum,
2701 2446 2848 2520 quod
2871 2445 2942 2502 ad
2966 2448 3252 2521 AEgyptum
3302 2447 3516 2502 desinit.
3589 2449 3838 2503 Ceterum
3873 2449 3969 2522 ἅμ-

2394 2556 2544 2599 πωτις
2566 2551 2644 2593 αι
2667 2538 2878 2592 siccatio
2917 2548 2968 2592 et
2997 2536 3265 2610 periodica
3289 2555 3440 2610 aquae
3470 2537 3713 2603 sorbitio,
3731 2540 3880 2610 quasi
3903 2541 3969 2593 sit

2399 2623 2672 2692 ἀνάπωτις,
2714 2637 2768 2680 et
2813 2643 2910 2698 per
2950 2643 3222 2698 syncopen
3259 2625 3498 2698 ἄμπωτις.
3571 2624 3636 2680 Id
3681 2635 3856 2679 autem
3892 2627 3969 2680 rei

2394 2722 2472 2767 est
2511 2713 2658 2785 quod
2696 2713 2876 2768 multis
2900 2713 2956 2766 in
2983 2712 3112 2766 iocis
3151 2712 3374 2777 accidit,
3411 2722 3474 2765 ut
3501 2729 3640 2783 aqua
3669 2713 3724 2766 in
3761 2729 3969 2767 summo

2393 2817 2606 2855 versans
2628 2799 2799 2865 abeat,
2819 2817 2900 2865 ac,
2930 2797 3060 2852 dum
3089 2798 3250 2853 veluti
3269 2797 3574 2852 resorbetur
3597 2799 3745 2852 statis
3769 2807 3970 2871 tempo-

2395 2885 2573 2952 ribus,
2615 2897 2808 2941 terram
2843 2885 3046 2940 subeat.
3123 2884 3350 2938 Causam
3381 2901 3508 2938 vero
3548 2881 3710 2955 hujus
3744 2885 3820 2938 rei
3859 2901 3970 2939 esse

2395 2973 2546 3027 aiunt
2585 2973 2833 3045 spiritum
2885 2971 3290 3025 subterraneum
3315 3013 3333 3039 ,
3365 2970 3529 3026 modo
3564 2969 3928 3026 adventantem
3947 3012 3966 3038 ,

2397 3054 2562 3109 modo
2591 3055 2872 3109 abeuntem
2905 3072 2968 3108 ac
2995 3053 3329 3108 recedentem
3347 3093 3363 3119 ‚
3395 3071 3563 3126 quum
3590 3072 3727 3126 aqua
3756 3073 3963 3110 sursum

2397 3158 2582 3195 versus
2628 3139 2852 3211 impulsa
2870 3179 2887 3205 ,
2927 3136 3121 3192 deinde
3162 3156 3270 3192 una
3315 3135 3640 3191 descendens
3685 3147 3842 3210 atque
3875 3136 3966 3194 dc·

2398 3241 2569 3278 mersa
2592 3221 2715 3276 facit
2729 3222 2975 3294 ἄμπωτιν,
2998 3237 3137 3292 quse,
3159 3221 3467 3274 ut'diximus
3481 3259 3497 3284 ,
3518 3221 3594 3274 sic
3616 3231 3798 3274 vocata
3814 3231 3894 3275 est
3913 3220 3970 3276 ἐκ

2399 3308 2486 3371 τῆς
2529 3302 2843 3367 ἀναπόσεως,
2876 3299 3329 3373 quemadmodum
3363 3318 3549 3354 rursus
3579 3319 3610 3353 e
3637 3303 3904 3354 contrario
3933 3299 3968 3367 ἦ

2399 3383 2671 3456 πλημμῦρα
2695 3383 2771 3436 sic
2800 3385 3070 3438 nominata
3107 3393 3190 3438 est
3229 3394 3476 3456 tanquam
3507 3402 3538 3437 a
3580 3383 3720 3446 πλῶ,
3758 3383 3962 3450 πλήσω,

2399 3466 2546 3541 quod
2587 3477 2668 3523 est
2702 3466 3002 3540 ἀναπληρῶ,
3041 3485 3107 3521 ex
3151 3485 3260 3539 quo
3298 3466 3456 3520 etiam
3523 3465 3555 3532 ἡ
3597 3464 3770 3538 πλήμη
3825 3467 3970 3538 apud

2399 3544 2774 3624 Geoigmphum
2797 3549 2882 3626 (p.
2917 3566 3017 3621 172
3035 3562 3087 3606 ee
3104 3549 3359 3626 passim),
3381 3548 3526 3604 unde
3544 3568 3642 3623 per
3658 3550 3969 3608 denomina-

2401 3635 2598 3690 tionem
2627 3635 2896 3708 quandam
2927 3635 3156 3691 deducta
3189 3654 3302 3692 esse
3349 3634 3561 3690 videtur
3598 3632 3631 3701 ἦ
3665 3634 3961 3710 πλημμύρα.

2399 3719 2640 3774 Fortasse
2665 3737 2730 3774 ex
2765 3719 2865 3774 hac
2887 3720 2982 3773 ista
3013 3718 3190 3793 πλήμη
3208 3717 3406 3774 dicitur
3429 3719 3588 3774 etiam
3617 3719 3961 3793 πλημμυρεΐν,

2397 3802 2466 3856 de
2499 3802 2771 3858 stomacho
2801 3801 2980 3856 nimiis
3003 3801 3318 3857 humoribus
3344 3801 3639 3869 diffluente,
3669 3814 3724 3858 et
3753 3805 3809 3858 in
3855 3803 3968 3858 ali=s

2395 3883 2550 3939 etiam
2579 3883 3046 3957 significationibus
3065 3902 3162 3957 per
3189 3884 3572 3958 metaphoram.

2465 3971 2592 4027 205.
2615 3970 2790 4046 Media
2813 3972 2952 4025 inter
2972 3971 3148 4044 Syrtes
3164 3971 3410 4044 Neapolis
3427 3989 3547 4044 quae
3569 3983 3620 4028 et
3639 3975 3820 4046 Leptis
3842 3977 3967 4030 Par»

2393 4079 2456 4114 va
2483 4059 2668 4129 (immo
2697 4061 2941 4130 Magna),
2988 4059 3125 4113 ultra
3166 4059 3317 4131 cujus
3365 4062 3632 4132 regionem
3672 4064 3967 4136 Lotophagi

2391 4147 2658 4210 habitant,
2689 4145 2931 4200 homines
2966 4144 3251 4218 hospitales
3269 4187 3284 4210 ‚
3319 4145 3388 4200 de
3415 4147 3610 4219 quibus
3637 4148 3693 4202 in
3735 4149 3967 4220 Odyssea

2393 4233 2481 4308 (ι’,
2512 4235 2612 4308 64)
2653 4232 2905 4288 diximus.
2943 4234 3025 4287 Eo
3065 4233 3418 4304 ⁴vagabundus
3456 4233 3668 4308 Ulysses
3714 4237 3874 4290 venit.
3901 4238 3966 4290 In

2392 4574 2489 4626 ego
2517 4557 2570 4608 in
2593 4556 2730 4609 notis
2758 4552 2825 4607 ad
2853 4553 3094 4613 strabon.
3117 4553 3338 4625 conjeci.
3366 4555 3388 4624 ΙΙ
3411 4587 3483 4596 -
3501 4560 3590 4620 24.
3624 4553 3868 4618 ἀνάπωτις
3893 4560 3968 4621 E,

2395 4633 2625 4697 ἇνάποτις
2652 4636 2716 4697 U,
2749 4632 2977 4696 ἀνάδοσις
2999 4639 3052 4700 C,
3095 4631 3342 4698 ἅνάπωοις
3379 4638 3475 4705 Psy,
3509 4635 3756 4697 ἀνάπωσις
3776 4644 3900 4690 cett.
3936 4637 3959 4706 ΙΙ

2391 4745 2464 4756 —-
2494 4713 2582 4769 25.
2607 4712 2884 4776 ὓποπολάζ.
2921 4713 3026 4777 [ηις
3064 4711 3281 4768 ἔπινοστ.
3329 4718 3392 4778 C,
3443 4715 3675 4772 ὓπονοστ.
3723 4713 3960 4776 ΡιΥΙηι,

2393 4790 2516 4845 sort.
2543 4803 2702 4848 recte.
2737 4793 2760 4862 ΙΙ
2785 4821 2860 4833 -
2886 4795 2974 4846 28.
3007 4791 3260 4864 ὓπόγαιων
3284 4797 3370 4856 ·C‚·
3411 4792 3576 4860 ἀπιόν,
3607 4791 3726 4848 ποτὶ
3748 4792 3802 4848 δὲ
3827 4791 3962 4848 ἐπιὸν

2400 4870 2551 4926 EFd.
2585 4874 2606 4942 ΙΙ
2633 4901 2704 4913 -
2729 4873 2819 4925 31.
2857 4872 3120 4944 κέκληται]
3158 4872 3348 4942 γίνεται
3376 4877 3430 4928 C.
3463 4877 3486 4946 {2
3511 4903 3586 4915 —
3608 4873 3698 4928 32.
3729 4871 3962 4944 πλημύρα

2396 4956 2446 5007 Y
2462 4976 2482 5022 ,·
2537 4953 2901 5024 ὠνόμασται
2949 4951 3029 5024 ἀφ’
3073 4947 3131 5018 ἧς
3175 4951 3206 5019 ἡ
3250 4953 3523 5024 πλημμύρα
3571 4971 3681 5011 om.
3735 4959 3790 5007 0.
3827 4954 3850 5022 ΙΙ
3888 4983 3963 4996 —-

2396 5033 2485 5088 35.
2514 5033 2746 5104 πλημύρα
2771 5035 2898 5088 ΚΥ.
2937 5030 2958 5101 ΙΙ
2981 5062 3054 5074 —
3073 5033 3161 5087 36.
3192 5031 3469 5102 πλημελεῖν
3492 5035 3683 5089 KUY.
3719 5033 3742 5102 ΙΙ
3770 5062 3843 5074 -
3869 5033 3956 5100 37.

2393 5112 2664 5174 πλάδοντος
2685 5110 2797 5174 Ee&
2821 5111 3064 5183 στόματος
3085 5111 3273 5176 γίνεται
3285 5131 3335 5180 γ.
3369 5111 3392 5182 ΙΙ
3414 5141 3489 5153 -
3509 5113 3596 5168 38.
3627 5117 3960 5183 καταφορικῶς

734 5193 845 5251 Ed.
872 5196 974 5266 ΙΙ-
990 5212 1079 5252 21.
1100 5193 1544 5266 πεντακισχιλίων]
1570 5197 1631 5249 In
1655 5195 1921 5251 Strabonis
1943 5193 2171 5267 codd.p.
2198 5195 2301 5249 835
2384 5213 2444 5266 y.
2489 5193 2512 5263 ΙΙ
2551 5222 2626 5234 -
2652 5191 2740 5260 39.
2786 5189 2951 5263 Σύρων
2977 5210 3029 5245 τε
3060 5195 3174 5260 G)·,·
3208 5189 3241 5257 ἡ
3271 5189 3554 5254 ἐννεάπολις
3593 5195 3732 5262 CDJ‘.
3764 5220 3837 5232 —
3859 5195 3947 5254 [00.

732 5271 922 5343 legitur
949 5271 1247 5328 ἐννακοσίων
1265 5275 1528 5348 τριάκοντά
1544 5295 1657 5341 που,
1680 5276 1733 5330 in
1759 5293 1867 5347 quo
1894 5273 2017 5329 latet
2042 5285 2133 5328 aut
2153 5273 2307 5348 ,sm‘
2395 5271 2574 5346 μικρὰ]
2603 5269 2736 5325 Deb.
2784 5269 2999 5342 μεγάλη.
3045 5269 3068 5340 ΙΙ
3095 5299 3170 5311 -
3196 5273 3284 5334 (12.
3330 5269 3452 5340 φησὶ
3495 5269 3641 5341 quod
3677 5280 3799 5342 post
3831 5265 3953 5336 ἦλθε

734 5351 958 5426 (4930),
988 5363 1050 5407 ιιι
1096 5353 1467 5429 Bernhardyus
1503 5365 1695 5422 censet,
1726 5367 1816 5409 aut
1848 5353 1961 5428 ,W
1986 5356 2207 5426 (4900),
2242 5366 2303 5409 ut
2402 5357 2454 5408 U
2461 5393 2476 5420 ,
2520 5363 2639 5424 post
2664 5349 2780 5406 ποτὲ
2814 5360 2938 5407 cett.
2979 5360 3219 5423 ponunt,
3271 5368 3381 5407 om.
3427 5355 3468 5404 C
3501 5362 3553 5404 et
3591 5350 3790 5404 Bernh.
3826 5351 3848 5422 ss
3879 5377 3954 5392 ·—
