4584 6284
43 6060 105 6168 Γ,

640 540 714 596 52
1856 538 2202 601 DIONYsu
2242 542 2614 603 BYzAN‘m

632 677 686 721 et
708 668 867 722 ramis
892 667 1092 722 ficuum
1110 668 1395 738 agrestium
1417 668 1799 734 concidissent,
1828 670 1949 740 igne
1966 688 2029 725 ex
2051 688 2194 742 agre-
2282 686 2589 728 nur-catores
2618 674 2769 749 apud
2806 676 2941 733 Itane
2972 691 3182 752 petram
3224 683 3582 757 deposuissent
3618 706 3808 747 aurum
3824 733 3842 758 ,

629 754 796 810 stibus
841 754 995 826 lignis
1038 755 1175 810 sacto
1220 755 1525 810 cremabant
1538 795 1555 823 ,
1603 754 1819 829 ejusque
1878 756 2077 812 cineres
2126 757 2194 813 ad
2274 762 2430 836 pacti
2463 762 2598 817 inter
2617 782 2673 819 se
2689 804 2705 831 ,
2735 783 2840 820 non
2857 766 3018 839 prius
3053 769 3275 825 alterum
3305 771 3442 827 illud
3467 793 3573 830 esse
3601 778 3844 834 sublatu-

628 843 944 916 expiandam
982 844 1170 899 urbem
1211 843 1537 899 laborantem
1566 842 1907 919 projiciebant
1939 847 1995 901 in
2027 864 2189 903 mare.
2279 869 2396 905 rum
2422 869 2581 924 quam
2604 852 2758 907 ambo
2779 852 2944 908 simul
2965 854 3041 908 ad
3055 867 3268 930 petram
3284 860 3632 917 convenirent.
3660 864 3845 922 Altero

630 933 819 1006 Itaque
848 951 957 988 non
984 934 1100 988 sine
1135 950 1291 987 causa
1318 944 1701 988 commutatum
1726 950 1921 988 nomen
1942 934 2185 1002 arbitror,
2268 937 2572 1013 pactionem
2588 952 2956 1013 proetergnsso
2970 983 2987 1008 ,
3017 960 3185 997 sermo
3204 944 3469 1001 hommum
3481 948 3638 1005 habet
3653 970 3844 1010 aurum

624 1020 785 1075 etiam
808 1018 1168 1076 intercedente
1186 1021 1323 1093 regis
1350 1020 1578 1089 decoeto,
1609 1020 1755 1093 cujus
1778 1021 2006 1077 maxime
2028 1024 2186 1077 inter-
2276 1022 2548 1081 delituisse
2564 1065 2581 1093 ,
2603 1037 2870 1082 recusante
2875 1038 3035 1102 petra
3059 1028 3280 1103 impiam
3283 1030 3448 1101 fidem
3468 1034 3606 1091 socii
3621 1039 3838 1111 perfidi,

624 1119 740 1163 erat
782 1108 1013 1164 nobilem
1057 1118 1274 1183 portum
1320 1108 1582 1165 vindicare
1616 1108 1683 1163 ab
1722 1106 1907 1164 infami
1950 1111 2185 1166 nomine.
2280 1130 2544 1187 quousque
2559 1113 2724 1169 simul
2739 1114 2892 1169 ambo
2914 1134 2970 1169 eo
2998 1115 3353 1172 convenientes
3375 1117 3670 1194 depositum
3693 1142 3840 1179 acce·

624 1197 763 1250 Nam
806 1196 909 1249 nisi
958 1197 1103 1267 regio
1138 1194 1291 1267 jussu
1306 1236 1321 1261 ,
1358 1195 1568 1251 difficile
1608 1194 1815 1251 videtur
1856 1198 2189 1269 pertinaciter
2270 1211 2499 1273 ρει-ωας
2511 1212 2682 1275 petrae
2698 1212 2872 1256 autem
2876 1202 3160 1275 proemium
3179 1204 3429 1259 remansit
3439 1204 3843 1279 laujusjustieioe

626 1280 863 1337 dicacem
922 1292 1205 1337 nautarum
1256 1282 1522 1338 nationem
1566 1281 1827 1337 abstinere
1874 1284 2106 1356 potuisse
2154 1303 2185 1339 a
2275 1304 2477 1343 nomen.

624 1369 829 1425 tamdiu
866 1372 1155 1425 inveterato
1192 1372 1406 1425 nominc
1434 1370 1693 1437 mordaci,
1730 1368 1891 1443 idque
1925 1373 2186 1443 pernicio-

622 1474 743 1513 sum
758 1459 1110 1531 acerbumque
1132 1458 1343 1514 salutari
1364 1460 1577 1514 nomine
1595 1459 1874 1529 mitigasse,
1898 1462 2183 1531 presertim

622 1546 903 1603 mulierum
939 1548 1187 1620 precibus
1225 1546 1361 1601 male
1401 1545 1725 1603 audientium
1761 1545 1833 1602 ob
1866 1546 2067 1603 Medeae
2111 1551 2184 1603 ci-

616 1644 755 1688 stam
792 1632 864 1687 ibi
910 1632 1230 1705 depositam,
1262 1644 1323 1687 ut
1356 1632 1490 1687 male
1521 1634 1577 1688 in
1624 1634 1769 1689 bunc
1796 1632 1939 1688 diem
1961 1632 2184 1689 audiunt

614 1718 871 1775 Thessalae
919 1718 1163 1774 muliera
1196 1720 1267 1777 ob
1308 1719 1493 1774 cistam
1535 1720 1972 1792 pharmacorum,
2022 1738 2181 1793 quam

610 1805 818 1877 fugiens
855 1804 1043 1861 Medea
1087 1805 1278 1877 abjecit
1306 1808 1365 1861 in
1400 1806 1759 1874 Thessaliam3
1808 1825 1979 1879 neque
2019 1808 2183 1863 modo

608 1894 825 1947 nomine
846 1891 1048 1947 Medeae
1061 1934 1080 1960 ,
1110 1892 1205 1947 sed
1226 1892 1385 1948 etiam
1409 1911 1467 1947 re
1488 1893 1602 1966 ipsa
1623 1894 1678 1947 in
1701 1893 1846 1947 hunc
1872 1892 2013 1948 diem
2044 1895 2180 1949 male

604 1979 832 2037 audiunt
856 1992 917 2037 ut
932 1980 1314 2055 pharmacides.
1388 1980 1649 2057 Equidem
1670 2000 1792 2036 cum
1815 1981 2180 2055 perlustrarem

605 2068 925 2123 The-saliam
942 2107 958 2136 ,
1008 2066 1419 2141 incidissemque
1468 2068 1523 2122 in
1588 2069 1959 2141 panegyricum
2018 2070 2178 2124 totius

611 2156 828 2212 Graeciae
850 2158 1161 2221 maximum,
1189 2155 1438 2211 celebrari
1462 2156 1745 2228 quotannis
1769 2155 1981 2211 solitum
1999 2174 2178 2211 mense

608 2245 755 2299 Maio
776 2242 917 2318 apud
936 2246 1113 2300 vicum
1126 2244 1885 2321 nuncupatumMoscolurum,
1904 2263 2013 2300 non
2024 2245 2179 2317 longe

608 2333 893 2390 distantem
928 2353 956 2389 a
987 2334 1252 2389 Pharsalia
1268 2373 1285 2401 ,
1316 2344 1653 2407 percontatus
1679 2351 1797 2388 sum
1836 2333 1903 2388 ab
1938 2332 2142 2407 hospite
2155 2374 2173 2401 ,

609 2440 742 2477 num
772 2432 945 2477 essem
970 2423 1026 2477 in
1052 2421 1319 2477 Thessalia
1344 2418 1737 2495 pharmacides3
1766 2420 1857 2491 qui
1884 2418 2175 2475 affirmabat

609 2508 889 2565 nonnullas
929 2526 1070 2577 esse,
1106 2526 1225 2582 quae
1266 2507 1423 2563 edere
1459 2506 1799 2563 crederentur
1844 2525 1951 2561 non
1999 2508 2173 2561 minus

609 2596 867 2651 mirabilia
890 2614 1049 2669 quam
1074 2595 1159 2649 illa
1182 2614 1299 2667 quae
1316 2594 1385 2650 de
1403 2592 1663 2650 Tboesalis
1686 2592 1994 2648 mulieribus
2011 2592 2173 2649 tradit

608 2686 890 2743 Lucianus.

598 2836 749 2889 XVI.
780 2838 860 2889 De
894 2831 1049 2887 saxis
1082 2843 1132 2886 et
1154 2831 1403 2886 cautibus
1435 2830 1636 2885 littoris
1653 2830 1872 2898 excelsi,
1904 2830 2170 2903 praerupti

660 2919 1090 2997 pmcipitisque,·
1116 2916 1182 2971 de
1220 2918 1466 2999 clavibus
1492 2917 1654 2973 Ponti
1675 2941 1697 2981 ,·
1722 2915 1786 2971 de
1806 2928 1966 2991 petra
2002 2916 2166 2972 nomi-

668 3019 796 3062 nata
828 3005 1029 3062 Dicaea.

1250 3131 1353 3191 Fr.
1398 3138 1496 3190 42.

670 3290 1058 3355 Pleas-muciam,
1077 3289 1253 3361 inquit
1264 3287 1568 3358 Dionysius,
1585 3286 2165 3357 subsequuntur-saxosa

602 3378 785 3432 littora
807 3388 858 3430 et
867 3374 1180 3450 praecipitia
1206 3372 1263 3427 in
1280 3390 1423 3427 mare
1446 3369 1815 3445 impendentia,
1836 3369 1981 3424 velut
2004 3369 2169 3424 visio·

601 3468 688 3517 nis
708 3462 992 3527 nexamine:
1011 3501 1027 3526 ,
1058 3478 1124 3514 ea:
1149 3478 1207 3513 eo
1228 3456 1372 3533 quod
1398 3456 1565 3511 oculis
1591 3454 1874 3525 flexibilem
1896 3468 2165 3530 aspectum

604 3548 885 3623 objiciant.
914 3546 1177 3622 Aperitur
1194 3544 1334 3601 enim
1352 3549 1553 3600 Pontus
1586 3554 1603 3581 ¹
1634 3554 1798 3598 tectus
1824 3542 2167 3599 eminentibus

596 3637 1003 3715 promontoriis,
1036 3635 1179 3692 nullo
1204 3632 1437 3709 amplius
1472 3630 1778 3709 impediente
1809 3652 1987 3689 verum
2018 3650 2167 3707 aspe-

601 3737 766 3782 ctum.
786 3724 941 3794 Quod
958 3723 1095 3781 enim
1117 3722 1295 3779 crebro
1296 3720 1433 3795 finis
1450 3738 1559 3775 esse
1574 3718 1804 3788 videtur,
1828 3718 1963 3776 idem
1982 3738 2166 3776 rue-sus

604 3814 873 3869 invenitur
887 3812 1233 3888 principium.
1256 3812 1448 3865 Postea
1464 3806 1631 3864 maris
1656 3806 1871 3862 latentis
1890 3806 2030 3862 visio
2046 3824 2164 3862 con-

600 3900 759 3955 ciliat
779 3899 933 3967 fidem
957 3896 1034 3955 rei
1050 3916 1166 3973 quoe
1190 3916 1291 3954 non
1318 3894 1637 3953 credebatur.
1712 3893 1823 3949 IIIa
1837 3904 2009 3949 autem
2024 3910 2163 3948 saxa

599 3998 653 4043 et
669 3999 848 4042 cautes
867 3985 1069 4042 littoris
1093 3985 1432 4041 nominarunt
1458 3982 1687 4048 Κλιῖδας
1706 3980 1795 4041 καὶ
1819 3982 2048 4061 Κλεῑθρα
2068 3986 2160 4041 τοῦ

596 4074 826 4149 Πόντου,
844 4074 940 4127 boc
965 4083 1063 4138 est,
1101 4071 1283 4128 Claves
1317 4085 1369 4128 et
1393 4074 1636 4131 Claustra
1664 4074 1837 4135 Ponti.
1876 4077 1999 4129 lam
2020 4092 2158 4149 pra·

598 4173 846 4232 tergm-rso
892 4162 1073 4216 Clam·
1114 4172 1361 4237 aspectus
1394 4163 1568 4233 magis
1610 4181 1767 4237 quam
1802 4163 1965 4218 Ponti
2010 4162 2159 4218 adest

586 4260 747 4325 petra
800 4246 857 4303 in
898 4257 1116 4303 acutam
1159 4246 1404 4303 verticem
1438 4248 1731 4318 fastigiata
1746 4290 1763 4314 ,
1803 4248 1952 4304 nucis
1986 4248 2158 4323 pineoe

593 4334 995 4393 smilitudinem
1012 4353 1196 4405 get-ens
1210 4375 1227 4403 ,
1258 4352 1375 4408 quoe
1404 4334 1589 4391 Dicoea
1602 4375 1619 4403 ,
1662 4335 1725 4392 id
1743 4348 1824 4392 est
1841 4339 2028 4404 Iusta,
2058 4354 2150 4392 no-

599 4422 832 4479 mittatur
854 4442 919 4478 ex
940 4441 996 4477 eo
1024 4420 1165 4497 quod
1184 4421 1487 4479 triremibus
1503 4423 1815 4494 navigantes
1843 4424 1899 4479 in
1924 4428 2151 4481 Pontum

670 4620 764 4673 Fr.
786 4620 875 4683 42.
906 4635 955 4671 1.
990 4614 1250 4691 Aperitur
1278 4615 1415 4671 enim
1430 4620 1653 4685 Pontus,
1682 4617 1819 4690 etc.]
1850 4618 2007 4672 Hunc
2024 4618 2150 4671 Dio-

599 4699 736 4772 nysii
751 4697 929 4754 locum
940 4694 1053 4768 jam
1088 4697 1261 4769 attigit
1280 4697 1481 4770 Gynioe
1502 4716 1557 4770 p.
1591 4699 1621 4752 8
1636 4738 1651 4763 ,
1678 4698 1976 4769 iterumque
2006 4696 2073 4751 dc
2090 4716 2155 4752 eo

598 4777 709 4847 agit
733 4774 869 4831 infra
896 4774 986 4849 (v.
1019 4774 1087 4829 fr.
1116 4772 1181 4829 53
1204 4778 1296 4845 a).

670 4873 725 4913 α.
758 4854 1066 4927 Dialitbra]
1092 4856 1301 4910 Nomen
1344 4855 1449 4909 hoc
1474 4852 1631 4913 etiam
1669 4872 1815 4910 nunc
1842 4856 1899 4909 in
1925 4872 2028 4911 usu
2056 4866 2154 4912 ωε.

600 4940 665 4991 In
695 4935 885 4992 tabulis
924 4935 1148 4989 nauticis
1192 4943 1409 4989 notatur
1435 4932 1503 4989 ad
1542 4936 1967 5006 promontorium
2011 4934 2159 5007 quod

595 5014 759 5069 Turci
795 5024 986 5070 vocant
1014 5012 1229 5069 Kiretclt
1270 5012 1499 5071 boue-nou
1544 5014 1623 5082 (i.
1651 5032 1700 5069 e.
1726 5013 2003 5069 calcarium
2031 5032 2156 5086 pro-

597 5093 963 5164 montorium)
997 5112 1031 5148 a
1048 5092 1325 5166 Therapiae
1356 5093 1477 5147 sinu
1514 5091 1651 5149 linea
1690 5102 1834 5149 recta
1870 5110 1961 5147 sex
1987 5091 2157 5147 stadia

596 5172 814 5228 distans.
862 5170 1069 5245 Gyllius
1105 5189 1233 5227 vero
1282 5170 1537 5226 Dialitbra
1577 5171 1753 5228 vallem
1788 5171 1895 5227 dici
1935 5172 2094 5227 refert
2125 5190 2155 5227 a

594 5250 869 5324 nmpiae
897 5251 1021 5307 sinu
1055 5251 1271 5307 nonnisi
1307 5250 1409 5307 500
1434 5268 1614 5325 passus
1629 5292 1646 5320 ,
1682 5253 1791 5308 sive
1816 5270 1883 5307 ne
1897 5244 2015 5307 'duo
2041 5252 2159 5325 qui-

593 5330 719 5385 dem
742 5328 911 5387 stadia
925 5370 943 5399 ,
968 5330 1207 5387 dissitam
1224 5370 1241 5399 ,
1272 5328 1497 5404 ideoque
1524 5332 1813 5387 valliculam
1838 5332 1978 5387 illam
2000 5331 2159 5401 signi-

594 5410 715 5466 ficat
742 5428 911 5484 prope
932 5429 1095 5483 quam
1135 5430 1281 5467 nunc
1314 5422 1482 5467 exstat
1507 5412 1757 5485 palatium
1789 5411 1937 5485 legati
1966 5410 2152 5485 gallici.

2346 1376 2685 1447 Quantopere
2713 1393 2798 1430 res
2822 1373 3065 1431 bumanae
3085 1377 3225 1433 inter
3241 1396 3298 1433 se
3319 1378 3568 1436 differant
3597 1379 3842 1439 felicitate

2272 1462 2540 1516 memorias
2565 1472 2619 1516 et
2637 1461 2952 1536 posteritatis
2967 1502 2984 1528 ,
3005 1480 3131 1518 cum
3151 1480 3220 1519 ex
3245 1464 3466 1521 urbibus
3495 1476 3549 1522 et
3572 1466 3722 1523 libris
3747 1487 3842 1525 an·

2272 1557 2357 1601 tea
2377 1545 2848 1603 animadverteram
2864 1588 2880 1615 ,
2912 1566 3142 1621 quorum
3173 1567 3282 1605 non
3313 1550 3584 1621 meliores,
3620 1554 3715 1609 sed
3741 1554 3838 1609 bo-

2270 1650 2402 1687 num
2423 1634 2632 1705 genium
2661 1634 2834 1689 sortiti
2859 1646 3212 1706 pervenerunt
3242 1633 3308 1690 ad
3345 1648 3592 1693 aeternam
3619 1643 3841 1713 posteri·

2270 1730 2430 1775 tatem
2447 1760 2463 1787 ,
2489 1732 2603 1775 tum
2633 1738 2808 1794 nuper
2833 1719 3160 1777 consideravi
3189 1740 3254 1777 ex
3279 1734 3426 1796 petra
3449 1726 3620 1781 Dicaea
3639 1766 3656 1793 ,
3687 1726 3838 1800 cujus

2268 1807 2489 1863 historia
2515 1826 2682 1881 usque
2705 1807 2776 1863 ad
2815 1808 2952 1863 hanc
2975 1808 3116 1864 diem
3144 1812 3396 1866 remansit
3419 1813 3476 1865 in
3501 1817 3758 1869 memoria
3786 1826 3840 1870 et

2266 1912 2511 1949 sermone
2530 1896 2956 1967 Bosporanorum
2969 1936 2985 1962 ,
3015 1913 3140 1951 cum
3183 1898 3436 1951 memoria
3469 1898 3694 1953 aliorum
3735 1918 3835 1955 no-

2270 1983 2476 2037 minum
2505 1981 2655 2053 longe
2689 1980 3013 2038 nobiliorum
3056 1979 3295 2037 funditus
3330 1982 3607 2041 interierit.
3683 1987 3837 2041 Nun-

2267 2085 2428 2140 quam
2456 2068 2814 2139 cognovissem
2854 2078 3058 2141 petram
3092 2070 3321 2124 Dicaeam
3340 2109 3355 2136 ,
3381 2070 3481 2124 nisi
3525 2068 3662 2125 sorte
3702 2073 3836 2127 inci·

2267 2152 2460 2208 dissem
2499 2154 2555 2207 in
2593 2172 2890 2209 sermonem
2932 2156 3254 2227 piscatorum
3282 2153 3350 2209 de
3387 2166 3536 2229 petra
3573 2158 3630 2211 in
3656 2156 3837 2213 littore

2264 2240 2366 2295 sita
2391 2239 2716 2295 narrantium
2745 2240 3016 2295 historiam
3053 2258 3213 2314 quam
3239 2251 3416 2297 narrat
3454 2244 3740 2315 Dionysius
3767 2244 3836 2300 de

2262 2338 2410 2401 petra
2450 2327 2650 2395 Dicaea,
2693 2346 2815 2401 quae
2857 2328 2948 2383 ubi
2987 2339 3043 2383 et
3075 2329 3242 2402 qualis
3285 2330 3384 2397 sit,
3425 2342 3608 2405 postea
3659 2332 3835 2389 dicam

2262 2434 2421 2489 quam
2444 2415 2741 2485 ostendero,
2759 2414 2902 2471 unde
2919 2417 3174 2489 incipiant
3189 2418 3381 2491 aperiri
3403 2419 3628 2475 claustra
3649 2423 3828 2477 Ponti.

2329 2506 2497 2578 Supra
2525 2504 2667 2560 littus
2692 2522 2938 2559 saxosum
2965 2515 3018 2559 et
3039 2505 3262 2583 rupibus
3288 2505 3556 2574 crebrum,
3582 2525 3714 2580 quas
3742 2528 3830 2565 ve·

2256 2593 2336 2649 lut
2361 2592 2564 2649 radices
2594 2595 2650 2648 in
2687 2612 2837 2648 mare
2857 2591 3145 2667 projiciunt
3174 2594 3295 2649 clivi
3339 2597 3588 2668 praempti
3619 2608 3674 2651 et
3695 2616 3831 2671 prae·

2256 2683 2438 2756 cipites
2451 2723 2466 2750 ,
2491 2701 2524 2737 a
2553 2684 2814 2756 Therapia
2839 2699 3146 2755 progressus
3167 2700 3286 2737 sum
3308 2685 3622 2755 quingentos
3648 2702 3832 2757 passus

2255 2787 2423 2843 usque
2449 2768 2518 2824 ad
2547 2770 2730 2825 vallem
2757 2786 2917 2842 quam
2950 2770 3124 2823 Graeci
3151 2768 3311 2824 hodie
3347 2768 3610 2842 appellant
3648 2770 3831 2827 Diali·

2256 2856 2378 2910 tlte-a
2399 2867 2418 2893 ²
2465 2866 2738 2928 corrupte,
2786 2857 2937 2928 quasi
2976 2846 3044 2905 τὰ
3077 2848 3328 2928 Κλεῖθρα.
3413 2854 3498 2909 ΑΙ)
3544 2854 3646 2910 hac
3698 2856 3831 2911 valle

2254 2945 2446 3018 aperiri
2479 2945 2664 3019 incipit
2685 2947 2886 2999 Pontus
2902 2984 2917 3010 ,
2949 2945 3249 3017 sensimque
3285 2942 3440 2998 latius
3467 2944 3721 3017 panditur
3748 2944 3832 3003 ul·

2254 3035 2417 3088 terius
2440 3033 2797 3107 pergentibus.
2871 3034 2986 3087 Ima
3021 3032 3183 3105 hujus
3215 3032 3358 3087 vallis
3385 3032 3625 3106 planities
3667 3034 3828 3088 mari·

2254 3120 2386 3174 tima
2397 3136 2543 3175 nunc
2563 3130 2641 3173 est
2661 3118 2816 3192 plena
2829 3120 3012 3186 vineis,
3037 3118 3166 3173 olim
3188 3118 3440 3186 aedificiis,
3463 3128 3525 3172 ut
3541 3118 3829 3174 ostendunt

2254 3205 2448 3260 rudera
2473 3222 2580 3259 non
2619 3204 2782 3260 modo
2809 3206 3069 3277 parietum
3085 3243 3103 3272 ,
3147 3203 3240 3259 scd
3265 3205 3422 3259 etiam
3457 3203 3827 3261 columnarum

2254 3307 2690 3347 marmorearum.
2729 3291 2881 3345 Hanc
2903 3290 3284 3368 ipsam-vallem
3307 3290 3448 3344 mille
3481 3308 3663 3364 passus
3687 3309 3822 3364 prae·

2253 3386 2542 3448 tergroesus
2583 3376 2772 3447 exigua
2813 3377 2999 3430 semita
3039 3377 3128 3430 vix
3149 3376 3308 3430 unius
3341 3374 3573 3430 hominis
3604 3393 3823 3448 capace,

2254 3473 2546 3519 transvena
2571 3462 2710 3519 inter
2731 3460 2961 3517 directos
2987 3471 3042 3516 et
3065 3461 3358 3535 praecipites
3397 3462 3557 3515 clivos
3584 3462 3824 3516 eminen-

2254 3561 2331 3606 tes
2356 3567 2518 3623 supra
2541 3550 2686 3603 littus
2709 3548 2936 3603 arduum
2962 3558 3017 3602 et
3050 3564 3284 3614 saxeum,
3311 3548 3526 3619 perveni
3551 3544 3621 3601 ad
3646 3547 3825 3601 locum

2251 3636 2563 3712 appellatum
2605 3635 2932 3705 Brologenem
2948 3633 2995 3702 ³,
3041 3631 3187 3689 unde
3223 3632 3358 3689 mibi
3389 3642 3564 3687 rectus
3600 3632 3824 3707 Bospori

2251 3728 2443 3784 canalis
2467 3746 2630 3801 usque
2649 3724 2719 3781 ad
2743 3728 2974 3782 Pontum
2997 3723 3424 3797 perspiciebatur,
3456 3732 3511 3776 et
3533 3722 3693 3777 simul
3711 3732 3822 3778 tota

2250 3825 2406 3887 porta
2435 3815 2592 3871 Ponti
2629 3812 2976 3885 aperiebatur,
3020 3822 3179 3883 atque
3215 3813 3416 3867 Pontus
3450 3810 3566 3883 ipse
3615 3819 3822 3867 tautum

2248 3912 2431 3975 patens
2457 3910 2712 3974 quantum
2758 3908 2910 3970 porta
2945 3896 3209 3969 retegebat
3224 3935 3241 3963 ,
3275 3895 3430 3967 longe
3465 3896 3822 3969 prospicieba-

2250 4002 2340 4043 tur
2359 3998 2504 4043 recta
2527 3988 2610 4043 via
2636 3996 2813 4061 petere
2837 3986 3040 4051 locum,
3068 3984 3161 4038 ubi
3176 3982 3332 4055 juxta
3351 3994 3558 4056 petram
3586 3984 3821 4039 Dicoeam

2250 4074 2585 4132 subsidebam
2613 4076 2669 4129 in
2696 4074 2862 4138 clim,
2891 4072 2986 4145 qui
3014 4072 3071 4126 in
3102 4069 3432 4126 altitudinem
3461 4072 3672 4127 circiter
3697 4088 3822 4126 cen·

2246 4172 2432 4218 tenum
2461 4178 2706 4235 passuum
2726 4179 2790 4215 ex
2817 4162 2952 4214 mari
2973 4159 3148 4214 editus
3169 4169 3302 4214 crat.
3375 4156 3510 4213 Inde
3535 4158 3809 4231 paululum

2246 4259 2510 4305 recreatus
2536 4250 2740 4305 surrexi
2775 4247 2844 4303 ad
2869 4246 3304 4304 considerandam
3325 4256 3530 4319 petram
3547 4286 3562 4313 ,
3591 4264 3662 4304 an
3685 4256 3820 4301 oeset

2244 4337 2330 4391 illa
2356 4338 2560 4403 Dicaea,
2591 4354 2752 4409 quam
2787 4333 3039 4389 describit
3071 4333 3374 4410 Dionysius.
3450 4332 3813 4405 circumspexi

2241 4442 2360 4479 eam
2397 4441 2580 4497 passus
2615 4423 2827 4477 circiter
2862 4421 3128 4491 sexaginta
3153 4418 3360 4474 ambitu
3393 4418 3671 4494 complecti
3688 4460 3704 4486 ‚
3731 4420 3813 4491 ip-

2248 4618 2452 4688 Reapse
2473 4616 2604 4670 binc
2619 4613 2854 4688 primum
2879 4612 3070 4666 lineam
3091 4621 3288 4665 rectam
3309 4628 3405 4684 per
3433 4613 3730 4683 Bosporum
3759 4612 3815 4670 in

2248 4697 2482 4750 Pontum
2501 4694 2695 4748 ducere
2709 4692 2850 4747 licet.
2872 4692 3126 4747 Fortassis
3145 4700 3316 4745 totum
3329 4690 3452 4745 litus
3469 4688 3615 4762 quod
3632 4690 3699 4744 ab
3718 4690 3818 4745 hac

2247 4773 2378 4829 valle
2391 4771 2459 4827 ad
2478 4772 2688 4827 Kimtclt
2701 4772 2931 4825 boumou
2943 4770 3192 4843 pertinet,
3209 4768 3270 4822 τὰ
3282 4766 3498 4840 Κλεΐθρα
3509 4766 3813 4826 vocabatur.

2322 4855 2376 4908 3.
2405 4850 2759 4922 Bmlogenem]
2785 4850 2886 4905 Hic
2907 4849 3054 4905 locus
3069 4858 3123 4904 et
3148 4849 3324 4903 Dicaea
3342 4858 3492 4920 petra
3516 4846 3808 4905 secundum

2250 4932 2410 5005 Gyllii
2453 4948 2722 4986 mensuras
2767 4928 2836 4985 ad
2891 4928 3107 4984 Kiretch
3161 4928 3394 4982 bour-nou
3445 4924 3682 4981 fuerunt.
3725 4920 3809 4979 Cf.

2247 5013 2564 5067 Hammerus
2587 5030 2642 5084 p.
2673 5014 2774 5075 244
2809 5028 2823 5066 :
2865 5034 2887 5057 ι
2922 5008 3193 5065 Zwiscben
3207 5004 3474 5061 -Kioedsclt
3499 5005 3670 5058 but-nu
3705 5001 3814 5056 und

2247 5088 2549 5161 Kefili·Koi
2563 5092 2695 5161 zeigt
2715 5090 2828 5143 sich
2849 5088 2948 5143 auf
2967 5087 3064 5142 der
3079 5086 3270 5141 halben
3289 5086 3461 5141 Hoehe
3483 5086 3576 5139 des
3599 5083 3814 5139 aufstei-

2245 5170 2455 5243 genden
2489 5166 2902 5240 Fclsengestades
2937 5168 3023 5222 ein
3056 5164 3438 5237 abgerundeter
3471 5161 3642 5216 durch
3671 5161 3814 5216 seine

2247 5250 2448 5307 Gestalt
2465 5248 2912 5322 ausgeaeicbneter
2929 5264 3134 5318 grosser
3157 5245 3340 5300 Felsen
3353 5284 3370 5311 ,
3393 5241 3623 5297 welcher
3643 5240 3814 5299 sehon

2246 5348 2343 5385 zur
2361 5330 2476 5384 Zeit
2491 5326 2582 5383 de·
2594 5328 2876 5401 Dionysius
2899 5344 3005 5381 von
3027 5328 3230 5398 Byzanz
3251 5322 3348 5378 der
3367 5320 3600 5393 ger-echte
3629 5320 3774 5375 stein
3788 5357 3806 5386 ,

2247 5410 2395 5481 πέτρα
2415 5408 2605 5475 δικαία,
2629 5408 2782 5461 hioes.
2817 5430 2840 5454 ι
