4584 6284
1651 369 1755 430 me:
1795 367 2069 430 ToTan
2109 367 2333 430 onnls
2372 367 2959 430 DESCRIPTIONE.

3753 369 3895 448 xlvij

697 503 994 568 vicarium
1041 501 1504 564 Britanniamm
1547 500 1768 575 fuisse;
1817 499 1984 582 atqui
2035 505 2256 563 auctor
2341 503 2553 563 Testes
2606 497 2847 562 interea
2898 498 3037 578 ejus
3092 498 3183 562 rei
3242 505 3387 562 sunt
3432 505 3561 562 tam
3606 501 3789 564 multi
3834 509 3901 566 et

697 593 801 656 hic
826 593 904 655 de
923 589 1244 654 Britannia
1265 593 1562 670 tanquam
1587 587 1704 650 sibi
1729 589 2034 670 incognita
2055 589 2254 673 loqui·
2341 587 2547 670 magni
2570 587 2845 652 nominis
2868 587 3161 668 sophistae
3176 633 3195 667 ,
3220 605 3377 669 quos
3394 587 3515 652 hac
3530 593 3901 670 tempestate

695 687 797 744 tur
829 699 846 743 ε
883 681 1253 755 Britannia,
1295 675 1528 758 inquit,
1566 681 1915 756 provincia,
1957 681 2114 740 sieut
2149 682 2256 758 qm·

689 768 936 847 suerunt
955 772 1219 829 nonant
1227 812 1250 843 ,
1271 765 1455 827 valde
1471 769 1740 827 maxima
1751 785 1780 842 ,·
1795 765 1912 828 nisi
1927 764 2250 848 posthunc

695 853 985 918 libellum
1041 870 1190 917 eum
1238 852 1620 916 Britanniam
1663 852 1886 918 adiisse
1933 859 2246 936 putemus.

782 967 816 1004 α
853 941 1184 1024 Religione
1214 957 1524 1022 paganum
1553 959 1620 1006 se
1663 939 1896 1026 ubique
1921 941 2250 1006 manifeste

693 1039 912 1098 auctor
945 1030 1192 1117 prodit,
1221 1031 1447 1114 partim
1477 1031 1624 1114 quia
1659 1029 1740 1096 de
1779 1031 2040 1096 deorum
2077 1033 2252 1098 cultu

695 1122 931 1206 passim
957 1139 1142 1202 agere
1159 1118 1425 1184 instituit
1441 1119 1884 1203 (AEgyptiacam
1903 1129 1968 1186 et
1988 1123 2250 1186 Alexan·

698 1210 948 1275 drinam
967 1207 1470 1292 superstitionem
1489 1208 1922 1286 commendat3
1941 1210 2249 1276 Mercurio

699 1301 1018 1363 literarum
1034 1344 1053 1378 ,
1081 1295 1444 1379 AEsculapio
1475 1295 1806 1362 medicinae
1827 1344 1844 1375 ,
1870 1299 2064 1362 Musis
2089 1299 2250 1364 bene

699 1387 966 1453 canendi
1009 1384 1366 1450 facultatem
1395 1391 1460 1448 et
1484 1385 1824 1466 originem,
1859 1389 2087 1452 Veneri
2129 1388 2251 1453 for·

697 1475 1005 1539 mositatis
1022 1472 1214 1537 decus
1235 1471 1488 1548 tribuit3
1513 1473 1890 1556 theologiam
1913 1478 2248 1559 mythicam

697 1564 1012 1647 sequitur3
1057 1560 1347 1642 Homeri,
1391 1561 1636 1644 Virgilii
1666 1561 1902 1628 fabulas
1939 1567 2245 1648 premit),

695 1651 920 1735 partim
949 1649 1098 1732 quia
1127 1648 1206 1711 de
1235 1648 1494 1731 paganis
1517 1649 1743 1714 ritibus
1769 1655 1902 1715 tum
1931 1651 1998 1716 in
2035 1655 2245 1736 Syria,

691 1736 1114 1816 Alexandriae,
1143 1737 1362 1800 Romae
1410 1736 1716 1802 stantibus
1751 1743 1848 1804 ter
1893 1746 2112 1822 quater
2139 1761 2250 1805 ve-

689 1827 842 1893 ctari
869 1825 1136 1901 videtur,
1167 1824 1360 1889 veluti
1387 1823 1468 1888 de
1493 1827 1736 1890 Venere
1770 1827 2078 1912 Heliopoli
2115 1839 2250 1894 tum

689 1914 1020 1996 magnifice
1043 1912 1244 1989 culta,
1275 1911 1356 1975 de
1381 1913 1644 1976 deorum
1669 1915 1842 1980 cultu
1860 1922 1922 1980 et
1939 1919 2252 2000 mysteriis

689 2010 752 2068 et
771 2001 1088 2085 Serapidis
1117 2000 1354 2085 templo
1378 2001 1768 2068 Alexandria
1797 2002 2102 2069 stantibus
2120 2052 2139 2086 ,
2171 2005 2250 2069 de

691 2111 868 2158 sacro
938 2090 1250 2170 virginum
1281 2155 1288 2165 ,
1323 2089 1666 2154 Vestalium
1731 2099 1794 2156 et
1851 2091 2250 2177 haruspicina

689 2183 906 2246 Romae
925 2177 1300 2260 vigentibus,
1325 2178 1406 2241 de
1429 2181 1578 2242 Jove
1595 2225 1614 2259 ,
1635 2179 1806 2258 Sole,
1831 2187 2028 2246 matre
2053 2185 2252 2248 Deum

693 2273 908 2333 Romae
953 2267 1188 2350 pariter
1241 2275 1380 2330 tum
1429 2266 1636 2331 cultis.
1676 2269 1754 2332 Et
1795 2275 2002 2335 tamen
2047 2273 2252 2336 Sacris

695 2357 1021 2440 scripturis
1067 2374 1214 2420 eum
1255 2356 1608 2419 incursasse
1639 2357 1843 2440 (quod
1882 2359 2104 2424 fecisse
2133 2362 2252 2425 hac

693 2447 1064 2528 tempestate
1085 2441 1396 2524 sophistas
1421 2443 1744 2507 Themistii
1771 2463 2022 2529 quoque
2049 2465 2252 2510 exem-

697 2533 806 2616 plo
833 2531 1098 2614 liquet),
1133 2530 1568 2612 compluribus
1598 2534 1977 2612 argumentis
1999 2533 2247 2616 collige,

692 2638 836 2704 quae
863 2621 930 2684 in
959 2637 1220 2684 censum
1245 2621 1352 2680 τῶν
1387 2621 1794 2699 συμπιπτόντων
1818 2622 1987 2688 haud
2009 2631 2138 2688 tam
2165 2624 2250 2690 t'a-

691 2711 814 2774 cile
843 2708 1114 2772 referam
1147 2727 1166 2770 z
1199 2705 1360 2772 adeo
1389 2707 1646 2789 quidem
1681 2715 1752 2772 ut
1778 2713 2078 2777 nonnulla
2103 2713 2250 2777 imi·

690 2805 856 2864 tatus
905 2795 1207 2874 videatur,
1267 2795 1556 2860 Julianeo
1598 2815 1778 2862 more
1795 2845 1814 2876 ,
1862 2799 1946 2864 ad
1999 2801 2252 2866 Sacram

689 2888 1058 2971 scripturam
1081 2884 1276 2968 impie
1303 2884 1772 2953 traducendam.

779 2999 810 3037 α
847 2973 1204 3058 sophistam
1246 2973 1346 3037 vel
1409 2973 1726 3039 rhetorem
1785 2975 2044 3041 indubie
2103 2997 2250 3042 eum

689 3067 878 3131 fuisse
905 3064 1106 3128 multa
1132 3062 1474 3146 loquuntur
1505 3083 1522 3127 τ
1551 3064 1758 3147 primo
1777 3070 1912 3129 tum
1937 3066 2072 3149 ipse
2095 3068 2252 3133 scri·

689 3152 879 3218 bendi
907 3151 1234 3216 character
1261 3155 1326 3214 et
1351 3152 1579 3234 κομψιίι
1599 3197 1616 3227 ,
1639 3157 1776 3216 tum
1799 3153 1936 3236 ipsa
1961 3177 2250 3234 ματαιοπ-

689 3241 814 3324 χνία
853 3239 1080 3304 ceteris
1121 3237 1420 3322 sophistis
1447 3239 1801 3318 familiaris,
1853 3240 2006 3305 dum
2049 3242 2247 3306 multa

689 3329 980 3394 videlicet
999 3327 1362 3407 μουσόληπτος
1383 3346 1461 3390 ex
1476 3330 1750 3392 Homero
1773 3328 1984 3414 (quem
2005 3335 2244 3413 patrem

692 3427 760 3484 et
789 3435 1008 3482 vocem
1037 3415 1462 3500 sophistarum
1488 3415 1808 3496 dixerunt,
1841 3421 2100 3502 σοφιστῶν
2129 3443 2246 3480 πα-

689 3509 820 3590 τέρα
845 3507 940 3568 καὶ
979 3506 1187 3590 φωνήν,
1213 3523 1292 3569 ex
1319 3523 1446 3588 quo
1483 3506 1780 3589 sophista
1808 3513 2146 3590 conceptus
2183 3515 2246 3572 et

689 3596 1036 3663 dictionum
1055 3603 1444 3660 venustatem
1466 3595 1848 3678 capiebant),
1873 3597 2070 3661 multa
2091 3596 2244 3661 item

691 3707 770 3751 ex
791 3685 1052 3767 Virgilio
1084 3683 1385 3762 desumit,
1435 3683 1632 3749 multa
1662 3684 1744 3750 de
1779 3686 2042 3750 deorum
2076 3685 2239 3764 vita,

695 3775 776 3838 de
811 3773 934 3837 diis
982 3777 1046 3836 et
1087 3771 1408 3836 divinitate
1453 3771 1520 3836 in
1549 3773 1866 3840 montibus
1885 3821 1902 3852 ,
1946 3773 2138 3838 veluti
2179 3773 2244 3836 in

693 3864 991 3948 Olympo,
1049 3863 1264 3938 AEtna,
1311 3861 1579 3939 Libau0‚
1631 3869 1917 3944 nugatur.
1979 3865 2242 3927 Dionem

691 3954 1050 4026 Prusoeum,
1081 3948 1588 4031 chrysostomum
1607 3997 1624 4027 ,
1654 3951 1978 4016 Libanium
1997 3997 2014 4028 ,
2058 3951 2248 4015 Julia-

691 4057 844 4104 num
859 4085 880 4120 ,
953 4035 1402 4114 Themistium,
1477 4040 1828 4122 Eunapium
1893 4041 1912 4124 (
1939 4040 2246 4122 sophistas

691 4128 938 4206 omnes)
979 4123 1226 4188 intuere
1245 4172 1267 4202 ,
1296 4124 1520 4190 eadem
1562 4129 1774 4192 omnia
1802 4127 2096 4210 reperies.
2143 4129 2250 4191 Se-

690 4214 898 4280 cundo
945 4213 1332 4298 sophisticen
1367 4215 1506 4296 ejus
1542 4223 1810 4298 arguunt
1839 4225 1968 4282 tam
2008 4218 2246 4283 crebrae

691 4303 1152 4371 observationes
1180 4302 1262 4366 de
1289 4302 1618 4368 literarum
1645 4303 2062 4370 inventoribus
2078 4352 2096 4382 ,
2147 4323 2248 4369 so·

696 4392 942 4479 phistis,
971 4391 1364 4477 philosophis
1383 4392 1690 4474 AEgyptiis
1713 4399 1776 4457 et
1791 4393 2244 4473 Alexandrinis,

698 4485 770 4549 de
793 4482 938 4548 viris
968 4479 1171 4547 doctis
1193 4479 1602 4563 Cappadocia
1621 4527 1640 4560 ,
1664 4480 1914 4546 Galatiae
1929 4529 1946 4559 ,
1969 4482 2244 4560 Achaiae,

697 4569 1004 4653 Hispaniae
1021 4613 1040 4647 ‚
1065 4566 1294 4631 Siciliae
1312 4612 1331 4646 ,
1362 4566 1586 4643 Cretae3
1605 4567 1838 4633 chartae
1857 4571 2042 4634 etiam
2065 4572 2252 4652 AEgy·

701 4660 912 4743 otiacae
949 4654 1414 4721 commendatio
1456 4673 1684 4736 magno
1728 4657 1933 4735 hiatu3
1975 4657 2252 4722 erudita-

697 4763 836 4814 !um
882 4765 994 4811 seu
1023 4745 1134 4830 (ut
1167 4747 1286 4830 ipsi
1313 4745 1730 4830 loquebantur
1763 4753 1828 4810 et
1849 4765 1998 4810 vero
2025 4747 2250 4810 Noster

693 4835 1005 4918 loquitur)
1022 4835 1255 4918 ἱστορίας
1282 4837 1434 4896 ἕνεκα
1461 4833 2064 4918 peregrinationum,
2093 4853 2240 4900 cum

693 4926 966 4988 maxime
989 4943 1135 4988 vero
1153 4925 1536 4989 Athenarum
1565 4943 1604 4988 a
1629 4923 1824 4988 literis
1847 4923 2248 4988 commenda·

691 5017 808 5089 20,
839 5030 984 5094 quae
1009 5012 1130 5076 hac
1155 5019 1522 5097 tempestate
1539 5059 1556 5090 ,
1583 5012 1635 5074 si
1661 5011 1912 5094 quando
1938 5029 2240 5094 unquam,

691 5100 1204 5168 consummanda
1242 5101 1547 5185 iuventuti
1595 5106 1661 5164 et
1695 5120 1734 5165 a
1777 5099 2074 5184 sophistis
2119 5101 2246 5162 fre-

689 5197 1031 5275 quentatae;
1069 5211 1258 5275 quam
1295 5192 1360 5254 in
1401 5209 1536 5254 rem
1574 5189 1640 5253 in
1667 5189 1832 5253 notis
1879 5190 2059 5272 plura
2087 5186 2234 5251 dixi.

2340 685 2647 740 memorat
2677 676 3027 758 Eunapius‚
3064 683 3129 740 et
3164 677 3231 738 in
3264 675 3363 739 his
3388 675 3703 754 Julianus,
3748 681 3905 744 Pro-

2340 765 2621 842 aeresius,
2670 763 3087 847 Epiphanius,
3140 764 3489 842 Musonius,
3544 767 3895 844 Himerius,

2337 855 2659 932 Libanius,
2692 853 2835 934 alii,
2874 851 3105 937 quibus
3136 851 3299 916 adde
3327 859 3391 916 et
3422 854 3779 933 Leontium;
3810 863 3903 922 te-

2338 942 2449 1006 stis
2464 942 2749 1008 Julianus
2774 941 3137 1026 imperator,
3158 940 3269 1026 qui
3292 939 3531 1004 ibidem
3556 941 3895 1022 institutus,

2336 1031 2465 1094 imo
2496 1030 2891 1112 inquinatus;
2914 1035 3109 1092 testes
3140 1029 3331 1092 etiam
3372 1029 3711 1094 ePatribus
3739 1051 3901 1096 non-

2338 1119 2523 1196 nulli,
2548 1118 2887 1202 Gregorius
2914 1117 3337 1182 Nazianzenus
3370 1116 3515 1202 (qui
3548 1123 3611 1180 et
3634 1120 3899 1184 Athenas

2336 1199 2551 1274 fureas
2582 1211 2701 1272 sibi
2718 1209 2919 1287 fuisse
2952 1206 3125 1288 ait),
3158 1205 3427 1270 Basilius
3463 1207 3891 1288 Caesariensis,

2338 1298 2416 1363 de
2446 1299 2675 1382 quibus
2720 1297 2901 1362 docte
2928 1295 3235 1361 Beronius
3273 1292 3341 1358 in
3378 1293 3744 1360 Annalibus.
3790 1299 3899 1362 His

2336 1387 2499 1451 adde
2536 1393 2601 1452 et
2625 1389 2997 1467 Berytenses
3027 1382 3507 1466 jurisconsultos
3536 1404 3551 1447 τ
3583 1391 3655 1448 ut
3690 1385 3901 1450 videas

2335 1475 2571 1559 ubique
2598 1475 2923 1538 literarum
2958 1473 3305 1537 studiosum
3334 1477 3399 1534 et
3426 1473 3791 1554 sophistam.
3824 1477 3901 1540 Et

2338 1583 2483 1627 sane
2524 1562 2665 1628 haec
2707 1563 2815 1626 illa
2862 1567 3013 1626 aetas
3046 1561 3445 1644 potissimum
3490 1561 3637 1637 fuit,
3684 1581 3809 1644 qua
3838 1573 3903 1628 et

2338 1652 2501 1716 inter
2522 1651 2789 1732 gentiles
2810 1649 3149 1733 sophistice
3164 1649 3505 1732 plurimum
3518 1649 3749 1730 viguit,
3772 1669 3901 1732 quo

2337 1739 2533 1821 magis
2557 1737 2853 1802 videlicet
2878 1736 3227 1802 Christiana
3268 1734 3427 1800 fides
3466 1735 3897 1802 invalesceret.

2336 1831 2427 1892 lta
2454 1827 2767 1892 scribendi
2798 1823 3183 1910 provinciam
3210 1823 3275 1888 in
3296 1825 3419 1889 hoc
3442 1831 3507 1888 et
3536 1823 3727 1889 simili
3750 1825 3900 1890 scri-

2342 1915 2528 1981 bendi
2572 1934 2802 1999 genere
2846 1914 3167 1996 exegetico
3184 1960 3203 1991 ,
3262 1913 3597 1993 historico,
3640 1912 3759 1977 sibi
3796 1933 3901 1978 so-

2339 2005 2561 2089 phistae
2584 2004 3007 2078 vindicarunt,
3040 2009 3113 2066 ut
3134 2001 3499 2084 ceteroquin
3522 2001 3901 2084 geographia

2338 2096 2789 2180 philosophicis
2824 2095 3049 2158 studiis
3096 2094 3429 2175 conjuncta
3458 2099 3570 2157 est.
3600 2095 3799 2172 Quare
3836 2101 3903 2158 et

2337 2183 2662 2247 historiam
2694 2183 2813 2267 ipsi
2840 2181 3143 2248 callentes
3184 2179 3451 2244 eandem
3494 2180 3767 2244 docuere
3801 2181 3898 2244 vel

2338 2271 2583 2353 scriptis
2610 2271 2799 2334 etiam
2822 2277 3197 2346 tractavere,
3224 2267 3317 2332 sic
3344 2274 3416 2331 ut
3436 2271 3490 2329 tv
3518 2266 3901 2350 συγγράμμασι

2338 2359 2435 2422 his
2454 2357 2858 2435 excellerent,
2882 2357 2973 2417 καὶ
2992 2357 3225 2439 ἱστορίαν
3240 2355 3415 2416 ἱκανοὶ
3434 2355 3900 2438 γράφεινςὶῐηπιο

2338 2446 2777 2528 geographiam
2810 2463 2921 2508 seu
2944 2442 3485 2528 cosmographiam
3506 2442 3603 2506 vel
3627 2442 3900 2507 maxime

2340 2543 2603 2599 tractare
2650 2537 2991 2616 potuerunt
3048 2532 3291 2595 duabus
3339 2529 3419 2594 de
3464 2527 3701 2606 causis,
3761 2536 3897 2593 tum

2340 2623 2489 2706 quia
2540 2620 2607 2685 in
2648 2619 3255 2706 peregrinationibus
3310 2619 3431 2703 ipsi
3470 2619 3701 2701 ἱστορίας
3744 2617 3898 2680 ἕνεκα

2340 2709 2571 2775 assidui
2600 2713 2842 2787 essent,
2880 2717 2943 2772 et
2986 2727 3024 2771 e
3062 2708 3361 2792 sophistis
3396 2705 3683 2770 nonnulli
3721 2730 3901 2788 περιο-

2338 2801 2516 2862 διῢται
2558 2818 2671 2864 seu
2716 2797 3083 2862 circuitores
3128 2797 3437 2881 perpetui.
3489 2795 3711 2858 Fidem
3751 2795 3902 2862 facit

2338 2905 2587 2972 quoque
2606 2886 2929 2964 AEthicus,
2956 2885 3179 2966 etipse
3208 2883 3491 2967 sophista
3520 2883 3676 2966 (quo
3708 2881 3897 2945 etiam

2336 2974 2591 3040 nomine
2618 2973 2935 3056 indigitari
2962 2973 3189 3054 solet),
3218 2971 3326 3056 qui
3346 2971 3901 3052 cosmographiam

2336 3073 2399 3128 et
2432 3065 2565 3147 ipse
2606 3061 2886 3145 scripsit,
2934 3062 3160 3138 immo,
3210 3061 3265 3124 si
3304 3059 3659 3124 Flodoardo
3692 3060 3900 3124 credi-

2335 3170 2499 3231 mus,
2518 3149 2911 3215 ltinerarium
2929 3147 3098 3232 quod
3118 3149 3303 3230 vulgo
3326 3147 3643 3212 Antonini.
3672 3149 3899 3230 Specta

2334 3239 2419 3303 sis
2440 3245 2503 3302 et
2524 3246 2849 3302 auctorem
2872 3237 3069 3300 libelli
3090 3236 3199 3320 qui
3221 3234 3534 3300 Breviario
3557 3234 3896 3299 Theodosii

2327 3325 2592 3408 iunioris
2618 3342 2729 3389 seu
2746 3324 2994 3388 Notitiae
3020 3322 3270 3404 imperii
3294 3321 3581 3386 subditus
3605 3328 3733 3397 est;
3756 3321 3899 3405 phi-

2332 3415 2663 3498 losophum
2708 3413 2765 3477 is
2806 3419 2871 3476 et
2920 3411 3263 3495 sophistam
3319 3429 3387 3474 se
3440 3411 3789 3493 profitetur,
3834 3419 3901 3474 et

2330 3514 2541 3571 tamen
2568 3503 2649 3569 de
2674 3503 2865 3568 rebus
2891 3500 3138 3567 bellicis
3168 3517 3353 3582 agere
3376 3498 3671 3580 sustinet,
3692 3496 3773 3562 de
3798 3497 3901 3562 in-

2330 3594 2605 3658 hibenda
2650 3592 2964 3672 largitate,
3010 3590 3089 3653 de
3126 3585 3345 3653 fraude
3395 3594 3459 3652 et
3503 3585 3897 3651 correctione

2332 3687 2633 3756 monetae,
2668 3679 2748 3742 de
2768 3677 3058 3760 judicum
3088 3675 3416 3760 pravitate,
3452 3673 3530 3737 de
3560 3671 3896 3738 relevando

2332 3769 2587 3834 militari
2611 3775 2867 3850 sumptu
2885 3814 2902 3843 ‚
2932 3767 3011 3829 de
3032 3764 3339 3829 machinis
3360 3761 3629 3843 bellicis,
3655 3761 3735 3824 de
3764 3761 3900 3825 bel·-

2333 3860 2455 3924 lico
2486 3863 2783 3942 apparatu
2805 3903 2823 3932 ,
2868 3857 2947 3920 de
2984 3855 3257 3919 limitum
3292 3851 3770 3928 munitionibus,
3816 3849 3897 3915 de

2332 3948 2541 4029 legum
2574 3947 2673 4010 vel
2695 3945 2857 4026 iuris
2886 3943 3253 4008 confusione
3281 3939 3607 4022 purganda
3642 3959 3659 4002 :
3701 3945 3775 4002 ut
3820 3957 3897 4002 ex

2330 4035 2431 4098 his
2455 4033 2751 4099 omnibus
2785 4033 2917 4113 jam
2945 4029 3160 4094 videas
3205 4028 3595 4112 potissimam
3640 4025 3797 4110 reip.
3838 4031 3901 4090 et

2334 4141 2545 4188 rerum
2572 4129 2749 4186 actus
2778 4127 3021 4203 partem
3060 4125 3123 4182 et
3147 4117 3245 4191 τὴν
3286 4115 3560 4188 πολιτικὴν
3588 4115 3896 4197 φιλοσοφίαν

2336 4213 2553 4297 (cujus
2610 4229 2760 4296 pars
2824 4217 2889 4274 et
2939 4205 3363 4290 geographia)
3422 4203 3732 4287 sophistas
3773 4204 3897 4266 hoc

2336 4302 2523 4366 etiam
2556 4319 2687 4365 aevo
2726 4299 2821 4363 sui
2845 4299 3007 4380 juris
3034 4295 3289 4374 fecisse,
3316 4292 3487 4377 quod
3520 4291 3803 4357 Julianus
3830 4291 3898 4353 in

2336 4389 2629 4475 Epistolis
2652 4389 2881 4452 diserte
2904 4387 2993 4451 ait
3023 4406 3038 4450 ε
3072 4385 3329 4467 Σοφισταὶ
3354 4383 3415 4442 τὸ
3436 4382 3575 4444 κατὰ
3603 4389 3737 4466 σφᾶς
3758 4369 3896 4440 εἶναί

2336 4501 2464 4562 φασι
2501 4474 2600 4550 τὴν
2642 4475 2917 4550 πολιτικὴν
2958 4474 3287 4558 φιλοσοφίαν.
3330 4473 3527 4547 Quare
3569 4475 3633 4532 et
3656 4470 3900 4550 politici

2338 4564 2531 4629 iidem
2557 4563 2709 4627 dicti
2729 4610 2747 4640 ‚
2784 4570 2846 4625 et
2878 4561 3145 4624 πολιτικὸν
3176 4575 3399 4622 eorum
3430 4557 3604 4638 Θρόνον
3634 4552 3897 4618 Athenis

2336 4653 2525 4718 fuisse
2546 4652 2799 4717 scimus.

2426 4763 2457 4802 α
2494 4740 2765 4805 Patriam
2789 4757 2965 4804 suam
3002 4736 3227 4800 nullibi
3256 4735 3361 4798 hic
3393 4739 3610 4798 auctor
3644 4727 3893 4814 prodit,

2337 4828 2509 4916 quod
2548 4837 2759 4894 tamen
2808 4829 2871 4890 in
2916 4823 3437 4907 cosmographico
3487 4828 3553 4884 et
3594 4816 3898 4882 historico

2334 4939 2525 5002 opere
2544 4919 2693 4982 satis
2710 4917 2941 4980 mirum
2959 4961 2975 4994 ,
3002 4915 3109 4978 ubi
3132 4914 3329 4977 ferme
3354 4907 3717 4992 scriptores,
3748 4923 3896 4968 cum

2333 5007 2413 5071 ad
2443 5005 2710 5090 patriam
2740 5004 3071 5067 deventum
3104 5008 3225 5078 est,
3260 5002 3397 5082 ejus
3424 4993 3767 5060 indicinam
3790 4989 3901 5055 ali-

2334 5113 2523 5180 quam
2566 5095 2770 5156 facere
2820 5090 3046 5154 solent.
3082 5091 3243 5153 Sane
3270 5106 3424 5158 cum
3466 5081 3627 5147 illud
3664 5080 3903 5161 liqueat

2332 5204 2457 5248 non
2506 5181 2973 5247 occidentalem
3012 5177 3205 5242 fuisse
3226 5227 3243 5260 ,
3280 5181 3409 5262 se&
3445 5169 3819 5242 orientalem
3847 5172 3910 5228 et
