4584 6284
780 496 892 547 5⁴6
2022 488 2704 559 CHRESTOMATmAE

771 622 841 686 ὧς
866 615 1226 697 μισοπόνηροι,
1244 616 1334 677 καὶ
1356 617 1518 676 πάλιν
1542 619 1765 688 εὗκόλως
1776 626 2073 704 χειροῦνται
2092 625 2182 684 καὶ
2207 627 2322 687 Boo·
2409 627 2752 697 lacessuntur,
2783 643 2966 706 utpote
3003 653 3291 708 pravorum
3329 661 3526 713 osores,
3573 660 3628 705 et
3670 652 3816 712 facile
3842 662 3965 717 item

767 707 993 765 λοῦνται.
1016 705 1125 766 Καί
1144 708 1243 764 εἰσι
1262 710 1366 765 τῶν
1381 703 1604 786 Ἰὅήρων
1628 707 2023 791 ῥωμαλεώτεροι
2036 713 2121 771 διὰ
2139 713 2205 773 τὰ
2215 716 2320 773 τῶν

769 795 1026 872 σωμάτων
1046 793 1260 873 μεγέθη·
1281 795 1593 855 καὶτούτων
1613 799 1660 857 οἱ
1683 802 2080 878 παρωκεανῖται
2100 804 2319 879 μᾶλλον.

761 885 879 944 Οὐκ
904 880 1181 962 ἀντέχουσι
1207 882 1261 944 δὲ
1291 882 1479 963 χρόνον
1506 883 1670 945 πολὺν
1709 888 2073 962 πολεμοῦντες·
2100 890 2190 950 καὶ
2216 890 2318 971 γὰρ

758 971 885 1051 πρὸς
908 970 1204 1047 Ῥωμαίους
1242 973 1497 1051 πολεμεῖν
1527 972 1750 1056 ἤρξαντο
1786 972 1992 1057 ὕστεροι
2030 981 2136 1037 τῶν
2169 978 2319 1052 ’1625-

754 1082 885 1207 Ξὲζῖ
911 1059 1897 1229 ἶῖῗῖτξῖιίἵξ“ῗοῖιέτῖἱτζῗῖαἷῖἷέἶὲ.
1911 1068 2317 1235 ,0Ξοῖᾆοῖἲῖἶῖ

750 1231 869 1295 οὔτε
890 1234 1010 1295 καθ’
1034 1234 1125 1295 ἵνα
1147 1234 1325 1309 τόπον,
1350 1236 1488 1297 ἀλλὰ
1510 1237 1645 1297 κατὰ
1668 1238 1840 1299 πολλὰ
1868 1245 1959 1314 τῆς
1996 1243 2199 1325 χώρας,
2223 1245 2316 1304 καὶ

754 1320 940 1383 ἄλλοτε
967 1324 1205 1403 ἀλλαχοῦ
1221 1369 1237 1396 ,
1262 1324 1673 1406 δυσαλωτότεροι
1702 1327 1989 1407 γεγόνασιν.

832 1431 903 1471 1³.
932 1407 1067 1473 Ὅτι
1080 1416 1186 1471 τῶν
1210 1412 1466 1474 Γαλατῶν
1490 1416 1537 1472 οἱ
1562 1414 1755 1491 Βέλγαι
1783 1418 2135 1497 ἀνδρειότατοί
2164 1422 2311 1495 εἶσιν,

752 1499 823 1565 εἰς
853 1497 915 1560 ιε’
936 1498 1059 1573 ἔθνη
1088 1498 1417 1581 διῃρημένοι·
1444 1502 1640 1562 οἰκοῦσι
1668 1503 1724 1563 δὲ
1757 1506 1951 1583 μεταξὺ
1980 1512 2073 1567 τοῦ
2119 1506 2311 1579 Ῥήνου

750 1586 843 1645 καὶ
872 1592 968 1646 τοῦ
995 1587 1238 1668 Λίγειρος
1266 1589 1656 1668 παρωκεανῖται
1678 1588 1840 1661 ὄντες.
1888 1595 1994 1655 Καί
2012 1598 2142 1655 εἰσιν
2168 1586 2312 1658 οὗτοι

750 1682 858 1745 τοῖς
884 1677 1171 1757 Γερμανοῖς
1197 1678 1421 1755 γείτονες
1448 1678 1539 1737 καὶ
1566 1678 1659 1751 τὴν
1688 1679 1855 1755 ἄλλην
1883 1682 2086 1743 δίαιταν
2114 1685 2304 1762 ὅμοιοι.

754 1762 863 1822 Καὶ
885 1762 973 1822 διὰ
1010 1763 1107 1833 τὴν
1131 1765 1235 1821 τῶν
1276 1768 1536 1843 γυναικῶν
1574 1767 1834 1827 εὗτεκνίαν
1882 1772 1951 1838 εἰς
1976 1770 2029 1830 λ’
2055 1771 2310 1853 μυριάδας

749 1846 809 1907 τὸ
838 1852 941 1908 τῶν
971 1851 1182 1929 Βελγῶν
1216 1848 1489 1924 ἐξητάζετο
1525 1854 1757 1936 μάχιμον
1797 1859 2015 1931 πλῆθος.
2048 1861 2307 1942 Σαγηφο-

738 1943 897 2016 ,ροῦσι
926 1940 979 1997 δὲ
1023 1939 1113 1999 καὶ
1160 1946 1544 2024 κομοτροφοῦσι
1578 1945 1667 2004 καὶ
1702 1946 2029 2028 χαμαιεῦναί
2071 1950 2172 2009 εἶσι
2215 1950 2306 2011 καὶ

746 2026 1042 2110 κρεωφάγοι
1090 2029 1181 2088 καὶ
1222 2032 1637 2109 γαλακτοπόται·
1679 2034 1772 2094 καὶ
1825 2041 1860 2109 ἡ
1914 2036 2069 2119 χώρα
2121 2062 2306 2114 κτηνο-

746 2114 933 2195 τρόφος
978 2116 1099 2177 συσὶ
1126 2118 1218 2179 καὶ
1242 2118 1555 2200 ’προδάτοιᾳ
1661 2121 1799 2185 Ἀντὶ
1826 2124 1881 2184 δὲ
1906 2124 2143 2205 χιτώνων
2181 2150 2301 2209 σχι-

746 2202 899 2269 στοὺς
936 2203 1269 2285 χειριδωτοὺς
1321 2213 1537 2289 φοροῦσι
1583 2210 1741 2293 μέχρι
1800 2217 2032 2292 γλουτῶν
2076 2216 2167 2276 καὶ
2220 2220 2304 2278 αἰ-

744 2290 919 2354 δοίων.
1020 2293 1089 2354 Ἥ
1146 2296 1191 2354 δ’
1250 2297 1372 2377 ἔρέα
1429 2300 1601 2367 αὐτοῖς
1652 2310 1876 2382 τραχεῖα
1928 2304 2045 2381 μὲν,
2103 2306 2301 2386 μακρό-

743 2382 942 2455 μαλλος
966 2382 1052 2458 δὲ,
1085 2384 1173 2464 ἀφ’
1200 2377 1265 2457 ἧς
1300 2385 1419 2453 τοὺς
1442 2387 1615 2457 δασεῖς
1643 2390 1836 2470 σάγους
1862 2389 2183 2474 ἐξυφαίνουσι
2209 2394 2302 2455 καὶ

740 2473 807 2549 τῇ
832 2468 1034 2550 Ἰταλία
1063 2472 1207 2553 πάσῃ
1230 2480 1547 2555 χορηγοῦσιν
1585 2478 1665 2537 ἐπ’
1690 2478 1977 2562 ἕμπορείᾳ,
2016 2482 2107 2541 καὶ
2146 2482 2211 2541 τὰ
2238 2485 2298 2543 ἐκ

736 2559 843 2616 τῶν
866 2560 1002 2617 συῶν
1028 2558 1251 2641 ταρίχη.
1297 2558 1595 2641 Ὁπλισμὸς
1618 2564 1671 2623 δὲ
1692 2566 1933 2649 μάχαιρα
1954 2570 2157 2650 μακρὰ,
2188 2593 2300 2629 πα-

738 2644 1037 2724 ρηρτημένη
1065 2648 1213 2727 παρὰ
1231 2646 1291 2709 τὸ
1316 2649 1478 2721 δεξιὸν
1506 2654 1749 2735 πλευρὸν,
1778 2654 1868 2715 καὶ
1887 2656 2064 2737 θυρεὸς
2098 2659 2297 2740 μακρὸς

732 2733 822 2791 καὶ
850 2733 1040 2815 λόγχαι
1065 2733 1202 2794 κατὰ
1230 2736 1386 2815 λόγον
1423 2737 1517 2798 καὶ
1543 2740 1791 2820 μάδαρις,
1822 2746 2028 2804 παλτοῦ
2056 2769 2107 2804 τι
2134 2737 2285 2817 εἶδος.

729 2814 891 2881 Ἐστι
922 2822 979 2879 δέ
1003 2845 1053 2880 τι
1081 2821 1175 2882 καὶ
1216 2824 1431 2906 γρόσφῳ
1468 2826 1631 2893 ἐοικὸς
1657 2828 1805 2897 ξύλον
1824 2876 1841 2905 ,
1870 2833 1929 2890 ἐκ
1954 2832 2166 2912 χειρὸς,
2201 2838 2296 2896 οὔκ

726 2908 780 2979 ἐξ
811 2909 1072 2987 ἀγκύλης,
1103 2912 1416 2993 ἀφιέμενον,
1448 2917 1864 3000 τηλεὸολώτερον
1894 2922 1985 2981 καὶ
2013 2922 2224 3001 βέλους,
2248 2918 2294 3007 ᾧ

730 2999 967 3075 μάλιστα
995 3002 1086 3061 καὶ
1115 3000 1245 3083 πρὸς
1266 3001 1361 3072 τὰς
1387 3007 1492 3063 τῶν
1517 3005 1705 3087 ὀρνὲων
1732 3013 1967 3089 χρῶνται
1992 3010 2176 3091 θήρας.
2221 3016 2294 3074 Αἱ

733 3086 788 3146 δὲ
826 3086 913 3155 ὗες
945 3091 1119 3158 αὖτοῖς
1168 3090 1260 3149 καὶ
1306 3094 1681 3174 ἀγραυλοῦσιν,
1722 3096 1843 3180 ὕψει
1879 3097 1972 3158 καὶ
2005 3099 2157 3179 τάχει
2201 3101 2294 3160 καὶ

726 3175 865 3256 ἀλκῇ
897 3175 1262 3257 διαφέρουσαι·
1293 3178 1525 3249 κίνδυνος
1546 3182 1592 3240 δ’
1610 3182 1719 3243 ἐστὶ
1746 3187 1823 3265 τῷ
1849 3183 1999 3257 ἀήθει
2024 3188 2292 3266 προσιόντι

724 3262 943 3331 ταύταις
957 3310 974 3338 ,
997 3264 1253 3336 ὡσαύτως
1274 3265 1373 3326 ’καὶ
1402 3268 1570 3349 λύκῳ.

807 3370 885 3413 1⁴.
925 3350 1056 3414 Ὅτι
1082 3352 1231 3435 παρὰ
1258 3364 1393 3415 πᾶσι
1422 3357 1642 3425 Κελτοῖς
1669 3356 1790 3438 τρία
1827 3358 2166 3437 γένηέντιμα
2195 3364 2291 3421 αὖ·

726 3447 834 3508 τοῖς
875 3444 993 3501 ἐστι
1022 3442 1279 3519 μάλιστα·
1313 3443 1513 3523 Βάρδοι
1538 3468 1626 3517 τε,
1650 3446 1870 3518 ποιηταὶ
1896 3444 2039 3515 ὄντες
2085 3446 2287 3526 ὕμνων,

727 3528 821 3587 καὶ
846 3528 1078 3603 Οῧάται,
1104 3529 1355 3611 ἱεροποιοὶ
1378 3529 1468 3591 καὶ
1498 3532 1811 3613 φυσιολόγοι,
1834 3532 1926 3593 καὶ
1946 3534 2170 3615 Δρυΐδαι
2196 3536 2294 3620 [οἳ]

732 3616 861 3697 πρὸς
876 3622 945 3699 τῇ
973 3621 1279 3702 φυσιολογίᾳ
1295 3625 1389 3680 καὶ
1408 3620 1505 3693 τὴν
1524 3620 1709 3695 ἠθικὴν
1729 3624 2031 3705 φιλοσοφίαν
2058 3627 2291 3704 ἀσκοῦσι,

732 3706 1050 3767 δικαιότατοι
1077 3709 1427 3787 νομιζόμενοι.
1461 3708 1779 3792 Ἀφθάρτους
1805 3711 1860 3771 δὲ
1883 3711 1977 3781 τὰς
2004 3713 2178 3795 ψυχὰς
2200 3706 2294 3777 οὗ·

728 3816 809 3854 τοι
852 3794 1091 3875 λέγουσιν
1138 3787 1270 3857 εἶναι
1302 3797 1394 3858 καὶ
1435 3797 1531 3859 τὸν
1566 3800 1761 3879 κόσμον
1781 3847 1799 3878 ,
1845 3802 2212 3882 ἐπικρατήσειν
2235 3804 2295 3867 δέ

725 3906 854 3944 ποτε
895 3884 988 3946 καὶ
1033 3892 1140 3968 πῦρ
1168 3885 1260 3947 καὶ
1287 3888 1453 3968 ὕδωρ.
1536 3890 1627 3965 Τῷ
1663 3889 1719 3951 δὲ
1760 3890 1912 3972 ἁπλῷ
1954 3890 2045 3951 καὶ
2092 3897 2294 3973 θυμικῷ

724 3971 859 4031 πολὺ
886 3974 948 4034 τὸ
974 3972 1193 4047 ἀνόητον
1220 3973 1311 4034 καὶ
1340 3976 1643 4047 ἀλαζονικὸν
1661 3978 1909 4058 πρόσεστι
1934 3986 2042 4047 τοῖς
2069 3980 2291 4049 Γάλλοις

721 4058 814 4119 καὶ
859 4059 919 4119 τὸ
952 4060 1294 4140 φιλόκοσμον,
1326 4068 1711 4145 χρυσοφοροῦσι
1732 4063 1863 4144 γὰρ,
1910 4063 2032 4146 περὶ
2062 4064 2157 4142 μὲν
2180 4075 2289 4136 τοῖς

720 4149 1006 4229 τραχήλοις
1049 4149 1333 4230 στρεπτὸν,
1363 4152 1488 4234 περὶ
1512 4150 1568 4210 δὲ
1608 4159 1715 4219 τοῖς
1768 4152 2015 4233 βραχίοσι
2061 4154 2152 4213 καὶ
2180 4164 2286 4224 τοὶς

719 4240 940 4316 καρποῖς
958 4238 1137 4320 ψέλια·
1161 4242 1254 4297 καὶ
1282 4240 1494 4311 ἐσθῆτες
1522 4242 1696 4308 αὐτοῖς
1732 4247 1839 4308 τοῖς
1882 4238 2115 4323 ἄρχουσι
2142 4264 2279 4324 χρυ-

720 4323 994 4388 σόπαστοι.
1028 4325 1137 4387 Καί
1164 4327 1293 4386 εἰσιν
1328 4326 1581 4409 ἀφόρητοι
1600 4325 1697 4405 μὲν
1725 4332 1996 4409 νυιῶντες,
2022 4330 2283 4407 ἡττηθέν-

717 4434 803 4477 τες
830 4410 885 4471 δὲ
907 4410 1213 4487 ἔκπληκτοι.

802 4518 874 4559 15.
902 4494 1032 4560 'Ort
1056 4497 1227 4560 ἔναντι
1252 4506 1357 4562 τῶν
1379 4506 1470 4562 τοῦ
1496 4501 1733 4583 Λίγειρος
1776 4508 2018 4582 ποταμοῦ
2046 4506 2275 4567 ἔκὸολιῗιν

716 4586 875 4659 νῆσός
896 4588 1007 4645 ἐστι
1033 4588 1196 4668 μικρὰ
1212 4634 1232 4666 ,
1260 4590 1320 4649 οὖ
1347 4589 1482 4650 πάνυ
1519 4590 1776 4669 πελαγία,
1826 4592 1882 4649 ἒν
1912 4594 1987 4674 τῷ
2015 4593 2233 4677 ὠκεανῷ
2253 4638 2271 4672 ,

718 4676 770 4732 ἐν
799 4666 839 4753 ᾖ
866 4679 969 4735 τῶν
995 4679 1276 4755 Σαμνιτῶν
1307 4682 1362 4737 αῖ
1391 4682 1628 4757 γυναῖκες
1646 4724 1665 4753 ,
1697 4678 1911 4761 Βάκχαι
1932 4684 2009 4761 τῷ
2038 4681 2275 4765 Διονύσῳ

712 4763 1069 4844 κατεχόμεναι
1087 4812 1103 4837 ,
1144 4766 1395 4842 οἰκοῦσιν,
1437 4764 1798 4846 ἱξιλεούμεναι.
1836 4766 1922 4827 τὸν
1966 4770 2104 4832 θεόν.
2189 4775 2271 4833 Οὔ

712 4848 862 4927 θέμις
892 4852 939 4910 δ’
966 4850 1250 4913 ἕπιὸαίνειν
1295 4853 1459 4934 ἄνδρα
1504 4859 1595 4929 τῆς
1638 4855 1834 4929 νήσου,
1866 4858 1919 4915 αἱ
1954 4858 2008 4918 δὲ
2036 4859 2273 4937 γυναῖκες

711 4938 1085 5000 ἀντιπλέουσαι
1114 4943 1175 5002 ἐκ
1199 4947 1293 5016 τῆς
1322 4942 1479 5016 νήσου
1510 4943 1852 5025 συνέρχονται
1876 4947 1983 5015 τοῖς
2007 4947 2271 5030 σφετέροις

711 5027 932 5107 ἀνδράσι
958 5030 1049 5088 καὶ
1074 5030 1236 5090 πάλιν
1266 5030 1483 5090 ἀπίασιν
1506 5034 1577 5100 εἰς
1606 5031 1698 5104 τὴν
1726 5036 1906 5106 νῆσον.

706 5237 769 5291 p.
809 5225 932 5292 196,
958 5225 1113 5277 BCD.
1161 5240 1284 5295 197,
1318 5230 1395 5281 A.
1428 5226 1802 5298 μακρόμαλλος]
1836 5226 2147 5301 ἆκρόμαλλος
2178 5248 2265 5284 co·

704 5310 836 5366 dex;
892 5303 1097 5375 μάδαρις
1140 5304 1221 5359 vel
1260 5306 1484 5379 μάταρις]
1530 5308 1702 5379 μάαρις
1749 5308 1934 5364 codex.
1990 5312 2011 5381 11
2057 5340 2129 5351 -
2177 5314 2259 5376 14.

2409 714 2711 787 domantur,
2739 720 3207 799 subjuganturque.
3280 730 3418 787 Sunt
3440 746 3614 793 autem
3633 743 3876 818 Hispanis
3893 750 3965 806 ob

2409 807 2823 877 magnitudinem
2853 815 3095 885 eorporis
3125 816 3477 889 robustiores,
3501 836 3556 880 et
3579 846 3688 901 prae
3709 838 3890 892 ceteris
3923 841 3964 895 ii

2407 891 2496 961 qui
2507 888 2659 961 juxta
2686 893 2958 949 Oceanum
2985 895 3207 970 degunt.
3296 904 3544 964 Ceterum
3569 911 3706 971 bello
3730 936 3840 976 non
3869 924 3966 979 diu

2403 979 2674 1047 resistuntg
2707 1000 2831 1037 nam
2856 982 3106 1041 adversus
3143 990 3437 1061 Romanos,
3463 1000 3632 1055 serius
3666 1021 3826 1077 quam
3867 1013 3965 1067 Hi..

2402 1067 2550 1139 spani
2571 1067 2870 1141 belligerare
2891 1086 3183 1146 emper-unt,
3203 1079 3408 1150 priores
3431 1093 3608 1142 tamen
3624 1088 3772 1147 fuere
3785 1096 3965 1169 subju.

2402 1155 2520 1223 gati.
2596 1156 2815 1229 Hispani
2844 1176 2970 1214 vero
3005 1179 3113 1216 non
3140 1165 3399 1222 universis
3423 1170 3623 1229 viribus
3646 1176 3784 1234 sicut
3807 1183 3962 1253 Galli,

2405 1260 2571 1315 neque
2591 1263 2702 1299 uno
2720 1247 2775 1300 ih
2794 1245 2912 1304 loco
2934 1249 3310 1323 depugnabant
3328 1295 3345 1323 ,
3374 1258 3466 1313 sed
3486 1260 3541 1315 in
3561 1261 3688 1318 locis
3715 1269 3892 1326 multis
3911 1285 3966 1330 et

2403 1334 2524 1386 a''as
2551 1335 2671 1388 alibi
2687 1374 2704 1401 ,
2735 1349 3056 1412 quapropter
3081 1340 3348 1398 difficilius
3375 1347 3533 1403 subdi
3550 1362 3858 1422 potuerunt.

2476 1421 2559 1475 13.
2599 1420 2642 1474 E
2663 1422 2826 1478 Gallis
2842 1427 2936 1497 qui
2961 1427 3130 1500 Belga
3151 1444 3410 1490 vocantur
3432 1435 3704 1496 fortissimi
3730 1456 3854 1500 sunt
3868 1486 3884 1513 ,
3908 1449 3966 1504 in

2377 1587 2382 1591 .
2401 1507 2702 1579 quindecim
2722 1513 2960 1568 nationes
2988 1515 3164 1572 divisi.
3186 1519 3440 1578 Habitant
3457 1537 3635 1582 autem
3659 1530 3802 1586 inter
3825 1536 3966 1591 Rhe-

2395 1864 2462 1919 lia
2500 1878 2804 1923 censeretur
2833 1869 3109 1942 Belgarum
3153 1876 3472 1946 multitudo,
3511 1883 3604 1953 qui
3645 1902 3794 1941 arma
3822 1888 3964 1945 ferre

2393 1967 2621 2026 possent.
2722 1958 2866 2029 Sagis
2895 1961 3212 2032 vestiuntur,
3242 1984 3305 2020 ae
3331 1985 3510 2023 eomas
3537 1974 3802 2045 nutriunt,
3832 1978 3962 2034 dor·

2394 2042 2567 2098 miunt
2588 2043 2769 2111 humi,
2801 2057 3088 2103 vescuntur
3114 2051 3364 2107 cunibus
3390 2065 3443 2109 et
3463 2067 3598 2128 potu
3626 2058 3798 2120 lactis.
3849 2068 3959 2122 Eo-

2395 2148 2514 2184 rum
2541 2131 2689 2203 regio
2711 2148 2832 2187 sues
2853 2142 2908 2188 et
2925 2151 3050 2190 oves
3071 2135 3179 2195 alit.
3209 2141 3316 2194 Pro
3339 2142 3533 2197 tunicis
3555 2156 3756 2216 gestant
3776 2152 3960 2209 scissas

2391 2229 2442 2272 et
2484 2222 2767 2275 manicatas
2823 2232 3019 2293 vestes,
3079 2243 3248 2299 usqne
3287 2227 3355 2282 ad
3409 2228 3662 2303 pudenda
3711 2247 3766 2290 et
3809 2250 3960 2295 nates

2391 2304 2658 2363 demissas.
2767 2310 2910 2363 Lam
2960 2310 3177 2382 quidem
3223 2332 3415 2372 eorum
3457 2336 3671 2393 aspera,
3720 2333 3958 2382 ceterum

2388 2392 2553 2465 longis
2606 2395 2766 2463 villis,
2823 2418 2887 2453 ex
2933 2418 3040 2473 qua
3073 2400 3276 2456 hirsuta
3313 2414 3502 2460 texunt
3541 2408 3737 2479 sagula.
3827 2414 3961 2470 Haec

2387 2482 2641 2536 universe
2661 2484 2823 2539 Italiae
2838 2504 2934 2558 per
2949 2497 3212 2541 mercatus
3234 2490 3592 2563 suppeditant,
3610 2498 3959 2567 quemadmo-

2385 2567 2512 2623 dum
2531 2570 2692 2625 etiam
2714 2571 2866 2628 suilla
2891 2565 3224 2635 salsamenta.
3305 2580 3594 2635 Armatura
3618 2582 3718 2637 illis
3749 2585 3956 2656 gladius

2384 2655 2568 2729 longus
2591 2676 2623 2713 a
2645 2657 2832 2715 dextro
2872 2661 3036 2717 latere
3065 2680 3380 2736 suspensus,
3421 2666 3634 2741 clypeus
3669 2672 3953 2747 oblongus,

2383 2755 2436 2799 et
2458 2746 2616 2803 hastae
2641 2766 2743 2821 pro
2767 2751 3142 2823 proportione,
3181 2763 3234 2807 et
3271 2753 3502 2810 madaris
3517 2759 3740 2829 tragulae
3761 2779 3949 2833 genus.

2383 2836 2475 2889 Est
2499 2837 2657 2890 etiam
2703 2836 2804 2892 illis
2835 2837 3042 2910 lignum
3081 2840 3174 2912 pili
3203 2838 3408 2909 forma,
3434 2843 3582 2915 quod
3601 2864 3712 2901 non
3737 2862 3954 2907 amento

2382 2920 2472 2975 sed
2498 2940 2531 2975 e
2551 2940 2716 2977 manu
2743 2924 2992 2991 mittitur,
3037 2925 3251 2997 longius
3301 2925 3494 2983 feriens
3540 2948 3702 3002 quam
3727 2937 3948 3007 sagitta,

2383 3026 2490 3082 quo
2514 3012 2846 3084 potissimum
2871 3011 2942 3066 ad
2970 3013 3196 3087 aucupia
3213 3024 3458 3072 utuntur.
3553 3017 3682 3072 Suos
3704 3021 3861 3075 etiam
3891 3024 3950 3077 in

2382 3096 2516 3168 agris
2538 3106 2879 3170 pernoctant,
2906 3100 3250 3172 proceritate,
3275 3102 3470 3158 robore
3484 3143 3500 3167 ,
3532 3103 3794 3162 celeritate
3809 3126 3950 3181 prae·

2382 3194 2593 3240 stantes.
2667 3186 2966 3240 Perieulum
2999 3196 3079 3240 est
3112 3186 3180 3241 ab
3207 3188 3272 3241 iis
3302 3188 3569 3245 acoedenti
3598 3191 3806 3250 insueto
3829 3198 3948 3252 cui-

2381 3272 2522 3343 piam
2546 3289 2720 3343 neque
2739 3273 2914 3327 minus
2938 3272 3098 3326 etiam
3125 3272 3271 3345 lupo.

2471 3359 2554 3421 14.
2617 3358 2778 3431 Apud
2823 3350 3010 3413 omnes
3059 3358 3229 3413 Celtas
3277 3362 3379 3415 tris.
3422 3361 3702 3418 hominum
3751 3384 3946 3437 genera

2385 3446 2612 3500 maxime
2637 3448 2832 3501 suntin
2853 3446 3073 3514 bonore,
3093 3446 3252 3503 Bardi
3278 3448 3502 3517 scilieet,
3525 3453 3616 3523 qui
3637 3464 3763 3508 sunt
3788 3454 3946 3529 bym-

2387 3548 2579 3586 norum
2615 3542 2783 3605 poetae
2796 3570 2814 3600 ,
2859 3542 2913 3586 et
2935 3532 3096 3587 ‘Vates
3111 3572 3128 3600 ,
3158 3534 3253 3606 qui
3299 3533 3614 3591 sacrificiant
3637 3556 3944 3597 causarum·

2383 3630 2489 3685 que
2513 3610 2831 3667 naturalium
2855 3611 3032 3668 studio
3057 3624 3182 3669 sunt
3213 3613 3400 3684 dediti,
3441 3627 3496 3671 et
3543 3617 3760 3675 Dmidae
3775 3662 3791 3684 ,
3820 3626 3938 3696 qui,

2381 3708 2570 3771 preter
2591 3714 2866 3753 causarum
2893 3698 3212 3753 naturalium
3239 3698 3411 3755 studia
3427 3739 3445 3768 ,
3487 3701 3647 3756 etiam
3678 3705 3939 3763 moralem

2380 3780 2764 3854 philosophiam
2789 3792 3052 3838 exercent.
3079 3784 3150 3839 Hi
3163 3785 3406 3839 omnium
3423 3782 3702 3856 justissimi
3727 3806 3942 3847 censen-

2382 3872 2486 3919 tur.
2559 3861 2888 3917 Immortales
2913 3863 3111 3919 animas
3136 3882 3248 3919 esse
3268 3875 3510 3921 stamunt
3555 3875 3610 3921 et
3634 3868 3894 3924 mundum
3918 3895 3936 3937 ς

2380 3951 2556 3997 tamen
2579 3940 2862 4014 aliquando
2888 3942 3067 4015 ignem
3091 3955 3144 3999 et
3162 3962 3356 4017 aquam
3386 3957 3714 4019 superatura.
3793 3952 3936 4006 Sim·

2377 4019 2596 4093 plicitati
2633 4020 2906 4077 Gallorum
2944 4034 3102 4097 atque
3121 4024 3442 4080 animositati
3465 4027 3690 4082 multum
3730 4030 3934 4103 impru-

2377 4098 2567 4157 dentiae
2617 4102 2960 4175 conjunctum
3001 4114 3097 4171 est,
3135 4114 3191 4159 et
3233 4117 3668 4163 ornamentorum
3693 4110 3936 4169 studium

2378 4180 2578 4252 ingens.
2616 4182 2826 4237 Etenim
2851 4200 3042 4238 aurum
3074 4194 3276 4255 gestant
3291 4227 3307 4254 ,
3338 4186 3478 4241 circa
3501 4186 3693 4244 collum
3715 4191 3934 4263 quidem

2373 4270 2615 4333 torques,
2655 4262 2896 4318 manibus
2925 4274 3101 4319 autem
3137 4274 3191 4324 et
3217 4264 3422 4320 lacertis
3443 4268 3702 4335 armillas3
3732 4271 3932 4343 princi-

2371 4340 2524 4413 pibus
2557 4353 2722 4397 vestes
2747 4353 2873 4398 sunt
2897 4362 3029 4401 auro
3057 4346 3228 4417 pictas.
3309 4347 3552 4405 Victores
3577 4349 3930 4407 intolerabiles

2370 4431 2510 4487 sunt,
2540 4419 2730 4476 devicti
2755 4440 2878 4478 vero
2903 4423 3055 4498 plane
3077 4428 3415 4483 consternati.

2445 4518 2529 4574 15.
2563 4520 2628 4573 In
2652 4536 2875 4586 oceano,
2903 4539 2966 4575 ex
2987 4520 3208 4577 adverso
3233 4524 3492 4579 ostiorum
3520 4525 3720 4597 Ligeris
3746 4526 3926 4580 flumi-

2368 4623 2477 4689 nis,
2514 4624 2684 4679 insula
2723 4636 2803 4680 est
2834 4628 3050 4699 exigua,
3095 4646 3201 4682 non
3225 4628 3380 4701 longe
3418 4630 3474 4683 in
3505 4629 3688 4701 pelago
3723 4631 3840 4696 sita,
3864 4631 3921 4683 in

2367 4745 2470 4800 qua
2491 4729 2730 4785 habitant
2755 4733 3048 4788 Samnitum
3072 4734 3318 4789 mulieres
3337 4775 3353 4800 ,
3375 4734 3568 4789 Bacchi
3596 4736 3816 4789 numine
3845 4734 3921 4789 af·

2365 4834 2515 4901 flatae,
2547 4837 2810 4908 sacrisque
2833 4836 2993 4894 deum
3015 4838 3295 4911 placantes.
3368 4842 3563 4895 Virum
3586 4840 3809 4894 insulam
3840 4841 3922 4893 in·

2361 4940 2506 5010 gredi
2529 4940 2604 4995 sas
2626 4961 2734 4997 non
2757 4954 2853 5010 est,
2895 4943 2989 4998 sed
3022 4944 3267 4999 mulieres
3300 4943 3616 5016 trajicientes
3646 4963 3710 4999 ex
3753 4945 3920 4999 insula

2359 5046 2480 5100 viris
2508 5047 2810 5115 miscentur,
2840 5047 3068 5120 indeque
3091 5046 3334 5106 redeunt.

2361 5247 2417 5302 p.
2451 5247 2570 5302 197,
2600 5236 2706 5287 CD.
2739 5232 2929 5305 βάρδοι]
2960 5233 3127 5305 βάρτοι
3155 5232 3277 5288 cod.
3313 5236 3431 5305 11-
3470 5236 3554 5291 15.
3589 5253 3646 5309 p.
3685 5239 3801 5307 198,
3845 5239 3909 5291 B.
