4584 6284
1939 553 2035 613 Oli
2051 552 2172 615 BIS
2216 547 2687 613 DESCRIPTIO.

886 685 1166 769 τοξοφόρων
1191 692 1444 765 σκιεροῑσι
1471 680 1762 763 παρήμενοι
1789 680 1958 768 οὔρεσι
1991 682 2210 757 Μήδων,

3800 554 3907 607 leo

2354 684 2585 740 horridis
2613 684 2999 755 sagittariorum
3017 682 3293 738 Medorum
3310 685 3579 739 montibus
3596 684 3905 755 adjacentes,

887 779 934 835 οἱ
961 775 1014 834 δὲ
1040 770 1348 853 μεσήπειροι
1369 818 1386 849 ,
1419 775 1466 831 οἱ
1493 773 1542 830 δ’
1569 774 1618 837 ἐς
1639 771 1786 831 νότον
1827 772 1949 849 ἄχρι
1977 771 2242 842 Θαλάσσης
2255 793 2278 808 ··
2357 776 2443 830 alii
2470 772 2871 837 mediterranei,
2902 770 2987 825 alii
3012 774 3067 826 in
3092 782 3325 827 austrum
3347 772 3416 826 ad
3440 790 3581 827 mare
3608 790 3803 844 usque;

886 866 1064 943 πρῶτα
1093 860 1292 933 Edem,
1312 860 1446 937 μετὰ
1465 859 1577 927 τοὺς
1594 859 1648 919 δὲ
1667 862 2042 938 Πασαργάδαι,
2063 858 2188 937 ἄγχι
2217 858 2271 917 δὲ
2356 862 2513 935 primi
2542 861 2732 923 Gaboe,
2764 870 2883 931 post
2910 860 3007 913 hos
3038 860 3334 931 Pasargadae
3350 901 3366 927 ,
3396 879 3559 933 prope
3580 880 3701 914 vero
3732 860 3906 925 Taoci,

2035 947 2236 1007 ‘rma
2253 992 2274 1021 ‚

720 1118 794 1173 ἐπ’
811 1114 1314 1187 EGHKMNdeq2t;
1340 1114 1419 1167 ὕπ’
1437 1114 1626 1184 ἄρκτοις
1645 1118 1682 1167 1:
1691 1136 1714 1177 ,·
1734 1114 1830 1167 sech
1847 1125 1994 1166 arcto
2017 1114 2260 1167 Avienus.
2308 1130 2319 1165 ι
2353 1114 2617 1181 Lassenii‚
2646 1113 2887 1185 Kiepcrti
2904 1150 2921 1177 ,
2950 1112 3173 1165 aliorum
3201 1122 3281 1165 cst
3302 1114 3587 1175 sententia,
3614 1115 3703 1185 qui
3732 1117 3911 1169 Pasar-

719 1200 796 1251 De
825 1214 881 1250 re
903 1192 1066 1248 fusius
1093 1194 1308 1265 exponit
1335 1192 1524 1247 Strabo
1551 1210 1606 1265 p.
1638 1210 1741 1262 727
1769 1210 1783 1245 z
1823 1192 1984 1263 τριττη
2013 1192 2058 1243 δ’
2082 1189 2183 1245 ἔστι
2214 1191 2264 1261 (ἡ

716 1274 906 1347 Περσίς)
937 1275 1019 1327 καὶ
1043 1276 1106 1347 τῇ
1130 1272 1268 1345 φῦσαι
1291 1272 1374 1325 καὶ
1401 1274 1463 1343 τῇ
1500 1276 1594 1325 τῶν
1625 1270 1777 1341 ἀέρων
1805 1271 1968 1341 κράσει
2009 1269 2119 1323 κτλ.
2149 1272 2170 1339 ΙΙ
2197 1302 2268 1313 —

721 1358 872 1423 1067.
900 1350 1150 1425 τοξοφόροι
1177 1350 1374 1424 Uret-q
1393 1362 1446 1403 et
1466 1368 1570 1403 sec.
1600 1368 1744 1404 man.
1769 1368 1829 1423 p.
1843 1350 2098 1419 ΙΙ-1068.
2121 1350 2198 1403 τοὶ
2221 1351 2266 1402 ’δ’

717 1431 763 1493 ἔς
788 1428 928 1502 conj.
952 1430 1244 1485 Passovins.
1280 1429 1303 1500 ΙΙ
1330 1458 1404 1470 -
1435 1433 1587 1499 1069.
1619 1426 1802 1499 πρῶτοι
1824 1447 1884 1501 μς
1910 1428 2082 1499 Σάὸαι]
2103 1428 2267 1481 Sabas

712 1511 870 1563 sicuti
903 1528 1028 1565 mox
1081 1512 1270 1563 Tuscos
1313 1508 1469 1561 etiam
1509 1505 1650 1579 apud
1693 1508 2015 1561 Priscianum
2055 1506 2262 1577 legitur.

716 1588 946 1643 Avienus
966 1587 1108 1641 hunc
1133 1603 1340 1640 versum
1357 1602 1464 1640 non
1491 1585 1744 1657 expressit
1759 1624 1776 1653 ‚
1811 1602 1966 1657 quem
1987 1594 2266 1657 propterea

714 1686 746 1721 a
765 1667 1100 1738 grammatico
1117 1662 1346 1737 quodam
1375 1662 1612 1717 additum
1635 1681 1747 1718 esse
1771 1663 2084 1737 opinabatur
2101 1664 2266 1734 Spoli-

714 1748 852 1800 nius.
878 1743 1170 1799 Dicendum
1195 1754 1307 1797 erat
1331 1742 1503 1797 Γάὸαι.
1528 1744 1662 1797 Dein
1694 1742 1800 1814 μετ’
1828 1742 1998 1805 αὗτοὶις
2019 1742 2070 1797 δί
2095 1744 2263 1817 Nbpr,

717 1823 838 1896 μετὰ
858 1824 1053 1887 τούτους
1072 1821 1124 1876 tt
1149 1827 1224 1877 Lo
1236 1845 1259 1887 ‚·
1287 1821 1605 1893 Πασαγάρδαι
1628 1822 1693 1875 br
1713 1821 2018 1893 Nicephor„
2041 1821 2270 1893 Πασαγά·

713 1906 794 1957 δαι
823 1909 884 1968 C,
915 1902 1262 1975 Πασσαργάδαι
1292 1920 1347 1966 e,
1383 1900 1700 1971 Παγασάρδαι
1725 1903 1844 1964 LN,
1873 1900 2189 1973 Μαρσιγὲται
2205 1901 2264 1971 j,

713 1982 1027 2052 Μασσαγέται
1053 1998 1176 2054 coq,·
1203 1979 1255 2033 δὲ
1281 1988 1402 2051 post
1429 1978 1550 2049 ἄγχι
1573 1995 1682 2031 om.
1699 1976 1761 2047 j}
1788 1978 1988 2050 Tanai]
2017 1979 2092 2033 sic
2115 1980 2168 2032 in
2195 1980 2269 2033 vi·

712 2061 846 2114 tioso
871 2058 1046 2131 aliquo
1091 2056 1274 2113 codice
1315 2058 1600 2129 Dionysius
1643 2058 1896 2129 reperisse
1935 2057 2142 2112 videtur
2167 2075 2268 2129 pro

711 2136 909 2194 Ταοκοί.
937 2138 1007 2191 V.
1041 2136 1228 2191 Strabo
1251 2153 1307 2208 p.
1339 2140 1440 2205 728
1471 2139 1618 2205 (619,
1646 2136 1706 2189 51
1733 2134 1819 2191 ed.
1846 2134 2054 2206 Didot.)
2086 2153 2100 2189 z
2137 2136 2264 2189 Κοσ-

714 2216 953 2288 μήσαντες
973 2215 1028 2270 δὲ
1051 2215 1113 2269 τὰ
1143 2213 1194 2268 ἓν
1219 2214 1421 2279 Σούσοις
1453 2214 1674 2287 βασίλεια
1710 2213 1920 2285 μάλιστα
1942 2220 2038 2267 τῶν
2075 2214 2264 2280 ἄλλων,

713 2296 850 2350 οὐδὲν
877 2289 1026 2363 ἧττον
1053 2294 1136 2348 καὶ
1161 2293 1224 2349 τὰ
1248 2292 1297 2348 ἰν
1324 2293 1624 2364 Περσεπόλει
1647 2294 1731 2347 καὶ
1755 2293 1818 2347 τὰ
1851 2293 1900 2348 ἰν
1937 2294 2194 2367 Πασαργ
2209 2295 2266 2346 ά·

713 2378 848 2439 δαις
871 2372 1231 2447 ἔξετίμησαν...
1265 2368 1326 2440 ἦν
1355 2372 1408 2426 δὲ
1429 2372 1511 2425 καὶ
1541 2372 1760 2443 βασίλεια
1794 2372 1856 2427 τὰ
1881 2372 1930 2427 ἔν
1955 2372 2182 2437 rasam
2219 2372 2268 2427 ἐν

717 2456 822 2519 τοῖς
840 2454 1068 2526 ἀνωτέρω
1102 2473 1197 2508 που
1229 2454 1393 2525 μέρεσι
1415 2456 1500 2519 τῆς
1522 2453 1776 2524 Περσίδος,
1805 2454 1888 2505 καὶ
1907 2453 1968 2507 τὰ
2007 2452 2056 2507 ἰν
2083 2457 2146 2525 τῇ
2179 2473 2271 2507 πα-

718 2535 864 2607 ραλίᾳ
886 2533 950 2589 τὰ
991 2532 1117 2587 κατὰ
1143 2530 1232 2600 τὴν
1276 2532 1522 2600 Ταόκην
1563 2534 1660 2601 (sic
1685 2550 1792 2589 em.
1832 2532 2003 2597 edin„
2031 2532 2155 2587 κατὰ
2181 2532 2270 2600 τὴν

715 2616 881 2683 Τόκην
923 2612 1082 2668 codd.
1115 2615 1158 2683 ).
1219 2610 1461 2666 Dubitari
1509 2612 1646 2665 enim
1699 2613 1882 2683 nequit
1928 2612 2056 2684 quin
2107 2612 2272 2666 tribus

716 2693 861 2748 bisce
885 2692 1042 2763 regiis
1067 2701 1173 2746 tres
1199 2690 1284 2744 isti
1319 2706 1454 2763 quos
1480 2690 1764 2762 Dionysius
1799 2700 2052 2745 memorat
2093 2693 2271 2763 populi

715 2772 1087 2847 respondeant.
1146 2768 1307 2840 Quod
1357 2768 1683 2832 Holstenius,
1729 2768 2016 2823 Bochartus
2053 2770 2268 2840 (Geogr.

716 2856 873 2909 Sacra
923 2856 976 2918 1.,
1031 2856 1110 2921 7),
1167 2848 1458 2903 Hudsonus
1507 2866 1606 2921 pro
1654 2848 1809 2900 Σάὸαι
1853 2848 1950 2919 legi
1997 2849 2272 2905 voluerunt

715 2932 898 2996 Σάκαι,
957 2928 1272 2983 refutatione
1311 2945 1420 2982 non
1470 2936 1604 2997 eget.
1651 2924 1808 2981 Haud
1853 2927 2040 2997 magis·
2057 2927 2270 2981 audien-

711 3011 814 3065 dus
848 3020 928 3063 est
955 3008 1170 3074 Hillius,
1203 3008 1294 3079 qui
1323 3004 1465 3079 apud
1511 3006 1846 3061 Ptolemaeum
1881 3010 1934 3070 6,
1965 3010 1994 3070 4
2036 3026 2088 3079 p.
2141 3006 2264 3078 398,

716 3091 745 3144 5
795 3090 1016 3144 Persice
1067 3089 1236 3158 gentis
1288 3104 1480 3139 nomen
1531 3084 1767 3138 Σταὸαΐοι
1808 3104 1874 3139 ex
1917 3087 2171 3159 Dionysio
2214 3087 2268 3141 in

709 3167 917 3219 Σαὸαῒοι
955 3166 1150 3220 mutari
1181 3163 1360 3235 jussit.
1393 3166 1600 3229 Immo,
1645 3180 1812 3234 quum
1855 3162 2164 3216 Ptolemaeus
2213 3164 2266 3217 in

707 3246 894 3300 codem
916 3254 1086 3298 tractu
1113 3244 1270 3305 Γάδας
1297 3242 1485 3295 urbem
1507 3252 1700 3314 ponat,
1733 3241 2150 3312 frequentissima
2175 3260 2268 3294 au-

713 3334 818 3377 tem
848 3326 917 3377 sit
933 3322 1204 3376 literarum
1233 3320 1271 3375 1*
1291 3331 1346 3374 et
1371 3340 1410 3384 ς·
1429 3322 1776 3392 permutatio,
1810 3337 1964 3373 nemo
1991 3337 2096 3373 non
2123 3319 2267 3374 videt

711 3399 851 3474 apud
870 3400 1204 3454 Ptolemaeum
1222 3416 1436 3471 quoque
1453 3396 1732 3468 legendum
1750 3416 1861 3451 esse
1877 3397 2098 3461 Γαὸαῗοι,
2120 3398 2266 3468 quod

713 3497 780 3532 ex
803 3478 972 3533 tribus
997 3476 1155 3533 codd.
1174 3476 1287 3549 jam
1311 3478 1546 3549 reposuit
1565 3476 1915 3546 Wilbergius.
1939 3476 2184 3531 Similiter
2208 3478 2260 3530 in

715 3556 953 3628 Dionysii
999 3555 1268 3609 codicibus
1313 3554 1520 3608 Γαὸαΐοι
1563 3556 1619 3608 in
1667 3554 1874 3619 ςαὸαἴοι
1897 3554 2022 3608 olim
2052 3554 2258 3611 abierit.

713 3637 1010 3691 Taocorum
1031 3634 1286 3709 populum
1317 3646 1506 3707 praeter
1536 3634 1786 3689 Nostrum
1829 3652 1984 3689 nemo
2031 3652 2262 3689 comme-

717 3716 940 3769 moravit
957 3757 972 3779 ,
1002 3726 1230 3770 attamen
1255 3712 1512 3781 Ταοκηνὴν
1549 3716 1814 3785 regionem
1853 3724 2038 3786 praeter
2073 3714 2266 3783 Ταόκην

713 3794 1062 3947 ἰῗῖἱῖῗῗῷἑ
1080 3793 1592 3927 ῗῗῖᾳῖρῖζὲξῒῃώιέο
1605 3792 2266 3927 (Ξῗξῗᾞαῖἑόᾞεζῖῗιῖ

715 3970 872 4024 gens,
901 3955 1114 4007 nomine
1158 3962 1213 4007 et
1249 3952 1412 4024 stirpe
1447 3969 1552 4005 non
1589 3949 1782 4005 diversi
1821 3962 1944 4005 sunt
1973 3970 2002 4005 a
2037 3952 2264 4006 Taoehis

715 4048 850 4104 quos
877 4032 934 4085 in
959 4032 1114 4086 Ponti
1140 4042 1195 4085 et
1229 4032 1492 4086 Armeniae
1521 4030 1762 4084 confiniis
1793 4030 2082 4085 consedisse
2105 4050 2134 4085 e
2157 4032 2263 4085 Xe-

713 4111 986 4184 nophonte
1013 4112 1278 4166 novimus.
1324 4110 1570 4163 Similiter
1617 4108 1832 4163 Mardos
1879 4120 1932 4164 et
1971 4110 2176 4183 Cyrtios
2215 4121 2269 4164 et

715 4194 856 4245 Daos
881 4200 996 4244 tum
1021 4192 1078 4243 in
1101 4188 1314 4244 Perside
1333 4199 1444 4242 tum
1464 4188 1532 4242 ad
1557 4206 1702 4243 oram
1732 4190 1888 4242 maris
1916 4190 2086 4261 Caspii
2115 4190 2270 4245 fuisse

709 4280 934 4325 constat.
955 4270 1124 4323 Porro
1139 4266 1517 4331 Παντιαλαίους,
1531 4285 1663 4341 quos
1673 4269 1811 4321 inter
1819 4268 2039 4322 Persidis
2051 4270 2271 4342 populos

710 4346 1013 4403 Herodotus
1047 4364 1095 4412 1,
1139 4347 1234 4400 125
1283 4349 1549 4411 nominat,
1592 4344 1805 4401 eosdem
1846 4347 2000 4401 fuisse
2039 4350 2274 4421 suspicor

709 4446 832 4484 cum
861 4428 1220 4499 Παντιμάθοις,
1248 4428 1340 4498 qui
1369 4426 1461 4481 lib.
1508 4427 1559 4493 3,
1600 4444 1668 4498 92
1699 4428 1836 4481 inter
1866 4426 2087 4501 populos
2117 4431 2274 4483 maris

709 4508 882 4579 Caspii
908 4506 1108 4562 accolas
1133 4516 1491 4571 recensentur,
1521 4504 1652 4558 adeo
1674 4515 1730 4557 ut
1753 4504 2004 4561 alterutro
2023 4506 2136 4561 loco
2160 4525 2275 4562 cor·

712 4587 990 4658 rigendum
1017 4588 1102 4641 sit.
1135 4589 1308 4655 Quam
1341 4584 1502 4638 facilis
1543 4584 1698 4638 suerit
1720 4584 1960 4654 ΙΑΛΑΙΟΙ
1986 4596 2040 4639 ct
2073 4585 2273 4641 mem

714 4665 984 4719 literarum
1007 4666 1342 4737 permutatio,
1369 4674 1556 4735 sponte
1583 4663 1906 4733 intelligitur.
1933 4663 2176 4734 -Quod
2204 4667 2273 4720 si·

717 4754 834 4797 tum
875 4742 1110 4797 locorum
1152 4743 1364 4807 attinet,
1414 4741 1482 4796 de
1527 4740 1930 4811 Pasargadai-um
1971 4746 2183 4813 regione
2217 4746 2270 4797 in

719 4823 1022 4876 universum
1045 4830 1241 4876 constat
1256 4861 1270 4885 ,
1296 4822 1534 4893 quamvis
1556 4838 1783 4892 quonam
1809 4822 2136 4893 potissimum
2155 4822 2272 4877 loco

717 4898 846 4953 urbs
873 4900 1072 4954 steterit
1093 4898 1329 4954 nondum
1353 4900 1566 4971 liqueat.
1588 4899 1802 4954 Plurimi
1827 4901 2038 4972 quidem
2061 4902 2114 4955 in
2139 4901 2268 4958 hod.

717 4977 985 5047 Meergleab
1011 4989 1234 5031 veterem
1276 4980 1471 5049 regiam
1501 4989 1816 5049 agnoscunt,
1845 4997 2010 5050 quum
2039 4980 2161 5051 Cyri
2188 5000 2268 5035 se·

713 5056 957 5127 pulcrum
977 5096 992 5121 ,
1015 5056 1158 5128 quod
1177 5056 1476 5127 Pasargadis
1489 5057 1644 5111 fuisse
1668 5057 1928 5130 proditur,
1949 5060 2103 5112 etiam
2127 5076 2270 5113 nunc

713 5134 784 5187 ibi
811 5152 1080 5206 superesse
1100 5136 1450 5208 inscriptionis
1467 5135 1570 5189 fido
1587 5146 1730 5189 extra
1751 5136 2085 5191 dubitationis
2103 5134 2264 5191 aleam

711 5212 839 5282 poni
865 5210 1202 5269 contendant.
1244 5216 1317 5267 At
1343 5213 1436 5267 ubi
1478 5212 1827 5268 Grotesendus
1864 5225 1913 5267 et
1955 5215 2266 5268 But-nouiius

709 5290 834 5362 Cyri
879 5308 1074 5345 nomen
1104 5292 1274 5363 legere
1305 5292 1404 5347 sibi
1450 5293 1542 5347 visi
1568 5303 1721 5357 sunt,
1755 5293 1824 5346 ibi
1859 5294 2062 5347 Ochum
2091 5296 2265 5361 potius

711 5372 1110 5423 commemorari
1124 5382 1302 5424 censet
1317 5372 1610 5427 Lassenius.
1635 5372 1957 5425 probabilior
1974 5372 2262 5435 Hammeri,

2352 1190 2507 1261 gadas
2534 1192 2589 1245 in
2613 1191 2780 1245 ruinis
2797 1230 2813 1256 ,
2844 1208 2962 1262 quae
2986 1201 3111 1245 sunt
3135 1190 3201 1244 ad
3228 1194 3369 1245 Fam
3392 1200 3445 1244 et
3464 1191 3648 1245 Damb
3672 1192 3911 1248 nondum

2350 1272 2473 1325 satis
2500 1270 2779 1343 explorate
2796 1309 2812 1335 ,
2832 1266 3139 1339 quaerendas
3164 1286 3275 1323 esse
3296 1278 3506 1340 putant.
3532 1267 3593 1322 Id
3616 1272 3761 1323 enim
3793 1288 3911 1327 sua-

2352 1352 2482 1407 dent
2507 1363 2621 1406 tum
2648 1349 2924 1405 Alexandri
2968 1351 3184 1418 itinera,
3230 1360 3341 1403 tum
3382 1350 3645 1404 Ptolemaei
3688 1351 3908 1419 tabuloe,

2355 1450 2449 1486 nec
2468 1450 2577 1487 non
2602 1432 2801 1487 Plinius
2822 1436 2874 1497 6,
2897 1434 2986 1496 26,
3007 1433 3037 1498 ς
3058 1450 3145 1501 99,
3176 1432 3267 1501 qui
3294 1446 3389 1503 per
3413 1430 3733 1501 Sitiogagum
3754 1431 3909 1498 (hod.

2350 1510 2669 1579 Situs-egion)
2711 1520 2953 1581 septumo
2982 1508 3069 1561 die
3114 1504 3425 1577 Pasargadas
3478 1510 3709 1577 navigari
3760 1510 3907 1569 dicit.

2352 1590 2605 1657 Quamvis
2630 1590 2771 1642 enim
2806 1586 2873 1641 de
2900 1584 3229 1657 navigatione
3250 1586 3469 1655 cogitari
3500 1586 3587 1638 vix
3609 1587 3807 1657 possit,
3829 1606 3915 1643 ea-

2353 1677 2505 1721 tenus
2532 1678 2707 1721 tamen
2740 1686 2857 1720 vera
2908 1663 3115 1719 tradere
3162 1664 3361 1719 Plinius
3398 1662 3625 1729 videtur,
3660 1676 3915 1735 qnatenus

2350 1745 2639 1815 Sitiogagus
2673 1744 2893 1815 (Sitacus
2930 1742 3180 1813 Nearchi)
3209 1761 3239 1796 a
3265 1742 3669 1813 Pasargadai-um
3699 1746 3914 1813 regione

2352 1822 2605 1878 decurrit.
2631 1826 2765 1877 Nam
2788 1826 2879 1895 qui
2896 1822 3047 1895 juxta
3068 1822 3251 1876 Dat-ab
3270 1821 3523 1895 oppidum
3544 1822 3735 1876 fluvius
3756 1825 3913 1893 (Abi-

2350 1902 2545 1971 Sclmr)
2574 1902 2784 1968 labitur,
2828 1904 2925 1956 etsi
2972 1904 3229 1972 integrum
3272 1900 3383 1971 ejus
3427 1918 3639 1955 cursum
3672 1902 3913 1959 nondum

2354 1980 2626 2043 novimus,
2656 1982 2745 2033 vix
2770 1979 2997 2035 dubium
3026 1991 3103 2033 est
3142 1982 3271 2051 quin
3298 1978 3438 2033 idem
3467 1979 3536 2033 sit
3562 1998 3717 2051 quem
3750 1998 3913 2053 prope

2353 2058 2545 2112 ostium
2591 2057 2888 2129 sitas-egion
2938 2069 3145 2113 vocant.
3178 2057 3347 2125 (Vide
3392 2059 3631 2129 Kieperti
3682 2058 3913 2114 tabulam

2358 2138 2717 2211 lVestpee-sien
2738 2156 2807 2191 zu
2835 2136 3035 2193 Πῖκον-3
3071 2136 3371 2193 Erdknnde.
3422 2137 3577 2193 1352.
3618 2139 3756 2191 Hinc
3795 2157 3913 2191 cor·

2354 2216 2485 2288 rigas
2522 2234 2641 2289 quae
2680 2216 2748 2273 de
2786 2216 2941 2273 Plinii
2968 2216 3085 2271 loco
3110 2215 3247 2271 dieta
3279 2226 3403 2269 sunt
3430 2226 3561 2272 tom.
3591 2234 3639 2283 ι,
3670 2234 3725 2288 p.
3761 2218 3911 2289 362.)

2354 2326 2425 2338 —
2449 2297 2657 2350 Taocen
2680 2314 2711 2350 e
2735 2295 2977 2350 Nearcho
3003 2296 3197 2350 scimus
3234 2294 3391 2349 fuisse
3422 2293 3489 2348 ad
3518 2296 3721 2350 Granin
3770 2298 3849 2363 ss„
3883 2317 3913 2354 a

2355 2371 2503 2446 cujus
2518 2375 2665 2429 ostiis
2674 2392 2779 2431 200
2786 2374 2953 2429 stadia
2962 2372 3185 2428 distabat
3196 2374 3333 2445 regia
3342 2375 3623 2449 Persarum
3636 2375 3751 2433 (ubi
3774 2394 3917 2432 nunc

2359 2458 2543 2509 Konar
2578 2454 2815 2508 Tachmlc
2850 2453 2930 2508 vel
2966 2454 3151 2508 Tacht.
3180 2454 3253 2509 V.
3282 2463 3413 2509 tom.
3452 2470 3500 2517 1,
3530 2470 3587 2525 p.
3620 2454 3765 2523 363).
3794 2455 3915 2509 Flu-

2355 2533 2470 2586 vins
2506 2530 2621 2598 ille,
2660 2531 2869 2585 duobus
2908 2530 2987 2585 vel
3022 2532 3177 2585 etiam
3218 2530 3387 2585 tribm
3428 2532 3573 2585 ostiis
3614 2534 3819 2599 exiens,
3860 2536 3913 2587 in

2356 2608 2747 2665 mediterraneis
2770 2628 2801 2664 e
2822 2608 3183 2683 compluribus
3214 2610 3471 2664 conflatur
3491 2610 3762 2675 amnibus,
3790 2629 3919 2683 quc·

2356 2708 2476 2744 rum
2498 2692 2593 2745 uni
2622 2688 2965 2761 (Sesid-Rud)
2986 2688 3188 2761 adjacet
3216 2693 3327 2747 Gra
3350 2690 3479 2745 urbs
3496 2731 3511 2757 ,
3554 2690 3697 2744 unde
3722 2709 3915 2747 nomen

2359 2768 2551 2835 fluvio,
2578 2787 2739 2841 quem
2764 2771 2905 2824 inter
2928 2770 3249 2839 Sitiogagum
3274 2778 3329 2823 et
3356 2772 3569 2823 Zarotin
3614 2769 3691 2838 (h.
3720 2770 3917 2841 Zur-eli)

2356 2847 2465 2902 sive
2512 2848 2725 2903 Oroatin
2788 2858 2931 2903 recte
2988 2848 3144 2901 etiam
3189 2846 3387 2903 Plinius
3428 2859 3682 2901 memorat
3718 2849 3793 2919 (6,
3842 2854 3911 2903 26

2356 2930 2386 2995 S
2408 2930 2501 2998 99)
2536 2944 2549 2981 :
2584 2928 2814 2992 Flumen,
2845 2927 2937 2991 ait,
2966 2924 3284 2980 modicarum
3305 2925 3521 2979 navium
3542 2944 3636 2997 per
3659 2932 3911 2980 Susianen

2356 3006 2628 3073 (Suasinen
2655 3024 2704 3063 V.
2736 3004 2798 3078 Ι.)
2816 3004 2982 3077 stede,-
3002 3002 3191 3059 dextra
3212 3006 3323 3076 ejus
3338 3003 3586 3058 adcolunt
3613 3004 3754 3058 Dexi
3778 3025 3916 3060 ηιωι-

2356 3082 2497 3146 eani,
2536 3082 2631 3155 qui
2676 3082 2907 3136 bitumen
2944 3081 3247 3155 perficiunt.
3276 3081 3668 3150 Confirmautur
3700 3082 3810 3135 haec
3852 3084 3916 3137 iis

2354 3178 2471 3231 quae
2499 3179 2562 3214 ex
2602 3160 2893 3231 Anglorum
2922 3160 3071 3214 libris
3118 3159 3269 3214 affert
3320 3162 3553 3214 Ritterus
3592 3162 3748 3229 (tom.
3790 3164 3821 3216 8
3856 3180 3911 3232 p.

2354 3242 2514 3309 820);
2545 3257 2668 3294 nam
2718 3240 2775 3293 in
2816 3241 3030 3310 regione
3072 3240 3493 3295 montuosissima
3535 3242 3674 3294 inter
3716 3241 3919 3295 Dalaki

2352 3336 2478 3389 opp.
2510 3329 2564 3372 et
2590 3318 2935 3373 Kelol-Malla
2956 3316 3143 3387 jugum
3170 3318 3296 3383 sita,
3326 3336 3485 3389 quam
3511 3319 3727 3391 perfluit
3751 3318 3916 3391 Sefid-

2358 3396 2491 3462 lead,
2538 3397 2841 3451 etiamnunc
2878 3406 3003 3449 sunt
3048 3395 3217 3449 sontes
3242 3396 3541 3463 bituminis,
3572 3415 3681 3469 quo
3744 3408 3917 3452 certos

2352 3472 2417 3527 ad
2435 3493 2560 3529 usus
2580 3484 2805 3527 utuntur
2825 3474 3014 3528 accolae
3033 3491 3062 3527 a
3086 3473 3253 3528 Plinio
3272 3472 3399 3527 dicti
3428 3474 3567 3527 Dexi
3592 3474 3849 3541 montani,
3874 3476 3915 3531 i.

2350 3569 2424 3618 e.,
2458 3554 2668 3625 opinor,
2710 3542 2909 3607 incolae⁰
2920 3552 3148 3624 regionis
3180 3569 3297 3624 qne
3330 3552 3489 3607 etiam
3518 3551 3675 3607 bodie
3701 3564 3916 3626 perapte

2352 3641 2567 3685 vocatur
2604 3630 2815 3697 Tem-ir,
2844 3634 2882 3689 i.
2908 3651 2956 3685 e.
2981 3642 3119 3686 terra
3148 3630 3379 3685 faucium
3408 3643 3798 3690 montanarum.
3820 3636 3917 3688 Ni·

2352 3710 2443 3764 hili
2474 3720 2555 3765 est
2584 3709 2729 3782 quod
2772 3711 3051 3766 Salmasius
3086 3710 3245 3765 scribi
3272 3709 3436 3764 voluit
3484 3710 3616 3764 Uxii
3659 3712 3915 3767 montani.

2350 3788 2550 3861 Majore
2574 3790 2957 3862 probabilitatis
2996 3792 3167 3864 specie
3192 3789 3347 3843 verba
3383 3808 3483 3863 per
3522 3792 3773 3845 Simianen
3800 3810 3917 3845 cor-

2352 3880 2504 3940 rupta
2543 3888 2657 3923 esse
2697 3870 2909 3927 dixeris.
2947 3872 3009 3924 At
3040 3888 3107 3924 ne
3132 3871 3234 3925 hoc
3260 3868 3474 3941 quidem
3504 3869 3913 3927 admittendum.

2352 3953 2509 4007 Haud
2530 3953 2685 4025 longe
2710 3955 2777 4009 ab
2802 3956 2949 4009 ostiis
2976 3954 3225 4010 Granidis
3256 3965 3423 4010 exstat
3450 3954 3733 4010 Choreb-ab
3760 3959 3909 4031 oppi-

2352 4033 2481 4089 dum
2513 4037 2590 4103 (ν.
2622 4034 2731 4093 tab.
2760 4036 3059 4107 Kieperti);
3088 4034 3215 4089 hinc
3239 4034 3383 4105 regio
3410 4036 3627 4089 Susiana
3663 4034 3880 4100 (Choscla
3897 4074 3912 4099 ,

2355 4113 2629 4185 δσΙιοιιεσΙι)
2646 4114 2907 4168 nominari
2925 4114 3116 4187 potuit,
3144 4114 3297 4167 sicuti
3323 4114 3495 4185 ipsum
3520 4114 3675 4166 etiam
3695 4112 3915 4167 fluvium

2358 4192 2593 4247 indidem
2634 4195 2776 4248 Susae
2819 4210 3011 4246 nomen
3052 4193 3227 4246 tulisse
3272 4210 3336 4245 ex
3382 4189 3824 4246 Pseudo-Aithico
3852 4210 3907 4265 p.

2358 4289 2459 4343 709
2491 4272 2696 4343 colligo,
2726 4272 2819 4345 qui
2865 4286 2879 4325 :
2922 4276 3055 4325 Susa
3082 4270 3289 4341 fluvius
3318 4270 3374 4324 in
3418 4269 3599 4325 Media
3631 4269 3915 4343 provincia

2357 4350 2600 4405 nascitur
2618 4349 2881 4405 bicor-nius
2890 4369 2913 4419 ,·
2937 4348 3167 4421 afficitur
3186 4366 3347 4419 unus5
3366 4348 3532 4402 currit
3550 4346 3721 4401 mima
3744 4352 3835 4402 DI
3840 4350 3914 4419 V;

2358 4428 2622 4484 descendit
2670 4428 2724 4483 in
2768 4428 2943 4483 sinum
2991 4426 3273 4483 Persicum.
3314 4458 3387 4469 —
3428 4425 3781 4499 [Antecedunt
3822 4446 3907 4500 ap.

2358 4508 2623 4564 AEthicum
2669 4509 2783 4562 baec
2827 4523 2841 4561 :
2883 4505 3106 4562 Flavius
3150 4506 3419 4561 eortaelaia
3468 4506 3587 4579 (leg.
3620 4506 3914 4576 Corehaeia)

2354 4588 2643 4661 pmvincim
2682 4585 2873 4641 Media!
2908 4586 3147 4640 nascitur
3176 4585 3231 4639 in
3272 4585 3474 4658 campis
3504 4584 3757 4641 Arabicis
3782 4584 3913 4657 (lege

2359 4667 2663 4740 Rhapsiis);
2713 4665 2881 4720 currit
2930 4664 3102 4719 millia
3146 4667 3571 4719 DCCCCXVIII
3595 4664 3715 4733 (leg.
3760 4662 3916 4717 fuerit

2359 4745 2747 4809 ccccxvm3
2775 4755 2913 4797 certe
2938 4744 3051 4797 haec
3075 4753 3155 4796 αι
3178 4741 3450 4813 longitudo
3478 4742 3831 4812 Rhogomanis
3855 4744 3911 4798 ss.

2357 4840 2443 4895 ap.
2494 4822 2763 4893 Ptolem.),
2808 4834 2859 4876 et
2918 4821 3215 4891 ingreditur
3258 4821 3434 4875 sinum
3476 4820 3764 4875 Persicum.
3814 4823 3915 4876 Hic

2359 4902 2549 4955 fluvius
2574 4900 2713 4955 idem
2738 4913 2817 4955 est
2838 4920 2958 4956 cum
2988 4901 3238 4971 Rhogano
3255 4942 3270 4967 ,
3303 4918 3459 4973 quem
3487 4901 3752 4955 Nearchus
3776 4903 3913 4955 inter

2360 4980 2562 5033 Granin
2586 4990 2637 5033 et
2664 4982 2935 5033 Brizanam
2963 4980 3143 5052 ponit3
3168 4978 3305 5051 apud
3334 4980 3665 5034 Ptolemaeum
3704 4980 3913 5049 Rhogo-

2357 5075 2536 5111 manes
2562 5070 2779 5112 vocatur
2803 5069 2857 5112 et
2882 5076 2945 5111 ex
2973 5058 3321 5129 Rhapsiorum
3344 5059 3556 5127 regione
3590 5056 3795 5112 defluit.
3825 5058 3911 5111 Ad

2355 5138 2486 5191 ostia
2504 5134 2617 5208 ejus
2636 5137 2939 5191 Ptolemaeus
2958 5136 3112 5191 habet
3133 5137 3351 5208 Χόροδνα
3372 5136 3611 5209 (Χόροδρα
3632 5154 3742 5193 var.
3768 5136 3912 5206 lect.)

2355 5232 2480 5287 opp.
2490 5257 2503 5277 ,
2520 5214 2664 5287 quod
2676 5214 3064 5269 emendandum
3074 5213 3281 5269 videtur
3292 5218 3343 5269 in
3356 5217 3588 5287 Χόρθανα
3601 5256 3617 5280 ,
3635 5216 3705 5269 ita
3722 5227 3778 5269 ut
3789 5216 3913 5270 hinc

2359 5312 2548 5347 nomen
2568 5294 2755 5347 habeat
2774 5296 2963 5348 fluvius
2978 5336 2993 5360 ‚
3018 5313 3173 5366 quem
3204 5313 3303 5348 una
3334 5312 3455 5348 cum
3469 5294 3657 5348 Brixia
3672 5295 3911 5363 (Brizana

2354 5374 2603 5441 Nearchi)
2628 5384 3002 5426 commemorat
3017 5375 3172 5427 etiam
3190 5374 3385 5427 Plinius
3415 5378 3467 5438 6,
3510 5374 3593 5437 31,
3625 5376 3654 5441 ς
3686 5373 3801 5437 136,
3822 5374 3909 5426 ubi
