4584 6284
695 559 802 613 126

827 678 1014 741 πόντον
1047 681 1098 748 ἒς
1123 679 1412 760 ἀγχίπορον
1443 674 1747 750 Ἀκυλήιον·
1771 675 1892 735 ἔνθα
1918 675 2162 735 νὲνασται

827 768 956 828 ἄστυ
980 772 1030 830 Τ
1034 766 1376 848 εγεστραίων,
1405 766 1660 847 μυχάτοις
1689 764 1774 825 ἐπὶ
1793 764 2006 844 πείρασι
2034 763 2245 826 πόντου.

877 860 930 918 Τ
930 857 1065 917 ὄσσα
1095 856 1190 935 μὶν
1210 855 1474 927 Αὐσονίην
1493 877 1558 915 πε
1567 852 2036 937 picticum-{ovea
2061 858 2243 932 γαῖαν.

834 948 1019 1007 Κεῖθεν
1047 946 1094 1004 δ’
1121 948 1195 1012 εἷς
1219 942 1380 1025 αὐγὰς
1399 942 1661 1023 στρεπτὴν
1682 939 2026 1023 ἄπερεύγεται
2051 940 2245 1018 ἅλμην,

713 1054 794 1095 381
822 1036 966 1101 θῖνας
996 1030 1295 1102 ὖποξύουσα
1322 1031 1668 1112 Λιὸυρνίδας,
1705 1028 1843 1111 ἀμφί
1869 1030 1914 1088 τ’
1941 1030 2166 1109 ἔρυμνὴν

827 1120 1075 1195 Ὑλλήων
1095 1120 1261 1203 χθόνα
1285 1128 1463 1181 πᾶσαν
1483 1163 1501 1193 ,
1537 1116 1636 1192 ὅση
1663 1118 2054 1199 παρακέκλιται
2073 1121 2248 1200 ἰσθμῷ

835 1209 1094 1273 Βουλίνων
1117 1213 1165 1269 τ’
1187 1212 1396 1277 ἀκταῖς·
1419 1210 1506 1269 ἐπὶ
1525 1209 1574 1268 δ’
1588 1208 1814 1269 ἄσπετον
1837 1208 1991 1269 ὁλκὸν
2013 1209 2211 1287 ἄγουσα
2227 1253 2243 1284 ,

685 1462 816 1505 tom.
856 1468 903 1514 1,
941 1468 996 1522 p.
1029 1448 1118 1503 23.
1163 1448 1436 1521 Iapygiam
1479 1449 1762 1521 Dionysius
1805 1448 1987 1503 latiore
2013 1448 2252 1503 vocabuli

684 1547 842 1583 sensu
870 1528 1033 1592 dicit,
1071 1526 1224 1581 sicuti
1254 1526 1437 1599 Scylax
1474 1525 1683 1599 aliique.
1714 1531 1760 1582 A
1789 1528 2034 1597 Gargano
2072 1538 2253 1582 monte

684 1608 863 1663 Adriae
901 1607 1113 1662 initium
1159 1608 1323 1660 sumit
1365 1606 1525 1659 etiam
1565 1605 1766 1678 Scylax.
1796 1607 1983 1676 Attigit
2009 1616 2249 1660 nostrum

684 1687 860 1742 10011111
887 1686 1207 1741 Letmnnius
1225 1684 1281 1737 in
1307 1684 1443 1738 libro
1461 1684 1652 1739 Dicuili
1677 1702 1734 1757 p.
1757 1689 1858 1750 204
1878 1726 1892 1750 ,
1919 1683 2010 1739 sed
2038 1703 2154 1757 quoe
2176 1685 2250 1739 ibi

683 1764 910 1838 probare
943 1762 1150 1828 studet,
1191 1778 1360 1833 neque
1406 1760 1745 1835 Bernhardyo
1773 1780 1944 1834 neque
1977 1764 2107 1817 mihi
2131 1782 2252 1836 per-

684 1843 863 1898 suasit.
903 1842 926 1912 ΙΙ
958 1870 1030 1883 -
1061 1840 1183 1896 381.
1214 1840 1432 1911 πόντον]
1460 1840 1608 1911 πόρον
1647 1839 1766 1897 cod.
1805 1860 1859 1905 ες
1885 1840 2071 1896 κόλπον
2112 1846 2254 1899 BCII

686 1923 837 1986 ΜΟζ
873 1919 1179 1976 Eustathius
1210 1930 1263 1974 et
1306 1918 1582 1991 Parapbr.;
1611 1916 1760 1973 sinus
1799 1918 2094 1975 Priscianus
2115 1921 2215 1990 374
2233 1963 2248 1991 ,

679 2013 844 2075 ponto
889 2001 1124 2056 Avienus
1159 1999 1280 2069 527.
1337 1999 1360 2070 ΙΙ
1410 2028 1483 2040 -
1531 2000 1656 2054 382.
1701 1998 2067 2073 Τεγεστραίων]
2098 2000 2249 2071 Τεγε-

683 2082 885 2152 στραΐον
927 2097 995 2133 011
1033 2078 1311 2134 Eustathio
1353 2078 1538 2151 reponi
1582 2075 1744 2131 voluit
1763 2076 2044 2133 Brunkius.
2083 2080 2250 2153 Oppi-

681 2158 816 2215 dum
852 2158 1006 2232 vulgo
1031 2170 1250 2213 vocatur
1285 2158 1529 2229 Τεργέστη
1548 2196 1566 2224 ,
1611 2156 1909 2231 Τεργίσται,
1950 2158 2242 2233 Τέργεστον.

685 2238 1059 2295 Artemidorus
1084 2243 1103 2307 ζ
1123 2248 1252 2293 teste
1273 2236 1580 2309 Stephano)
1612 2234 1748 2291 dixit
1774 2238 2078 2311 Τέργεστρον
2093 2280 2110 2307 ,
2138 2240 2248 2314 ipse

684 2319 983 2393 Stephanus
1010 2335 1133 2373 cum
1163 2318 1418 2391 Dionysio
1443 2316 1580 2372 dixit
1611 2316 1673 2371 τὰ
1702 2317 1948 2391 Τέγεστρα
1986 2330 2039 2373 01
2075 2322 2244 2375 civem

677 2400 1038 2472 Τεγεστραῗον.
1081 2398 1177 2451 His
1209 2395 1346 2451 adde
1381 2395 1554 2452 Suidae
1597 2394 1817 2466 glossam
1857 2414 1872 2451 τ
1918 2396 2206 2471 Τεγεσταΐοι
2224 2440 2241 2466 ,

683 2475 846 2539 ἔθνος·
879 2478 1092 2548 Τεγόστη
1123 2474 1282 2540 πόλις,
1307 2474 1452 2547 quod
1475 2476 1528 2527 in
1551 2475 1706 2547 Τεργ.
1745 2475 1936 2529 mutari
1965 2478 2146 2548 nequit
2173 2480 2243 2533 ob

679 2554 923 2610 ordinem
947 2551 1360 2628 alphabeticum,
1388 2564 1444 2607 at
1483 2554 1602 2608 licet
1632 2553 1861 2608 scribere
1887 2554 2205 2629 Τεγεστραῖοι
2221 2598 2237 2624 ,

677 2652 996 2706 quamquam
1013 2634 1069 2687 in
1093 2638 1237 2688 tanta
1261 2632 1506 2686 varietate
1527 2630 1788 2686 affirmare
1809 2632 1938 2687 nihil
1958 2634 2116 2687 ausis.
2150 2655 2242 2707 μυ·

675 2714 867 2787 χάτοις]
886 2714 1106 2786 μυχάτης
1131 2729 1179 2777 0,
1206 2710 1426 2785 μυχότου
1456 2713 1697 2775 Almo,
1723 2710 1848 2767 sort.
1867 2712 2139 2785 recte.ss—
2165 2713 2245 2769 ἐπὶ

674 2792 896 2863 πείρασι]
915 2790 988 2845 ἐπ’
1004 2788 1247 2861 ἠπείροισι
1270 2807 1322 2862 q,
1347 2790 1666 2862 παραπείρασι
1685 2793 1747 2855 C,
1765 2787 1895 2862 παρὰ
1918 2790 2099 2864 κύμασι
2115 2796 2173 2847 Η
2190 2803 2245 2848 et

673 2870 795 2926 cod.
827 2872 874 2933 ζ.
913 2871 936 2940 Ι]
963 2898 1038 2911 -
1065 2868 1190 2924 383.
1226 2869 1374 2941 γαίην
1433 2870 1536 2925 CX.
1571 2869 1816 2923 Ceterum
1861 2868 1930 2922 ab
1957 2870 2058 2925 hac
2083 2872 2244 2927 Italiae

669 2948 1019 3021 descriptione
1047 2947 1200 3019 longe
1220 2948 1366 3003 aboet
1390 2946 1612 3020 ἀκρίὸεια
1635 2948 1998 3022 geographica.
2030 2953 2062 3006 J
2066 2962 2244 3007 ustum

675 3048 850 3085 rerum
882 3028 1124 3083 ordinem
1147 3028 1376 3099 neglexit
1393 3038 1548 3101 poeta
1574 3039 1693 3101 post
1719 3031 1920 3083 Locros
1947 3046 2245 3086 memorans
2280 3065 2289 3083 .

676 3110 1036 3182 Metapontum
1080 3118 1134 3161 et
1159 3106 1354 3162 deinde
1387 3108 1673 3162 Crotonem
1699 3106 2065 3181 Sybarimque.
2101 3110 2243 3164 Tum

674 3190 970 3249 Samnitum
993 3199 1048 3242 et
1063 3190 1366 3241 Marsorum
1403 3187 1725 3241 mentionem
1754 3184 2050 3241 introducit
2073 3188 2246 3243 verbis

679 3264 759 3321 ἐπὶ
775 3269 907 3321 τοῖσι
920 3307 935 3334 ,
966 3284 1085 3339 quae
1115 3264 1391 3338 quomodo
1413 3264 1736 3337 intelligendi
1763 3267 1870 3319 sint
1885 3265 2100 3321 aliunde
2115 3268 2243 3335 scis,

679 3364 748 3400 ex
770 3348 886 3418 ipso
919 3356 1095 3400 autem
1123 3354 1280 3417 poeta
1308 3362 1416 3397 non
1448 3344 1708 3414 intelligis.
1732 3345 1858 3398 Post
1883 3344 1996 3398 baec
2017 3348 2248 3417 Iapygia!

683 3424 957 3479 mentione
1001 3423 1136 3478 sacta
1156 3462 1172 3490 ,
1224 3423 1480 3493 reliquam
1531 3422 1692 3477 Italiae
1733 3440 1882 3477 oram
1941 3424 2248 3480 orientalem

677 3519 899 3575 prorsus
926 3502 1171 3574 neglexit.
1199 3503 1224 3573 u
1261 3532 1333 3543 —
1370 3502 1494 3567 384.
1527 3500 1618 3571 εἷς]
1643 3498 1689 3562 ἐς
1717 3505 1830 3557 Coc.
1862 3501 1886 3571 11
1913 3530 1985 3543 -
2010 3500 2247 3573 στρεπτὴν

685 3580 1003 3655 ἐπερεύγεται
1031 3580 1198 3653 ἅλμην
1248 3580 1388 3637 Coxlt
1414 3579 1692 3654 Paraphr.,
1721 3577 1958 3653 στρεπτὴν
1997 3580 2246 3655 ἐπερεύγε-

683 3680 766 3716 ται
797 3660 965 3735 ἅλμην
986 3661 1174 3731 chkt.
1207 3660 1447 3735 στρεπτὴν
1470 3658 1786 3733 ὑπερεύγεται
1813 3659 1980 3732 ἅλμην
2001 3660 2082 3733 as}
2115 3682 2251 3735 στρε-

683 3739 809 3811 πτὴν
843 3741 1149 3814 περισῦρεται
1181 3740 1348 3813 ἅλμην
1390 3740 1463 3796 Χί
1496 3738 1645 3806 Ald.;
1686 3737 1894 3813 στρεπτὴ
1937 3738 2252 3815 (ἐπερεύγεται

681 3820 821 3894 ἅλμη
848 3831 955 3895 qet
975 3838 1142 3892 marg.
1173 3824 1298 3885 ΟΥ,
1320 3816 1528 3892 στρεπτὴ
1554 3818 1856 3892 περισύρεται
1875 3818 2012 3891 ἅλμη
2041 3824 2253 3880 ABGH

683 3898 1144 3966 szvordrt,
1175 3896 1383 3971 στρεπτὴ
1413 3896 1737 3970 παρασύρεται
1771 3897 1908 3970 ἅλμη
1937 3902 1986 3967 Q
2012 3909 2068 3954 et
2097 3898 2245 3955 editt.

680 3991 805 4035 ante
830 3976 1250 4051 Bernhardyum.
1283 3980 1541 4033 Praeterea
1575 3978 1640 4031 R.
1668 3987 1720 4032 et
1754 3979 1825 4033 H.
1868 3977 2166 4051 Stephanus
2193 3980 2247 4034 in

685 4078 794 4115 var.
825 4057 947 4114 lect.
975 4068 1254 4132 apponunt
1283 4074 1298 4113 z
1329 4054 1538 4129 στρεπτὴ
1568 4055 1838 4130 ἔπισῦρεται
1872 4057 2034 4131 ἅλμη.
2080 4058 2252 4114 Facile

684 4138 990 4211 intelligitur
1000 4156 1102 4193 cur
1114 4137 1282 4211 ἅλμην
1298 4138 1356 4191 in
1374 4135 1512 4209 ἅλμη
1523 4136 1738 4209 quidam
1757 4138 2012 4194 orationis
2035 4140 2252 4193 concin-

684 4218 830 4275 nitati
856 4218 1150 4274 consulturi
1176 4216 1514 4273 mutaverint.
1547 4217 1569 4288 ΙΙ
1595 4245 1672 4257 -
1690 4217 1814 4274 385.
1846 4217 2129 4291 Διὸυρνίδος
2167 4226 2254 4276 ΟΥ

683 4297 823 4362 edan
851 4296 1056 4371 ἕρίμνην
1095 4295 1153 4351 d.
1191 4297 1215 4370 11
1244 4327 1321 4339 —
1348 4297 1472 4352 386.
1511 4293 1779 4371 Ὑλλήων]
1811 4297 1887 4352 sic
1911 4298 2216 4352 Eustathius
2235 4338 2250 4364 ,

692 4375 875 4433 Ὗλίων
892 4382 967 4444 A,
980 4375 1232 4445 Ὕλλείου,
1254 4375 1497 4431 Ύλλείων
1513 4376 1669 4431 ceteri
1686 4396 1703 4444 ς
1725 4376 1797 4431 cf.
1817 4378 1970 4433 Eust.
1991 4378 2252 4433 Bernhar-

685 4460 819 4535 dyus
838 4457 1211 4529 1011.Ὗλλείην
1230 4458 1392 4531 χθόνα
1404 4456 1741 4513 scribendum
1755 4476 1868 4513 esse
1889 4462 2111 4514 censuit.
2130 4460 2256 4515 For·

686 4556 830 4593 mam
857 4539 1060 4611 epicam
1089 4533 1324 4608 Ὑλλήων
1347 4548 1402 4593 01
1432 4534 1652 4607 Ὑλλῇας
1675 4537 1835 4594 babet
1857 4539 2016 4594 etiam
2045 4540 2256 4615 Apollo-

683 4618 804 4671 nius
813 4614 1053 4673 Rhodius
1065 4620 1121 4684 4,
1145 4617 1247 4681 524
1263 4618 1450 4690 01527,
1468 4616 1616 4690 cujus
1635 4618 1988 4689 Argonautica
2003 4620 2058 4674 in
2079 4620 2255 4674 multis

681 4699 876 4753 Noster
911 4708 1034 4753 ante
1074 4698 1255 4753 oculos
1281 4698 1486 4753 babuit.
1511 4701 1654 4753 Gens
1675 4699 1776 4753 ista
1811 4697 2012 4762 Ὑλλεΐς
2037 4711 2256 4755 vocatur

680 4782 840 4835 etiam
853 4796 940 4852 ap.
953 4778 1136 4851 Steph.
1155 4780 1283 4851 Byz.
1300 4795 1345 4834 s.
1363 4794 1444 4842 v..
1463 4779 1640 4850 Etxm.
1662 4780 1736 4833 M.
1756 4797 1812 4852 p.
1838 4782 1962 4849 776,
1981 4779 2248 4851 38,εο1101.

682 4858 859 4933 Apoll.
884 4860 989 4913 Rh.
1011 4863 1066 4924 4,
1085 4857 1188 4924 524
1208 4878 1225 4924 3
1248 4856 1434 4912 Ὗλλοι
1455 4852 1709 4913 vocantur
1734 4858 1802 4913 ab
1819 4858 2144 4932 Apollodoro
2163 4879 2250 4936 ap.

679 4938 758 4994 St.
789 4938 916 5009 Byz.
940 4956 992 4993 v,
1031 4934 1260 5005 Ὗλλεῗς,
1286 4936 1494 5011 Scylace
1519 4940 1550 5007 S
1578 4953 1646 4991 22
1669 4947 1722 4991 01
1745 4945 2012 5010 Anonym.
2045 4940 2245 5011 Pericg.

680 5018 704 5086 (
721 5016 998 5088 Scymno)
1040 5034 1094 5073 V.
1124 5019 1261 5083 408,
1294 5015 1390 5071 11111
1441 5016 1558 5071 vide
1583 5035 1701 5088 quae
1727 5016 1796 5071 de
1830 5018 2032 5090 Hyllica
2068 5020 2251 5091 penin-

679 5092 793 5149 sula
817 5104 1017 5149 veteres
1043 5093 1261 5151 fabulati
1282 5095 1392 5151 sint
1416 5096 1582 5169 (tom.
1615 5112 1664 5162 1,
1687 5114 1743 5169 p.
1775 5099 1842 5153 28
1867 5106 1922 5151 01
1947 5096 2108 5167 213).
2137 5098 2159 5167 ΙΙ
2183 5129 2248 5139 -

679 5174 773 5242 ὅση
803 5174 1156 5245 παρακέκλιται
1185 5173 1385 5249 ἰσθμῷ]
1406 5174 1490 5231 Cf.
1533 5174 1877 5230 Callimachus
1901 5176 1956 5229 in
1984 5177 2103 5232 Del.
2137 5194 2205 5247 72
2235 5197 2245 5231 :

675 5255 826 5323 φεῦγε
862 5252 908 5304 δ’
936 5252 1032 5319 ὅλη
1071 5252 1353 5323 Πελοπηὶς,
1385 5255 1477 5324 ὅση
1522 5254 1868 5326 παρακέκλιται
1894 5253 2070 5329 ἰσθμῖ).
2111 5258 2135 5325 ΙΙ
2176 5287 2241 5297 -

678 5330 805 5400 387.
836 5329 1090 5385 Βουλίνων
1141 5332 1196 5396 11,
1251 5332 1526 5406 Βουλήμων
1551 5334 1646 5398 ΚΙ,
1671 5334 1981 5406 Βουλιμαῑων
2010 5338 2240 5390 ΑΒΟὓί.

678 5408 1322 5484 ΗΜΟζΑῘΝἰωρὴοτιιε,
1353 5412 1679 5486 Βουλημαίων
1708 5414 1814 5480 ber,
1846 5413 2110 5469 Bulimeon
2139 5416 2242 5468 Pri-

2107 542 2459 604 moNst

2336 680 2652 736 diffunditur
2678 682 2732 735 in
2760 683 3062 755 proximum
3081 681 3331 755 Aquilejae
3356 702 3520 751 mare,
3541 686 3609 741 ad
3628 688 3775 763 quod
3796 688 3899 748 sita·

2338 769 2463 825 urbs
2495 772 2910 842 Tergestaeorum
2927 810 2943 835 ,
2971 772 3169 826 intimis
3195 773 3249 825 in
3275 771 3470 827 finibus
3496 778 3675 833 maris.

2404 859 2509 913 Tot
2534 860 2694 930 igitur
2723 859 2904 933 populi
2930 860 3068 913 circa
3092 869 3289 914 terram
3314 863 3606 917 Ausoniam
3633 865 3893 925 habitant.

2335 942 2466 998 Inde
2483 961 2607 999 vero
2626 944 2935 1019 salsuginem
2954 945 3197 1019 propellit
3216 948 3271 1001 in
3290 958 3469 1002 ortum
3495 966 3821 1021 conversam,

2335 1030 2487 1085 litora
2512 1031 2798 1087 Liburnica
2826 1032 3047 1098 radens,
3078 1034 3386 1107 circumque
3422 1038 3683 1095 munitam

2336 1119 2609 1192 Hyllorum
2632 1129 2824 1175 terram
2850 1139 3062 1176 omnem
3077 1162 3093 1188 ,
3118 1132 3315 1195 quanta
3341 1124 3539 1179 isthmo
3554 1124 3755 1197 adjacet

2335 1217 2387 1261 et
2412 1206 2721 1261 Bulinorum
2752 1207 2923 1273 litori;
2966 1210 3384 1282 immensumque
3413 1222 3639 1266 tractum
3678 1232 3898 1271 movens

2338 1446 2544 1501 scianus
2558 1447 2661 1503 380
2672 1448 2923 1512 (Avienus
2934 1458 3141 1517 gentem
3154 1466 3262 1504 non
3280 1455 3575 1523 memorat).
3592 1455 3895 1511 Eustathius

2338 1525 2457 1597 legit
2470 1526 2771 1599 Βουλιμέων,
2787 1524 2931 1598 quod
2947 1527 3139 1581 habent
3151 1532 3254 1585 LN
3262 1532 3303 1583 Υ
3314 1539 3365 1582 01
3374 1547 3533 1601 supra
3546 1548 3647 1587 scr.
3660 1537 3705 1587 B
3712 1556 3734 1597 ,·
3754 1534 3897 1591 idem

2339 1616 2649 1678 receperunt
2674 1605 2903 1660 editores
2930 1605 3162 1677 plurimi.
3188 1608 3431 1661 Ceterum
3458 1625 3490 1661 e
3521 1609 3691 1665 verbis
3708 1614 3897 1669 Eusta-

2340 1685 2435 1739 thii
2471 1702 2485 1739 ε
2516 1682 2625 1739 ἐκεῖ
2644 1685 2697 1739 δί
2729 1704 2846 1756 φησι
2878 1684 2960 1737 καὶ
2985 1684 3031 1738 οἱ
3076 1683 3359 1756 Βουλιμεΐς,
3401 1684 3483 1749 οὓς
3508 1705 3635 1752 τινες
3660 1688 3741 1741 διὰ
3777 1696 3896 1746 τοῦν

2338 1764 2573 1835 γράφουσι
2600 1761 2853 1825 Βουλινεΐς
2878 1763 2915 1829 ἢ·
2952 1761 3212 1825 Βουλίνους
3242 1762 3539 1828 (Βουλινοῦς
3570 1783 3682 1821 var.
3708 1767 3830 1825 lect.
3848 1773 3895 1840 ),

2336 1840 2581 1914 conjicias
2609 1844 2665 1896 in
2694 1842 2807 1896 aliis
2836 1840 3108 1896 codicibus
3137 1841 3295 1895 fuisse
3336 1840 3610 1898 Βουλινίων
3634 1854 3688 1899 01
3719 1845 3898 1901 Βουλί-

2338 1940 2465 1987 νων,
2482 1938 2711 1993 quorum
2736 1920 2839 1974 1100
2863 1920 3021 1974 11111101
3042 1920 3095 1985 11,
3129 1919 3257 1974 illud
3284 1922 3541 1993 reperisse
3566 1923 3775 1979 videtur
3803 1944 3898 1981 au·

2334 2010 2451 2055 ctor
2484 2000 2729 2055 editionis
2773 2000 3066 2054 Basiliensis
3096 1999 3116 2072 (
3134 2017 3223 2055 an.
3272 2000 3472 2069 1523),
3525 2019 3646 2074 quae
3685 2003 3901 2061 exhibet

2337 2079 2628 2145 Βουλινέων,
2652 2078 3000 2152 probantibus
3021 2078 3252 2133 Hem-ico
3266 2079 3532 2152 Stephano
3552 2091 3608 2136 et
3624 2082 3897 2141 Holstenio

2332 2157 2400 2215 ad
2422 2159 2601 2232 Steph.
2628 2159 2750 2232 Byr.
2776 2169 2829 2213 et
2852 2156 3012 2213 Hillio
3036 2156 3106 2212 ad
3148 2157 3294 2213 1111110
3313 2159 3514 2218 10011111.
3543 2161 3653 2215 Nos
3689 2174 3897 2233 gentem

2335 2240 2487 2292 istam
2512 2238 2569 2292 in
2598 2237 2682 2291 bis
2705 2236 2887 2291 saltem
2906 2234 3118 2291 sedibus
3138 2255 3248 2293 non
3295 2240 3543 2293 novimus
3567 2240 3669 2294 nisi
3696 2258 3727 2295 e
3873 2273 3897 2287 ·

2332 2317 2440 2372 lace
2453 2316 2486 2374 l.
2508 2316 2542 2371 l.
2560 2328 2613 2372 et
2631 2317 2899 2390 Anonymi
2917 2317 3120 2388 Perieg.
3150 2333 3203 2371 v.
3224 2319 3326 2382 404
3345 2327 3398 2372 01
3423 2317 3708 2392 Stephano.
3737 2324 3895 2395 Apud

2331 2396 2653 2469 Stephanum
2683 2407 2939 2451 vocantur
2967 2395 3231 2463 Βουλῒνοι,
3254 2414 3374 2451 nam
3403 2397 3551 2469 quod
3575 2399 3731 2471 vulgo
3752 2404 3895 2474 apud

2331 2476 2510 2549 Stepb.
2537 2474 2804 2547 legebatur
2842 2473 3090 2541 Βουλινοί,
3122 2492 3227 2528 non
3274 2474 3545 2530 codicibus
3588 2479 3777 2533 nititur
3803 2481 3898 2535 sed

2330 2553 2549 2609 arbitrio
2585 2553 2809 2608 debetur
2836 2552 3093 2627 Xylandri
3113 2573 3130 2620 3
3150 2552 3373 2626 Scylacis
3399 2553 3569 2609 codex
3592 2556 3755 2613 habet
3780 2559 3901 2613 Boua

2330 2632 2488 2700 λινοί,
2519 2632 2610 2688 sed
2637 2630 2799 2704 hujus
2822 2632 2945 2686 libri
2970 2631 3351 2704 corruptissimi
3381 2634 3747 2690 auctoritatem
3784 2656 3898 2693 esse

2332 2710 2526 2767 nullam
2566 2710 2734 2786 probe
2775 2711 2988 2766 novisti.
3017 2712 3083 2764 In
3133 2711 3401 2783 Anonymi
3427 2712 3707 2784 periegesis
3743 2733 3900 2770 versu

2335 2792 2437 2855 404
2472 2806 2485 2844 :
2523 2790 2723 2853 Τούτοις
2755 2790 2996 2845 συνάπτον
3028 2789 3072 2841 δ’
3101 2787 3205 2843 loti.
3255 2790 3517 2863 Βουλιμῶν
3564 2792 3701 2855 ἔθνος
3718 2832 3734 2861 ,
3788 2814 3899 2850 11011

2329 2867 2495 2940 liquet
2520 2886 2651 2923 num
2677 2886 2693 2921 ι
2716 2866 2865 2922 litera
2891 2878 3131 2941 correpta
3153 2868 3223 2923 sit
3246 2887 3313 2923 an
3337 2868 3626 2942 producta,
3654 2877 3899 2945 quamvis

2330 2958 2605 3003 accentum
2630 2949 2689 3003 in
2722 2948 2906 3005 ultima
2939 2960 3195 3022 ponentes
3214 2950 3413 3023 corripi
3433 2950 3780 3021 penultimam
3805 2972 3897 3009 vo·

2332 3026 2565 3084 luerunt.
2595 3029 2842 3083 Ceterum
2878 3028 3053 3083 Bulini
3085 3026 3377 3083 secundum
3414 3028 3680 3101 Scylacem
3714 3032 3898 3103 Hyllo-

2332 3124 2454 3161 rum
2496 3104 2849 3180 ἇγχιτίρμονες
2875 3117 3050 3174 eram,
3092 3108 3165 3163 ita
3194 3117 3256 3161 ut
3297 3106 3364 3161 ab
3400 3106 3605 3180 Hyllica
3624 3110 3899 3181 peninsula

2334 3186 2661 3257 pertinerent
2683 3202 2851 3258 usque
2893 3184 2963 3240 ad
2997 3188 3215 3241 Noetum
3240 3186 3484 3242 fluvium.
3528 3187 3742 3261 Optime
3774 3207 3897 3244 cum

2335 3265 2415 3318 bis
2446 3265 2681 3320 concinit
2698 3266 2983 3339 Dionysius
3009 3264 3335 3339 Hyllensium
3356 3264 3628 3335 regionem
3659 3264 3899 3337 adjacere

2334 3343 2516 3397 dicens
2550 3343 2747 3399 isthmo
2772 3342 3103 3415 peninsulam
3128 3342 3374 3397 efficienti
3400 3352 3561 3413 atque
3584 3343 3898 3399 Bulinorum

2334 3420 2497 3479 litori.
2526 3424 2660 3491 Quat
2686 3432 2935 3495 corrupta
2972 3420 3113 3494 apud
3143 3420 3404 3493 Scylacem
3428 3420 3676 3492 leguntur
3712 3420 3809 3477 ἀπὸ
3848 3423 3901 3477 st

2336 3500 2640 3573 Χερρονήσου
2674 3502 3000 3572 παραστόνιον
3030 3499 3174 3571 ὀρθόν
3192 3518 3205 3532 ·
3246 3500 3428 3569 ταύτην
3457 3504 3745 3573 παροικοῦσι
3772 3502 3899 3554 Βου-

2337 3578 2499 3647 λῗῢοι,
2530 3580 2709 3635 nescio
2748 3598 2817 3634 an
2848 3580 2994 3635 hunc
3028 3581 3083 3634 in
3134 3577 3354 3635 modum
3394 3577 3699 3651 refingenda
3738 3580 3847 3635 sint
3879 3600 3895 3637 :

2339 3658 2434 3714 ἀπὸ
2456 3659 2508 3714 81
2531 3659 2838 3733 Χερρονήσου
2862 3658 3075 3731 ὗπῶρεια
3101 3656 3252 3725 στενὴ
3274 3657 3324 3713 ἔν
3351 3658 3483 3731 ὀρθῷ
3507 3660 3618 3714 sive
3637 3658 3711 3715 ἔπ’
3726 3660 3894 3731 ὀρθόν,

2337 3751 2428 3794 aut
2456 3757 2515 3795 t..
2544 3738 2641 3796 ἀπὸ
2663 3739 2717 3795 δὶ
2741 3738 3047 3813 Χερρονήσου
3070 3739 3345 3812 παρατείνει
3371 3738 3474 3812 flav
3502 3738 3621 3812 [ἐπ’]
3647 3739 3793 3812 ὀρθὸν
3820 3742 3901 3796 vel

2338 3818 2443 3893 ᾗὼν
2468 3819 2611 3892 ὀρθή.
2636 3824 2949 3894 Anonymus
2976 3837 3057 3874 vs.
3088 3818 3437 3885 40431111οω
3461 3818 3601 3873 inter
3628 3819 3895 3876 Liburnos

2338 3912 2392 3955 01
2414 3901 2593 3975 Hyllos
2615 3901 2862 3969 collocat,
2882 3899 3027 3974 quod
3044 3901 3101 3955 in
3120 3900 3358 3973 Dionysii
3388 3898 3546 3953 verba
3574 3900 3749 3955 miuus
3770 3918 3901 3975 qua·

2340 3980 2493 4049 drat;
2526 3993 2709 4039 contra
2738 4000 2861 4037 vero
2888 3981 3170 4054 Dionysius
3192 3996 3315 4035 cum
3341 3983 3626 4053 Anonymo
3650 3992 3809 4053 poeta
3830 4000 3896 4037 00

2340 4064 2598 4118 consentit
2627 4060 2773 4135 quod
2800 4058 3027 4133 Illyridis
3066 4058 3277 4113 initium
3315 4066 3437 4130 post
3463 4056 3778 4112 Bulinorum
3814 4077 3900 4113 re-

2338 4144 2547 4215 gionem
2592 4142 2773 4217 ponit,
2820 4139 2951 4196 dum
2991 4138 3175 4212 Scylax
3213 4138 3393 4211 Hyllos
3424 4148 3477 4192 et
3517 4137 3734 4193 Bulinos
3773 4138 3899 4213 Illy-

2340 4222 2431 4278 riae
2471 4222 2664 4277 finibus
2709 4218 3126 4295 comprehendit.
3183 4218 3206 4289 ΙΙ
3247 4248 3323 4260 -
3362 4216 3574 4292 ἀκταῖς]
3622 4216 3905 4292 abcdcsoqe·

2342 4300 2464 4359 Ald.
2510 4301 2688 4375 Steph.
2730 4311 2783 4355 et
2826 4296 3033 4354 codices
3063 4297 3284 4353 Parisini
3329 4297 3545 4371 plurimi
3600 4308 3652 4353 et
3676 4299 3899 4372 optimi;

2342 4381 2489 4447 ἀκτὰς
2508 4381 2666 4437 ceteri
2680 4420 2695 4447 ,
2721 4379 2860 4435 inter
2884 4396 3018 4450 quos
3059 4376 3229 4433 codex
3254 4381 3328 4435 A.
3365 4378 3612 4433 Ceterum
3638 4378 3903 4434 Bernhar-

2341 4464 2476 4537 dyus
2493 4464 2565 4518 ita
2588 4461 2830 4516 distinxit
2856 4479 2871 4516 t
2904 4457 3185 4532 Βουλιμέων
3210 4460 3276 4513 τ’·
3310 4457 3482 4523 ἀκταῖς
3508 4460 3557 4513 δ’
3586 4460 3665 4515 ἐπὶ
3687 4459 3899 4515 ἄσπετον

2342 4542 2453 4601 κτλ.
2480 4542 2745 4597 Nimirum
2765 4536 3135 4611 Bernhardyus
3157 4555 3281 4592 cum
3305 4537 3465 4592 Hillio
3488 4549 3664 4593 censet
3684 4538 3901 4593 Bulinos

2346 4624 2584 4695 Dionysii
2612 4638 2721 4675 non
2747 4618 2981 4673 diversos
3000 4636 3111 4671 esse
3136 4636 3168 4672 a
3192 4617 3519 4671 Bullionibus
3537 4636 3670 4689 quos
3688 4618 3895 4686 Strabo,

2342 4700 2574 4766 Plinius,
2613 4697 2700 4752 alii
2742 4699 2765 4766 (
2784 4714 2833 4753 ν.
2869 4707 2999 4750 tom.
3044 4712 3093 4762 1,
3123 4713 3179 4768 p.
3208 4695 3310 4749 213
3339 4705 3449 4748 001.
3475 4699 3493 4762 )
3535 4713 3643 4749 1100
3686 4694 3839 4765 longe
3868 4712 3903 4748 a

2342 4780 2612 4837 Cerauniis
2638 4776 2904 4831 montibus
2921 4776 3059 4829 cirea
3079 4778 3255 4831 Aoum
3279 4774 3497 4827 fluvium
3516 4775 3570 4827 in
3596 4772 3823 4845 Illyridis
3848 4782 3903 4828 et

2346 4860 2496 4932 Epiri
2530 4856 2775 4913 confiniis
2807 4854 3081 4910 collocant.
3110 4856 3293 4923 Quum
3330 4864 3505 4907 autem
3540 4852 3727 4906 Hillius
3750 4862 3904 4907 caute

2346 4936 2625 5010 subjecerit
2648 4936 2961 5008 Dionysium
2986 4932 3149 4987 videri
3187 4950 3368 4987 verum
3404 4930 3706 4986 Bullionum
3738 4932 3903 4985 situm

2344 5021 2610 5087 ignorasse
2634 5016 2884 5087 quoniam
2911 5022 3067 5085 poeta
3088 5013 3403 5065 immensum
3437 5020 3663 5064 tractum
3697 5012 3720 5079 (
3739 5011 3903 5064 totius

2343 5095 2539 5150 scilicet
2581 5093 2852 5149 Dalmatia
2904 5088 3321 5161 longitudinem)
3382 5090 3524 5142 inter
3575 5087 3793 5143 Bulinos
3850 5099 3905 5143 et

2344 5174 2663 5229 Geraunicos
2693 5174 2992 5245 interponat
3038 5186 3053 5225 ε
3109 5166 3481 5240 Bernhardyus
3526 5168 3629 5222 1100
3657 5176 3813 5237 negat
3850 5176 3905 5219 et

2344 5253 2743 5326 geographicam
2770 5250 2998 5305 auctoris
3036 5248 3117 5301 sui
3150 5247 3393 5319 peritiam
3422 5244 3736 5317 corrigendo
3764 5244 3903 5298 tueri

2347 5342 2587 5387 conatur.
2626 5356 2651 5377 ι
2687 5330 2821 5399 Quis
2843 5338 2921 5383 est
2960 5328 3100 5380 enim
3115 5366 3131 5394 ,
3162 5326 3363 5398 inquit,
3392 5326 3525 5398 quin
3565 5324 3718 5379 talem
3745 5321 3907 5396 hujus

2346 5430 2452 5467 orae
2473 5410 2875 5481 descriptionem
2901 5423 3021 5461 cum
3054 5406 3214 5463 {tinio
3239 5415 3445 5480 stupeat
3462 5444 3476 5471 ,
3498 5414 3560 5459 ut
3588 5405 3903 5457 immensum
