4584 6284
1788 477 2145 539 ANAPLUS
2189 477 2506 539 Bosrom
2547 478 2886 541 THRACII'.
3861 494 3930 545 st

734 607 925 679 inopie
952 607 1235 663 hominum
1251 649 1269 676 ,
1296 610 1389 681 qui
1405 649 1423 674 ,
1452 619 1515 663 ut
1539 612 1727 679 exigua
1765 610 1999 682 impensu
2024 628 2296 665 servomm

734 694 989 751 aedificent
1004 735 1021 765 ,
1050 714 1176 751 sexu
1209 714 1277 751 ex
1308 697 1537 751 latomiis
1564 715 1671 751 uon
1702 707 1921 765 eruunt,
1956 696 2049 751 scd
2076 708 2298 769 agrestes

732 794 933 851 cautes,
968 802 1079 839 non
1110 784 1279 840 modo
1314 786 1643 840 cementitiis
1676 786 1922 859 operibus
1946 786 2179 859 ineptas,
2204 786 2297 839 sed

731 872 885 925 etiam
911 870 1259 927 abhorrentes
1292 891 1325 927 e
1348 873 1489 927 calce
1506 912 1523 939 ,
1553 891 1619 927 ex
1644 874 1883 929 omnium
1922 872 2159 927 littorum
2186 890 2298 926 cre·

731 956 1003 1031 pidinibus
1026 970 1081 1015 et
1106 960 1411 1034 precipitiis
1448 960 1763 1017 exscindam
1790 961 1857 1017 ed
1882 972 2200 1017 structurtnn
2222 962 2299 1015 vi-

732 1042 863 1101 lium
890 1044 1265 1102 edificiorum.
1294 1051 1345 1103 A
1366 1047 1496 1104 velle
1514 1047 1763 1103 Libedica
1790 1048 1933 1104 littus
1954 1048 2215 1103 excelsum
2244 1060 2299 1104 et

728 1132 1016 1208 sbruptum
1054 1135 1215 1209 paulo
1238 1136 1359 1209 plus
1390 1136 1531 1193 mille
1566 1154 1747 1211 passus
1768 1139 2000 1193 excurrit
2020 1136 2087 1193 ed
2112 1136 2294 1193 vellem

732 1240 893 1297 quam
922 1223 1189 1296 appellant
1227 1224 1395 1281 Linon
1408 1266 1423 1293 ,
1459 1227 1612 1281 sitem
1638 1244 1804 1300 prope
1838 1226 2013 1281 sinum
2041 1224 2291 1281 Pharma-

732 1310 901 1381 ciem,
932 1308 1086 1383 cujus
1112 1313 1371 1369 maritima
1409 1312 1649 1387 planities
1684 1314 2031 1370 ducentorum
2066 1324 2121 1369 et
2144 1332 2291 1369 sexu·

731 1396 878 1469 ginta
902 1414 1151 1471 passuum
1172 1400 1497 1457 latitudinem
1522 1400 1767 1475 complet.
1840 1401 1981 1456 Olim
2007 1399 2291 1455 habitatam

732 1482 893 1538 fuisse
928 1482 1213 1541 ostendunt
1250 1486 1509 1559 pei-mults
1546 1484 1885 1542 edificiorum
1927 1484 2290 1541 fundamenta.

732 1571 935 1629 Vallem
982 1572 1317 1647 subsequitur
1340 1576 1761 1648 promontorium
1774 1614 1792 1643 ,
1838 1572 2083 1630 dividens
2116 1576 2291 1629 sinum

732 1658 879 1715 vallis
901 1677 934 1714 a
952 1660 1073 1713 sinu
1101 1660 1404 1717 Phar-mucia
1421 1704 1437 1729 ,
1464 1660 1610 1733 quod
1638 1663 1695 1716 in
1734 1671 2016 1717 centenum
2040 1679 2291 1737 passuum

732 1742 1061 1799 latitudinem
1081 1763 1227 1801 suem
1247 1746 1477 1803 redicem
1514 1749 1623 1820 ugit
1636 1788 1653 1814 ,
1674 1746 1775 1803 sub
1796 1764 1902 1821 qua
1922 1748 2127 1803 exsistit
2150 1749 2294 1803 insu-

728 1831 833 1887 lula
857 1847 949 1884 sen
970 1832 1145 1903 potins
1169 1834 1415 1907 scopulus
1430 1835 1487 1889 in
1508 1834 1671 1891 mults
1692 1852 1818 1890 sexa
1840 1832 2069 1903 divisus,
2096 1835 2153 1890 in
2176 1854 2294 1909 pas·

726 1939 879 1977 suum
898 1920 1281 1992 longitudinem
1314 1922 1525 1977 circiter
1550 1932 1766 1978 centum
1788 1923 2055 1995 sexaginte
2070 1922 2138 1978 sb
2154 1934 2292 1979 -ortu

724 2012 973 2067 solstitiali
1014 2008 1084 2067 ed
1118 2028 1365 2067 occssum
1406 2010 1699 2067 brumalem
1733 2022 2039 2085 porrectus3
2078 2010 2238 2067 distet
2262 2031 2294 2067 e

724 2102 1025 2160 continente
1070 2098 1423 2173 quadraginta
1475 2116 1659 2173 pessus
1676 2140 1691 2167 ,
1744 2097 2101 2155 circumdatus
2158 2102 2291 2155 meri

722 2188 935 2259 vadoso,
954 2206 1095 2261 genu
1118 2198 1271 2243 tenus
1292 2188 1399 2244 alto
1410 2208 1427 2256 ς
1456 2206 1489 2243 ει
1508 2189 1707 2244 Graecis
1723 2188 2013 2262 appellatur
2044 2192 2257 2259 ceter-gu
2272 2229 2290 2256 ,

720 2272 823 2331 bu:
853 2286 926 2331 est
946 2274 1199 2341 triremis,
1225 2292 1259 2330 u
1279 2272 1625 2330 similitudine
1650 2292 1810 2348 quum
1826 2293 1937 2349 proe
1954 2292 2010 2329 se
2039 2279 2175 2347 gerit
2198 2276 2292 2330 tri-

725 2364 903 2419 remis.
976 2364 1095 2419 Hoc
1116 2362 1337 2437 scopulo
1361 2374 1417 2419 et
1440 2363 1807 2438 promontorio
1827 2380 1989 2437 super
2018 2363 2294 2436 scopulum

726 2451 1067 2525 impendente
1104 2450 1173 2507 ab
1206 2469 1397 2507 occasu
1434 2450 1689 2506 solstitiali
1732 2450 1936 2507 clausus
1978 2450 2153 2518 sinus,
2194 2452 2296 2507 sub

724 2537 911 2594 vallem
953 2538 1125 2594 Linon
1169 2536 1461 2611 subjectus,
1515 2537 1582 2592 ab
1634 2548 1759 2595 ortu
1810 2537 2037 2593 brumali
2094 2538 2296 2594 cinctus

720 2622 1093 2695 promontorio
1122 2622 1379 2696 precipiti
1420 2632 1473 2677 et
1498 2638 1635 2695 pene
1675 2620 1905 2689 directo,
1948 2619 2035 2676 ille
2070 2622 2183 2694 ipse
2214 2634 2294 2678 est

718 2726 879 2785 quem
898 2710 1187 2784 Dionysius
1212 2712 1454 2766 nominet
1473 2701 1657 2764 Εὔδιον
1688 2700 1899 2777 Καλόν,
1928 2709 1985 2764 id
2008 2709 2154 2783 quod
2176 2730 2296 2785 per.

716 2798 911 2873 cipiun-
954 2816 1079 2853 cum
1136 2796 1327 2853 ordine
1373 2798 1569 2872 Anapli
1622 2798 1933 2871 Dionysisui
1954 2836 1971 2863 ,
2020 2808 2136 2851 tum
2189 2800 2296 2855 situ

714 2887 917 2959 exigue
938 2884 1181 2941 insulula
1199 2924 1217 2953 ,
1254 2902 1363 2959 qua
1384 2884 1669 2941 clauditur.
1742 2882 1895 2939 Adeo
1920 2883 2065 2938 enim
2100 2886 2295 2957 exiguo

714 2977 873 3032 maris
894 2976 1067 3049 spatio
1084 2992 1145 3031 es
1163 2984 1485 3048 separatura
1508 2974 1801 3031 continenti
1816 3012 1834 3041 ,
1864 2982 1927 3027 ut
1948 2990 2071 3027 cum
2102 2984 2292 3032 natura

712 3063 782 3119 sit
802 3062 972 3119 insula
990 3102 1007 3131 ,
1033 3072 1250 3136 aspectu
1284 3059 1529 3117 videntur
1564 3062 1860 3117 continens.
1934 3059 2289 3133 Temporibus

712 3152 955 3226 Dionysii
994 3148 1221 3206 insulam
1248 3168 1361 3205 nou
1395 3149 1588 3217 fuisse,
1630 3148 1725 3205 sed
1756 3150 1921 3203 visum
1948 3145 2110 3202 fuisse
2146 3159 2291 3223 patet

714 3236 915 3311 exejus
949 3236 1153 3303 verbis,
1186 3252 1313 3291 cum
1350 3236 1467 3292 ait:
1496 3236 1643 3291 littus
1682 3234 1770 3303 id,
1808 3230 1957 3308 quod
1983 3232 2183 3291 claudit
2214 3238 2287 3291 si-

716 3318 845 3383 nu‘ffi
860 3317 1049 3380 Εὔδιον
1070 3314 1279 3393 Καλόν,
1304 3320 1439 3378 adeo
1462 3332 1793 3379 contractum
1820 3322 1979 3381 fuisse
1998 3324 2147 3381 brevi
2174 3342 2286 3379 me·

715 3414 789 3469 ris
819 3414 989 3487 spatio
1020 3408 1407 3467 circumdatum
1424 3449 1441 3478 ,
1472 3420 1535 3464 ut
1564 3426 1689 3465 eum
1728 3420 1912 3466 nature
1944 3422 2080 3467 esset
2119 3422 2288 3467 conu-

712 3518 873 3567 nens,
903 3508 1118 3574 aspectu
1153 3496 1326 3554 insula
1348 3496 1641 3555 videretur.
1715 3496 1871 3555 Nunc
1908 3518 1941 3555 a
1976 3500 2284 3555 continente

714 3586 939 3644 abscissa
964 3596 1073 3656 est,
1113 3584 1197 3643 vel
1228 3586 1479 3661 temporis
1502 3584 1661 3659 longe
1685 3596 1967 3657 vetustate,
1998 3587 2080 3643 vel
2105 3588 2284 3663 potius

712 3674 991 3733 bominum
1018 3694 1198 3751 opere,
1222 3676 1401 3731 omnia
1424 3692 1547 3731 ssxs
1568 3676 1649 3731 vel
1676 3675 2065 3735 deformissime
2078 3679 2133 3732 in
2160 3677 2284 3733 viles

717 3766 1089 3822 :edificationes
1110 3764 1551 3822 exscindentium.

786 3860 965 3927 Atque
991 3864 1055 3909 ut
1078 3852 1269 3909 clarius
1300 3863 1547 3909 noscetur
1586 3854 1731 3909 sinus
1769 3854 2103 3911 Pharmecias
2136 3872 2249 3910 esse
2263 3896 2281 3925 ,

714 3958 875 4014 quem
926 3938 1091 3995 bodie
1119 3940 1382 4014 appellent
1412 3940 1759 4013 Therapism‚
1790 3940 2065 4015 subjiciam
2117 3940 2283 4014 qualis

712 4030 798 4085 sit.
835 4029 922 4086 Ab
961 4041 1087 4085 ortu
1112 4029 1293 4084 estivo
1314 4027 1381 4083 ad
1405 4046 1647 4083 occasum
1670 4030 1909 4083 aestivum
1948 4029 2004 4084 iu
2034 4046 2284 4103 passuum

710 4114 1101 4188 longitudinem
1141 4115 1353 4171 circiter
1384 4116 1837 4189 septingentorum
1868 4114 2113 4188 procedit
2140 4117 2283 4171 varia

708 4200 1025 4270 latitudine;
1068 4220 1195 4257 nam
1240 4218 1275 4256 a
1314 4200 1559 4257 saucibus
1601 4199 1671 4257 sd
1717 4200 1955 4259 medium
1998 4202 2057 4257 in
2100 4220 2282 4275 passus

706 4289 913 4347 laxatur
954 4288 1117 4364 paulo
1155 4287 1277 4363 plus
1308 4297 1607 4355 trecentos3
1636 4307 1669 4344 a
1706 4288 1887 4343 medio
1926 4287 1995 4343 ad
2034 4290 2281 4345 intimum

704 4396 965 4435 recessum
992 4376 1303 4450 astringitur
1326 4376 1385 4430 in
1412 4374 1532 4449 plus
1556 4375 1737 4431 minus
1759 4374 2051 4444 ducentos3
2080 4375 2285 4432 ambitu

704 4466 913 4523 littoreo
934 4466 1163 4540 emplius
1194 4463 1338 4520 mille
1358 4474 1412 4519 et
1440 4462 1859 4537 quadringentos
1896 4464 2279 4540 complectitur.

705 4552 989 4611 Profunda
1008 4550 1304 4609 altitudinis
1330 4560 1409 4606 est
1436 4569 1466 4606 a
1484 4549 1647 4606 latere
1666 4552 1967 4626 pertinente
1984 4550 2055 4607 ad
2082 4562 2287 4627 septen·

707 4644 905 4700 triones
920 4686 937 4710 ,
958 4653 1013 4698 et
1032 4642 1249 4698 navium
1276 4659 1440 4714 cepax
1456 4658 1626 4714 usque
1649 4639 1717 4696 ad
1740 4658 1891 4699 orem
1912 4642 2107 4711 meris3
2135 4641 2282 4697 littus

706 4732 1061 4790 meridianum
1088 4750 1281 4806 magus
1304 4749 1371 4786 ex
1387 4739 1537 4805 perte
1576 4726 1831 4785 vadosum
1849 4740 1904 4784 et
1924 4738 2277 4803 proruptum.

706 4821 959 4895 Undique
979 4839 1012 4877 a
1045 4822 1215 4877 ventis
1235 4831 1380 4877 tutus
1406 4828 1510 4885 est;
1536 4838 1569 4875 a
1590 4818 1813 4876 meridie
1846 4818 2067 4894 quidem
2104 4818 2272 4874 excel·

705 4912 777 4967 sis
814 4910 1041 4967 collibus
1055 4952 1073 4979 ,
1108 4928 1341 4983 quorum
1382 4908 1601 4965 ultimus
1650 4908 1810 4967 efficit
1846 4909 2277 4984 promontorium

700 5016 813 5072 quo
848 4998 1031 5054 sinum
1076 4997 1269 5061 Εὗδιον
1298 4995 1479 5061 Καλὸν
1526 5008 1647 5052 unte
1684 4995 1795 5052 dixi
1822 4994 2025 5069 sejungi
2072 5014 2105 5051 a
2154 4996 2274 5052 sinu

701 5084 1029 5157 'I'herapico3
1062 5084 1131 5141 ab
1161 5085 1412 5142 omnibus
1442 5087 1609 5141 ventis
1648 5082 2093 5157 septentrionibus
2118 5093 2277 5155 atque

698 5172 1059 5231 solstitialibus
1079 5174 1229 5231 illum
1262 5176 1491 5251 protegit
1523 5173 1947 5249 promontorium
1974 5170 2275 5245 peninsula·

700 5278 831 5317 num
851 5300 869 5327 .
909 5260 977 5316 sb
1004 5278 1117 5318 une
1156 5272 1311 5337 parte
1337 5261 1474 5319 freto
1506 5260 1789 5335 Bosporico
1805 5298 1823 5327 ,
1854 5278 1921 5315 ex
1946 5257 2105 5313 alters
2130 5256 2271 5313 clau·

704 5366 821 5405 sum
848 5349 971 5404 sinu
992 5389 1009 5419 ‚
1038 5348 1283 5424 undique
1314 5348 1549 5426 proclive
1562 5388 1580 5419 ,
1615 5357 1827 5421 excepta
1858 5345 2059 5401 cervice
2098 5342 2273 5401 media

2393 622 2446 667 et
2485 610 2740 667 mediocri
2779 611 2973 677 dorso,
3013 612 3068 665 in
3109 628 3219 685 quo
3261 622 3454 667 statute
3498 624 3622 667 sunt
3671 614 3946 669 molen-ins

2388 711 2547 756 vento
2573 700 2858 764 versetilia;
2879 717 2942 755 ex
2965 698 3154 755 eod-
3179 701 3339 773 paulo
3359 712 3483 757 ente
3499 702 3762 757 eminebat
3785 705 3946 759 turris

2386 787 2514 843 olim
2537 787 2732 860 pharus
2753 786 3114 859 navigantibus
3127 826 3144 854 ,
3171 804 3330 860 quum
3353 804 3386 841 s
3411 788 3602 843 Turcis
3631 773 3796 845 everti
3815 788 3942 845 vidi.

2386 874 2741 929 Promontorii
2759 891 2942 929 mucro
2965 872 3022 927 in
3051 872 3153 929 tris
3173 873 3336 929 lutera
3359 871 3616 931 declivem
3635 873 3868 931 redicem
3887 879 3943 932 in

2385 978 2632 1033 passuum
2660 958 2986 1015 latitudinem
3011 960 3122 1032 agit
3149 962 3418 1033 sexaginta
3431 1000 3446 1027 ,
3471 959 3648 1017 editur
3682 962 3740 1017 in
3771 962 3946 1019 altitu-

2385 1049 2566 1107 dinem
2593 1061 2870 1106 centenum
2893 1066 3180 1124 passuum:
3211 1048 3338 1104 inde
3360 1048 3582 1105 dorsum
3613 1050 3839 1107 molliter
3863 1070 3945 1109 as·

2385 1140 2570 1211 surgit.
2624 1137 2712 1195 Ab
2733 1136 3001 1194 occidente
3020 1138 3116 1193 etsi
3140 1138 3288 1193 sinus
3314 1137 3500 1193 leniter
3525 1140 3760 1211 aperitur
3784 1138 3912 1196 velle
3924 1179 3944 1207 ,

2385 1230 2558 1282 tamen
2577 1226 2688 1282 bec
2703 1236 2976 1300 postquem
3001 1225 3070 1281 ab
3087 1225 3278 1279 intimo
3303 1226 3426 1279 sinu
3452 1225 3507 1279 in
3529 1223 3800 1299 planitiem
3827 1244 3950 1282 cen·

2385 1312 2770 1387 tenumpedum
2789 1313 3062 1387 processit,
3083 1310 3554 1367 induasdividitur
3563 1310 3720 1369 valles
3735 1308 3948 1384 objectu

2383 1398 2554 1467 collis,
2596 1402 2690 1472 qui
2725 1399 2878 1455 velles
2901 1410 3147 1455 recurvet
3162 1439 3180 1466 ,
3221 1417 3292 1453 ne
3319 1398 3507 1454 directi
3532 1399 3676 1453 venti
3698 1396 3945 1455 deorsum

2383 1487 2704 1544 descendant
2735 1490 2793 1543 iu
2829 1490 3024 1543 sinum.
3098 1488 3181 1542 Ex
3207 1485 3368 1542 alters
3403 1484 3534 1541 valle
3569 1486 3763 1541 fluvius
3793 1489 3948 1544 omni

2383 1578 2508 1631 enni
2537 1588 2775 1652 tempore
2799 1577 3044 1651 perezmis
3081 1574 3270 1631 defluit
3313 1576 3370 1629 in
3401 1574 3639 1629 medium
3683 1575 3831 1630 sinus
3865 1593 3950 1630 re·

2383 1682 2606 1719 cessum.
2679 1664 2876 1719 AEstivo
2900 1674 3138 1737 tempore
3158 1662 3358 1717 exsistit
3379 1679 3440 1717 ea
3460 1657 3826 1732 magnitudine
3846 1678 3952 1734 que

2383 1750 2574 1805 fluvius
2615 1752 3005 1806 Leosthenicus.
3081 1747 3210 1802 Vidi
3237 1746 3349 1821 ejus
3375 1746 3576 1803 sontem
3617 1746 3686 1801 ab
3725 1746 3861 1801 ostio
3896 1758 3951 1803 et

2387 1840 2510 1893 sinu
2547 1839 2826 1895 distantem
2847 1836 3006 1912 paulo
3033 1836 3259 1910 amplius
3295 1834 3436 1891 mille
3457 1846 3511 1891 et
3537 1834 3950 1909 quadringentos

2382 1918 2584 1998 pessus:
2656 1924 2742 1982 Ab
2786 1927 2966 1981 estivo
3003 1941 3194 1979 occasu
3231 1921 3300 1979 ad
3336 1922 3460 1979 solis
3505 1933 3686 1978 ortum
3713 1921 3952 1979 similiter

2383 2014 2618 2068 oestivum
2642 2031 2738 2087 per
2755 2012 2938 2069 vellem
2962 2010 3198 2067 decurrit
3225 2022 3528 2083 angustum,
3549 2028 3618 2065 ex
3649 2027 3756 2083 qus
3779 2012 3950 2066 nesci·

2383 2110 2491 2167 tur,
2525 2098 2616 2155 sed
2637 2118 2746 2155 non
2777 2118 2840 2157 cx
2865 2117 3108 2167 summe,
3147 2116 3271 2153 nam
3297 2116 3359 2153 ee
3384 2096 3522 2153 ultre
3558 2096 3762 2153 sontem
3793 2096 3950 2152 ultius

2383 2189 2624 2261 assurgit.
2667 2191 2785 2245 Jam
2823 2188 2920 2243 etsi
2953 2188 3110 2243 colles
3138 2186 3400 2259 vallesque
3415 2227 3436 2259 ,
3477 2188 3656 2241 sinum
3689 2186 3950 2260 Tberupi-

2384 2294 2508 2331 cum
2529 2277 2822 2347 cingentes,
2840 2276 3108 2331 nemorosi
3145 2292 3254 2329 nou
3281 2283 3408 2329 sunt
3422 2312 3440 2341 ,
3463 2283 3526 2328 ut
3563 2272 3728 2328 trudit
3754 2274 3952 2348 Diony·

2383 2366 2492 2419 sius
2540 2382 2628 2419 eos
2654 2382 2764 2419 esse
2799 2366 2892 2437 qui
2913 2361 3172 2419 claudunt
3202 2362 3564 2418 Pha-maciem
3582 2400 3598 2428 ‚
3632 2360 3726 2416 scd
3755 2362 3948 2419 exctssti

2385 2452 2577 2518 vineis,
2617 2464 2670 2507 et
2692 2453 2878 2507 cerasis
2899 2452 3117 2518 consiti,
3148 2448 3270 2517 s'ut,
3293 2448 3388 2504 ubi
3409 2450 3492 2504 hae
3526 2448 3751 2517 desunt,
3779 2450 3948 2524 erycis

2385 2538 2507 2593 tecti
2529 2554 2544 2593 :
2567 2548 2738 2593 tamen
2757 2538 2926 2593 sinum
2945 2537 3304 2593 Pharmaciem
3334 2536 3498 2591 alium
3521 2554 3633 2591 esse
3660 2554 3769 2591 nou
3791 2555 3944 2611 posse

2383 2642 2544 2699 quam
2574 2624 2920 2698 Therupicum
2935 2664 2952 2692 ,
2976 2642 3100 2679 cum
3131 2641 3196 2678 ex
3215 2620 3490 2678 antedictis
3511 2622 3728 2694 intelligi
3747 2634 3941 2697 potest,

2385 2724 2500 2768 tum
2541 2730 2607 2768 ex
2645 2711 3081 2786 consequentibus
3123 2710 3253 2767 locis
3294 2710 3486 2784 Anepli
3528 2709 3869 2784 Dionysisni,
3916 2730 3949 2767 a

2383 2800 2578 2875 quibus
2599 2799 2668 2855 ad
2698 2798 3017 2855 Comarodes
3042 2797 3220 2853 nullus
3253 2799 3404 2851 sinus
3439 2807 3549 2860 est,
3581 2796 3638 2851 in
3666 2814 3827 2869 quem
3856 2796 3949 2853 de-

2381 2885 2598 2941 scendet
2621 2886 2812 2941 fluvius
2851 2884 3065 2957 uliquis,
3107 2900 3282 2955 neque
3327 2882 3385 2935 in
3429 2898 3588 2953 quem
3633 2882 3950 2937 conveniant

2379 2984 2550 3030 cetera
2579 2992 2697 3047 quie
2717 2972 2877 3028 tradit
2893 2972 3198 3045 Dionysius.
3249 2970 3518 3025 Nimirum
3545 2968 3688 3025 solus
3711 2970 3852 3025 inter
3873 2971 3944 3025 si·

2379 3078 2510 3115 uum
2529 3060 2906 3117 Leostbeuium
2932 3069 2986 3113 et
3013 3057 3377 3131 Bathycolpon
3393 3096 3410 3124 ,
3437 3056 3593 3129 paulo
3613 3055 3752 3111 ultre
3769 3056 3945 3112 sinum

2375 3148 2650 3221 Therapiae
2701 3149 2860 3203 situm
2878 3189 2892 3208 .
2931 3143 3330 3219 pulchritudine
3365 3154 3555 3217 portus
3596 3154 3650 3199 et
3679 3144 3831 3217 copia
3864 3146 3944 3219 pi·

2375 3236 2544 3291 scium
2567 3232 2790 3289 excellit.
2863 3231 3026 3302 Quod
3046 3241 3223 3286 eutem
3247 3230 3388 3285 silva
3409 3227 3584 3284 densae
3609 3240 3664 3284 et
3679 3228 3947 3302 profunde

2375 3341 2594 3380 nemore
2632 3340 2740 3377 non
2783 3320 3194 3393 circumsepiunt
3231 3319 3410 3373 sinum
3445 3317 3808 3390 Theraptcum
3821 3356 3839 3381 ‚
3883 3328 3946 3373 ut

2384 3410 2669 3485 Dionysius
2703 3407 2884 3463 scribit
2908 3405 3280 3478 circumsepire
3303 3404 3696 3469 Plini-maciem,
3731 3402 3788 3457 id
3807 3404 3946 3475 agri-

2375 3500 2577 3557 culture
2597 3496 2807 3563 eccidit,
2829 3514 2935 3551 uon
2953 3504 3144 3551 nature
3157 3492 3282 3547 loci.
3305 3492 3443 3547 Nem
3467 3490 3593 3546 olim
3613 3508 3738 3545 cum
3754 3488 3944 3546 eodem

2373 3610 2439 3647 ex
2478 3590 2734 3664 Dionysio
2773 3585 3074 3644 noverimus
3115 3593 3288 3639 totum
3335 3581 3484 3637 sinus
3529 3580 3764 3636 Castini
3799 3578 3945 3636 littus

2373 3677 2516 3735 silvis
2536 3688 2734 3733 tectum
2756 3675 2912 3732 fuisse
2927 3714 2944 3742 ,
2965 3691 3112 3729 nunc
3130 3690 3163 3727 a
3178 3670 3488 3727 nemoribus
3509 3666 3714 3724 nudum
3727 3708 3744 3736 ,
3765 3666 3944 3724 videa-

2371 3781 2598 3837 musque
2633 3779 2782 3817 oram
2822 3759 3042 3833 Bospori
3083 3756 3368 3813 Asiaticum
3383 3794 3400 3821 ,
3449 3754 3590 3809 sinui
3643 3754 3942 3826 Therapieo

2370 3851 2666 3925 oppositam
2683 3889 2700 3917 ,
2745 3844 3050 3903 nemoribus
3078 3843 3316 3899 vestitam
3339 3858 3354 3895 ε
3381 3840 3502 3915 quis
3531 3840 3768 3909 dubitet,
3811 3840 3942 3913 quin

2371 3939 2518 3996 littus
2539 3936 2762 4010 Bospori
2789 3936 3114 4006 Europaeum
3146 3929 3309 3985 suerit
3331 3946 3676 3984 nemorosum
3697 3928 3940 3984 similiter

2370 4038 2432 4084 ut
2476 4026 2762 4083 Asiaticum
2783 4064 2799 4091 ,
2836 4040 2944 4078 non
2985 4020 3058 4077 ob
3084 4018 3238 4074 sliam
3277 4034 3492 4073 eausam
3523 4014 3758 4072 silvestre
3778 4034 3939 4089 quam

2373 4113 2518 4190 quod
2543 4112 2735 4169 abhinc
2751 4120 2960 4167 centum
2978 4125 3146 4163 anuos
3172 4102 3492 4177 agricultum
3511 4112 3660 4158 vacet
3679 4142 3697 4171 ,
3717 4120 3937 4159 conver·

2371 4218 2489 4255 sum
2504 4200 2558 4255 in
2575 4196 2733 4252 saltus
2746 4193 3082 4249 venationum
3095 4190 3360 4261 mgiarum
3371 4186 3397 4241 ἲ
3409 4216 3482 4229 -
3494 4186 3680 4242 Sinum
3693 4185 3944 4241 Pharma-

2375 4292 2510 4346 ciam
2533 4284 2782 4362 appellavi
2797 4280 3152 4353 Therspieum
3167 4318 3184 4345 ,
3205 4296 3238 4333 a
3259 4278 3380 4332 vieo
3406 4276 3508 4332 sito
3531 4274 3586 4330 in
3605 4272 3718 4347 ejus
3739 4274 3934 4341 littore,

2375 4396 2534 4454 quem
2567 4374 2738 4434 Greci
2751 4368 3068 4446 jamdudum
3093 4366 3372 4423 nominant
3396 4363 3712 4437 Therapiam
3730 4402 3748 4429 ,
3777 4380 3843 4418 ex
3871 4380 3937 4418 eo

2375 4466 2624 4531 arbitror,
2651 4458 2796 4536 quod
2826 4458 3008 4531 vulgus
3036 4456 3346 4514 Graecorum
3373 4451 3524 4508 aliter
3549 4468 3810 4507 venenum
3842 4466 3936 4525 sp·

2371 4556 2564 4631 pellere
2614 4552 2780 4609 nescit
2819 4566 2976 4622 quem
3012 4540 3315 4623 φάρμακον,
3344 4543 3490 4619 quod
3525 4548 3842 4597 venenatum
3885 4550 3939 4593 et

2371 4642 2629 4718 expiabile
2665 4656 2858 4697 nomeu
2891 4646 3168 4693 mutarunt
3192 4636 3248 4689 iu
3283 4633 3552 4707 expiatum
3581 4634 3650 4685 ‘et
3683 4628 3934 4695 salutare,

2371 4830 2562 4893 turque
2599 4828 2660 4872 ut
2699 4831 2984 4879 venenum,
3017 4821 3078 4867 ut
3102 4803 3372 4881 κάθαρμα.
3433 4808 3563 4861 Erat
3589 4804 3734 4861 euim
3769 4802 3932 4878 phur·

2367 4918 2580 4958 mecum
2602 4898 2728 4954 olim
2755 4894 2854 4951 tsle
2885 4911 2900 4951 ε
2926 4893 2972 4948 si
3001 4890 3223 4946 deorum
3249 4885 3611 4959 indignatione
3651 4882 3814 4938 fames
3841 4890 3935 4938 aut

2366 4988 2528 5064 pestis
2548 4996 2638 5042 sut
2663 4984 2760 5039 sliu
2781 4981 3036 5055 quaepiam
3059 4976 3320 5033 calamites
3352 4973 3537 5029 urbem
3569 4967 3932 5045 apprehende·

2367 5088 2475 5145 ret,
2501 5075 2770 5131 bominem
2787 5069 3024 5125 omnium
3053 5064 3501 5121 deformissimum
3537 5062 3592 5115 in
3615 5058 3764 5115 urbis
3787 5056 3934 5112 lubo-

2367 5165 2537 5223 runtis
2575 5162 2922 5238 expiationem
2964 5156 3033 5213 ad
3081 5156 3346 5211 victimam
3369 5148 3680 5213 -ducebent,
3723 5147 3930 5220 ipsique

2365 5272 2466 5330 pro
2495 5252 2666 5310 hostie
2697 5258 2891 5305 statuto
2923 5244 2992 5301 dc
3022 5261 3184 5300 manu
3217 5240 3418 5297 debant
3458 5252 3665 5292 cescum
3685 5273 3702 5301 ,
3737 5232 3922 5297 offam,

2363 5342 2526 5410 ficus3
2551 5358 2708 5414 quem
2740 5349 2984 5409 tanquam
3017 5332 3359 5408 pharmacum
3413 5326 3505 5382 ubi
3537 5324 3748 5461 septies⁸
3759 5317 3931 5393 scyllis
