4584 6284
737 485 857 539 ⁵6⁴

728 608 897 684 φυτῶν
924 603 1228 675 κέκληνται·
1256 604 1487 663 ἀνεῖνται
1511 604 1555 662 δ’
1588 604 1660 671 εἰς
1678 602 1856 683 νομάς.
1944 604 2014 667 Ἥ
2043 604 2098 665 δὲ
2124 606 2278 667 Εὐώ-

724 715 880 769 νυμος
918 691 1144 772 πελαγία
1189 690 1301 752 ἰστὶ
1344 691 1437 752 καὶ
1483 690 1697 773 ἔρημος.
1783 693 2049 761 Πολλάκις
2088 693 2143 753 δὲ
2188 696 2278 754 καὶ

724 780 909 861 φλόγες
952 784 1021 847 εἷς
1047 779 1142 854 τὴν
1177 780 1483 862 ἐπιφάνειαν
1516 785 1607 842 τοῦ
1640 780 1895 860 πελάγους
1924 786 2017 840 τοῦ
2038 780 2159 861 περὶ
2186 780 2279 848 τὰς

719 867 905 940 νήσους
932 868 1181 949 ὤφθησαν
1218 869 1636 948 ἰπιδραμοῦσαι,
1663 872 1767 929 τῶν
1794 867 1932 927 κατὰ
1962 866 2148 948 βάθους
2167 890 2278 927 κοι·

717 957 846 1014 λιῶν
874 954 1337 1032 ἀναστομωθέντος
1369 953 1534 1035 πόρου
1560 954 1700 1022 τινὸς
1726 952 1817 1015 καὶ
1840 959 1933 1014 τοῦ
1966 956 2125 1035 πυρὸς
2158 958 2275 1035 βια·

718 1041 946 1122 σαμένου
978 1042 1107 1124 πρὸς
1137 1044 1199 1104 τὸ
1241 1042 1410 1110 ἐκτός.
1499 1042 1651 1118 Φησὶ
1697 1043 1753 1103 δὲ
1790 1042 2161 1116 Ποσειδώνιος,
2196 1040 2276 1103 ὅτι

716 1133 838 1213 περὶ
865 1128 1067 1215 τροπὰς
1102 1128 1305 1213 θερινὰς
1348 1129 1461 1207 ἅμα
1508 1135 1574 1209 τῇ
1604 1129 1711 1213 ἴῳ,
1752 1130 1946 1211 μεταξὺ
1990 1135 2081 1203 τῆς
2108 1130 2277 1211 Ἱερᾶς

713 1222 806 1279 καὶ
833 1224 929 1291 τῆς
974 1216 1299 1296 Εὐωνύμου,
1336 1217 1467 1298 πρὸς
1492 1217 1621 1299 ὕψος
1646 1190 1894 1299 ίῗρθεῖσαν
1930 1217 2151 1287 ἐξαίσιον
2180 1220 2274 1290 τὴν

713 1308 983 1368 θάλατταν
1008 1310 1260 1388 ὁραθῆναι
1291 1305 1382 1366 καὶ
1418 1305 1704 1383 συμμεῖναί
1729 1330 1844 1367 τινα
1862 1305 2044 1387 χρόνον
2078 1309 2276 1386 ἂναιρυ·

713 1395 957 1473 σωμίνην
983 1399 1187 1474 συνεχὶἶ
1191 1417 1245 1466 ς,
1279 1384 1399 1453 εἶτα
1427 1393 1747 1455 παύσασθαι.
1826 1392 1963 1462 Τοὺς
1992 1391 2047 1452 δὲ
2069 1394 2277 1469 τολμή-

714 1506 908 1550 σαντας
939 1483 1263 1563 προσπλεῖν,
1294 1478 1500 1547 ἰδόντας
1526 1478 1735 1561 νεκροὺς
1762 1479 1943 1563 ἷχθῦας
1977 1482 2275 1560 ἐλαυνομέ-

710 1595 830 1639 νους
858 1569 963 1630 ὖπο
992 1575 1085 1630 τοῦ
1122 1572 1213 1649 ῥοῦ
1262 1566 1413 1647 (τους
1439 1568 1526 1647 δὲ)
1582 1568 1672 1628 καὶ
1701 1569 1863 1651 θέρμῃ
1912 1568 2003 1629 και
2044 1568 2271 1631 δυσωδία

711 1656 1011 1739 πληγίντας
1034 1663 1212 1736 φυγεῖν
1230 1678 1243 1693 ·
1276 1657 1497 1723 πολλαῖς
1518 1656 1562 1715 δ’
1584 1657 1803 1737 ἡμέραις
1820 1654 2031 1738 ὕστερον
2054 1660 2272 1737 δρᾶσθαι

711 1745 884 1819 πηλὸν
912 1747 1238 1804 ἐπανθοῦντα
1263 1748 1334 1825 τῇ
1360 1743 1624 1823 θαλάττῃ,
1652 1746 1916 1825 πολλαχοῦ
1952 1742 2009 1803 δὲ
2034 1744 2125 1803 καὶ
2151 1744 2270 1825 φλό·

710 1858 812 1913 γας
839 1830 1195 1899 ἐκπιπτοῦσας
1219 1830 1314 1891 καὶ
1339 1831 1569 1899 καπνοὺς
1594 1832 1683 1891 καὶ
1714 1830 1945 1910 λιγνόας,
1974 1834 2243 1913 ὕστερον
2213 1831 2269 1892 οὲ

710 1926 953 2003 παγῆναι
981 1919 1073 1980 καὶ
1114 1918 1357 1999 γενέσθαι
1391 1919 1499 1988 τοῖς
1525 1920 1733 1998 μυλίαις
1768 1918 1922 1989 λίθοις
1947 1920 2149 1981 ἰοικότα
2180 1921 2266 1981 τὸν

710 2010 905 2091 πάγον.

902 2097 1038 2161 Ὅτι
1075 2097 1170 2169 τὴν
1207 2095 1485 2175 Ἰαπυγίαν
1535 2099 1582 2158 οἱ
1636 2094 1895 2171 Ἕλληνες
1947 2097 2265 2159 Μεσσαπίαν

710 2190 935 2248 καλοῦσι
960 2186 1323 2268 ,χερρόνησον
1352 2176 1511 2246 ουσαν
1540 2188 1636 2254 εἷς
1645 2184 1737 2246 δυο
1764 2185 1944 2267 μοίρας
1969 2185 2261 2269 διαιρουμέ-

710 2298 834 2347 νην·
864 2273 926 2335 τὸ
971 2274 1067 2353 μίν
1100 2298 1151 2333 τι
1193 2271 1294 2353 γὰρ
1324 2274 1486 2346 αὖτης
1513 2276 1817 2336 Σαλεντῖνοι
1852 2276 2086 2354 οἰκοῦσι,
2121 2275 2184 2336 τὸ
2210 2275 2264 2335 δὲ

709 2360 907 2423 Καλαὸ
971 2386 1010 2425 ι.

705 2450 796 2508 καὶ
824 2384 1095 2511 'Agnou
1178 2447 1247 2509 Ἣ
1286 2448 1343 2508 δὲ
1391 2450 1717 2525 Μεσσαπία,
1744 2450 2055 2532 χερρόνησος
2090 2443 2218 2514 οῧσα
2237 2497 2254 2528 ,

706 2538 815 2599 ἀπο
842 2535 1151 2645 Βρεντεσίου
1180 2535 1385 2604 πόλεως
1420 2536 1549 2617 πρὸς
1580 2537 1833 2605 ἀνατολὰς
1860 2536 2017 2620 μέχρι
2042 2537 2256 2621 Τάραν-

701 2647 788 2693 τος
818 2624 947 2706 πρὸς
975 2622 1175 2702 δυσμὰς
1197 2624 1397 2693 πόλεως
1419 2624 1600 2703 ἰσθμὸν
1624 2624 1691 2706 ἔχ
1692 2648 1736 2684 ει
1760 2624 1979 2686 σταδίων
2011 2626 2080 2686 τι’
2082 2673 2097 2689 .

790 2734 861 2775 ss.
900 2710 1035 2774 Ὅτι
1066 2717 1159 2773 τοῦ
1203 2714 1577 2785 Μεσσηνιακῶ
1604 2714 1835 2791 πολέμου
1860 2714 2163 2791 γενομένου,
2210 2718 2259 2777 οῖ

704 2800 777 2878 μὴ
806 2798 1157 2882 μετασχόντες
1178 2799 1611 2878 Λακεδαιμονίων
1632 2805 1725 2875 τῆς
1751 2798 2022 2882 στρατείας
2043 2800 2255 2883 ἐκρίθη·

702 2911 803 2950 σαν
829 2889 1004 2951 δοῦλοι
1030 2887 1122 2948 καὶ
1168 2887 1549 2969 ὠνομάσθησαν
1584 2884 1816 2957 Εἵλωτες
1830 2911 1843 2926 ·
1885 2886 1997 2951 ὅσοι
2022 2886 2077 2948 sl
2116 2889 2255 2949 κατὰ

696 2976 793 3049 τὴν
815 2974 1094 3058 στρατείαν
1119 2977 1303 3046 παῖδες
1324 2974 1580 3053 ἐγίνοντο,
1603 2975 1896 3055 Παρθενίας
1922 2975 2140 3037 ἐκάλουν
2167 2976 2255 3037 διὰ

695 3063 757 3124 τὸ
784 3060 1131 3145 πολυχρονίου
1170 3071 1263 3125 τοῦ
1289 3062 1525 3140 πολέμου
1568 3062 1863 3140 συμὸάντος
1889 3064 1951 3123 ἐκ
1987 3066 2092 3123 τῶν
2122 3062 2253 3125 οἴκοι

694 3151 965 3231 παρθένων
990 3153 1157 3211 οὐσῶν
1186 3152 1446 3232 γυναικῶν
1478 3146 1805 3233 [γενέσθαι].
1888 3146 1991 3211 Διὰ
2017 3150 2254 3230 [γὰρ],τ“ο

694 3238 857 3300 πολὺν
886 3238 1073 3321 χρόνον
1101 3241 1472 3318 παραταθῆναι
1492 3242 1597 3305 τοῖς
1620 3235 2078 3315 Λακεδαιμονίοις,
2103 3240 2251 3298 Μεσ·

698 3314 861 3399 σῆνην
888 3326 1243 3407 πολιορκοῦσι,
1257 3324 1350 3383 καὶ
1365 3324 1726 3394 ἀποσταλῆναι
1742 3322 1860 3391 τοὺς
1881 3322 2166 3392 νεωτάτους
2193 3324 2251 3382 ἐκ

694 3435 788 3475 του
828 3435 1003 3473 κοινου
1036 3434 1164 3493 προς
1188 3433 1251 3472 το
1254 3416 1544 3517 μιχθῆναι
1570 3412 1745 3471 πάντα
1772 3412 1919 3492 πάσῃ
1954 3409 2047 3471 καὶ
2073 3434 2247 3471 τεκνο-

694 3499 1055 3574 ποιήσασθαι,
1083 3496 1169 3559 διὰ
1196 3502 1350 3558 τοῦτο
1382 3498 1668 3579 Παρθενίαι
1701 3497 1992 3572 ἐκλήθησαν
2017 3498 2171 3558 καῖ’
2135 3523 2254 3560 ατι·

697 3614 789 3668 μοι
814 3582 971 3665 ἦσαν.
1057 3590 1128 3650 Οἱ
1149 3586 1236 3666 δὲ,
1268 3590 1365 3648 οὔκ
1388 3587 1739 3669 ἀνασχόμενοι
1761 3586 1977 3665 (πολλοὶ
2004 3587 2054 3647 δ’
2077 3578 2251 3671 ἦσαν),

696 3679 1077 3741 ἐπεὸουλευσαν
1104 3680 1181 3761 τῷ
1221 3681 1407 3791 κοινῷ,
1438 3674 1648 3759 ἔχοντες
1682 3677 1959 3737 Φάλανθον
1980 3675 2249 3756 ἡγεμόνα,

695 3767 791 3829 ἵνα
822 3770 1019 3829 αὗτῶν·
1050 3766 1153 3827 ἔδει
1195 3755 1285 3827 ουν
1330 3766 1450 3847 [ἰν]
1474 3768 1551 3847 τῷ
1586 3767 1776 3841 ἀγῶνι,
1806 3768 1909 3825 τῶν
1938 3762 2249 3826 Ὑακινθίων

698 3856 1162 3935 συντελουμένων,
1179 3854 1337 3927 ἡνίκα
1358 3852 1457 3928 τὴν
1480 3856 1641 3929 κυνῆν
1658 3851 1927 3935 περίθηται
1952 3852 2249 3928 Φάλανθος,

694 3949 959 4007 ποιεῖσθαι
985 3942 1083 4016 τὴν
1116 3941 1368 4004 ἐπίθεσιν.
1451 3939 1885 4022 Ἐξαγγελθείσης
1910 3939 1966 3998 δὲ
1989 3944 2081 4011 τῆς
2104 3938 2248 4022 πρά-

697 4032 825 4103 ξεως
851 4034 906 4091 ἕν
932 4035 1007 4113 τῷ
993 4034 1199 4139 ..ἀγῶνι
1219 4075 1236 4107 ,
1264 4028 1543 4111 προελθὼν
1562 4031 1592 4089 ὁ
1630 4027 1792 4110 κήρυξ
1821 4018 1965 4098 εἶπε,
1994 4026 2067 4106 μὴ
2104 4049 2249 4106 περι·

694 4120 872 4179 θέσθαι
898 4122 1058 4193 κυνῆν
1088 4119 1551 4181 Φάλανθον.οί
1592 4114 1649 4177 δὲ
1676 4119 2029 4197 στρατιῶται,
2074 4116 2247 4175 αἰσθό-

694 4222 842 4285 μενοι
868 4206 1218 4289 φωραθέντες,
1248 4208 1298 4265 οἱ
1327 4204 1424 4284 μὶν
1444 4204 1795 4287 διεδίδρασκον
1811 4248 1828 4279 ,
1850 4206 1897 4263 οἱ
1914 4204 1971 4263 δὲ
1997 4202 2243 4263 ἱκέτευον·

693 4293 1034 4363 κελεύσαντες
1055 4294 1100 4354 δ’
1130 4290 1314 4359 αὐτοὺς
1344 4299 1552 4375 θαρρεῖν
1580 4294 1785 4374 φυλακῇ
1811 4290 2104 4371 παρέδοσαν
2119 4337 2136 4364 ,
2154 4290 2243 4350 τὸν

694 4383 752 4443 δὲ
804 4384 1087 4445 Φάλανθον
1132 4384 1373 4463 ἔπεμψαν
1410 4384 1481 4449 εἰς
1509 4386 1626 4441 θεοῦ
1675 4379 1795 4461 περὶ
1833 4379 2102 4447 ἀποικίας·
2129 4382 2158 4437 ὁ
2190 4378 2245 4438 δὲ

692 4471 885 4551 ἔχρησε
905 4492 920 4507 ·

812 4626 1043 4692 Σατῦρεόν
1063 4642 1135 4677 τοι
1153 4628 1309 4677 ἔδωκα
1331 4626 1547 4693 Τάραντά
1566 4644 1619 4677 τε
1641 4627 1779 4677 πίονα
1792 4626 1937 4691 δῆμον

812 4698 1009 4759 οἰκῆσαι
1036 4697 1118 4746 καὶ
1148 4701 1285 4761 πῆμα
1313 4694 1583 4760 Ἱαπύγεσσι
1608 4696 1837 4758 γενέσθαι.

683 4827 757 4899 ’Ἦ
766 4861 859 4898 κον
888 4830 977 4898 οὗν
998 4837 1091 4897 σὺν
1116 4836 1388 4918 Φαλάνθῳ
1407 4840 1456 4897 οῖ
1480 4838 1761 4918 Παρθενίαι
1784 4838 1873 4898 καὶ
1895 4836 2105 4898 ἔκτισαν
2128 4840 2179 4899 Τ
2182 4837 2243 4897 ά-

686 4948 851 5007 ραντα
878 4926 970 4986 καὶ
996 4925 1279 5005 ὠνόμασαν
1312 4926 1472 4995 οὕτως
1501 4928 1605 4987 ἄπό
1626 4950 1756 4995 τινος
1776 4925 1959 5007 ἥρωος.

680 5226 841 5285 codd.
894 5228 1168 5283 Strabonis
1222 5240 1279 5284 et
1314 5230 1461 5303 Epit.
1518 5228 1705 5300 legitur
1750 5240 1869 5302 post
1917 5248 1967 5283 ν.
2013 5227 2235 5285 κοιλιῶν.-

678 5310 1026 5383 Transposuit
1054 5310 1359 5366 Boeckbius.
1390 5310 1413 5381 ΙΙ
1438 5341 1512 5351 -
1534 5310 1620 5373 34.
1644 5326 1697 5381 p.
1727 5324 1847 5380 277,
1876 5314 1949 5367 D.
1972 5307 2239 5379 Γαλαὸροὶ,

1097 2359 1266 2440 Ὑπὲρ
1294 2360 1507 2429 τούτους
1532 2361 1815 2445 apdeeopoz
1849 2362 2128 2426 Πευχίτωί
2161 2366 2261 2423 εἰσι
2351 2360 2446 2414 bos
2490 2358 2558 2413 ad
2607 2358 2824 2413 boream
2866 2360 3096 2414 Peucetii
3141 2371 3266 2415 sunt
3309 2371 3366 2416 et
3407 2361 3588 2435 Apuli.

1969 474 2120 536 CHR
2130 474 2647 538 ESTOMATfflAE

2343 607 2546 689 luere,
2571 620 2726 681 atque
2769 608 2838 663 ad
2875 628 3065 683 pascua
3099 615 3206 666 sola
3243 629 3538 676 servantur.
3611 623 3916 694 Euonymos

2371 696 2423 748 in
2443 696 2624 766 pelago
2650 697 2750 751 sita
2784 708 2860 752 est
2887 716 2949 752 ac
2978 697 3201 755 deserta.
3274 703 3539 763 Multoties
3561 710 3718 765 etiam
3745 711 3800 765 in
3827 729 3916 767 su-

2367 782 2575 853 perficie
2597 784 2756 837 maris
2770 823 2787 851 ,
2813 783 2960 857 quod
2979 796 3058 839 est
3076 788 3212 841 circa
3229 787 3423 843 insulas
3449 789 3568 849 istas
3583 835 3600 861 ,
3621 794 3916 855 discurrere

2369 868 2600 923 flammas
2624 862 3046 927 animadversum
3076 884 3181 941 est,
3209 892 3378 947 quum
3407 894 3438 931 e
3475 880 3752 950 profundis
3777 888 3916 941 cavi·

2365 954 2557 1008 tatibus
2577 955 2778 1011 recluso
2801 960 3050 1031 quopiam
3075 972 3250 1015 meatu
3274 962 3408 1033 ignis
3426 963 3496 1018 ad
3517 968 3772 1020 exteriore
3804 976 3916 1028 vio·

2369 1040 2534 1095 lenter
2584 1044 2904 1115 prorumpit.
3007 1046 3323 1102 Posidonius
3370 1049 3447 1103 ait
3501 1050 3640 1105 circa
3683 1055 3914 1115 estivam

2367 1129 2640 1184 solstitium
2679 1133 2850 1204 prima
2897 1132 3014 1188 luce
3056 1136 3192 1189 inter
3239 1138 3452 1191 Hieram
3481 1149 3534 1192 et
3577 1141 3917 1214 Euonymum

2365 1218 2574 1289 pelagus
2603 1221 2798 1275 mirum
2837 1223 2893 1275 in
2919 1222 3138 1278 modum
3166 1225 3222 1277 in
3257 1226 3422 1281 altum
3447 1228 3801 1289 conscendere
3835 1234 3916 1287 vi-

2367 1321 2483 1357 sum
2529 1323 2637 1360 esse
2655 1345 2671 1371 ,
2715 1318 2872 1380 atque
2914 1310 3195 1383 aliquando
3238 1314 3314 1368 sic
3361 1316 3652 1372 constitisse
3694 1319 3916 1376 assiduis

2365 1389 2574 1443 flatibus
2599 1403 2862 1459 erectum,
2891 1394 3084 1450 deinde
3122 1397 3438 1467 subsedisse3
3483 1402 3744 1473 quosdam
3787 1425 3916 1463 vem

2362 1474 2484 1530 illuc
2512 1476 2824 1551 adnavigare
2848 1500 3028 1544 ausos.
3057 1502 3222 1557 quum
3249 1487 3570 1543 exanimatos
3593 1492 3761 1563 pisces
3809 1495 3914 1550 flu-

2361 1563 2531 1618 ctibus
2562 1566 2746 1637 agitari
2771 1566 3050 1636 vidissent,
3084 1581 3140 1626 et
3167 1571 3337 1627 calore
3360 1585 3416 1628 et
3440 1574 3605 1630 odore
3639 1588 3774 1634 tetro
3793 1599 3916 1654 per-

2363 1651 2689 1721 cellerentur,
2741 1653 2919 1727 fingam
2974 1658 3276 1729 arripuisse.
3332 1660 3514 1716 Multis
3568 1676 3688 1736 post
3725 1666 3914 1725 diebus

2359 1741 2544 1795 limum
2563 1744 2867 1815 apparuisse
2881 1746 3012 1800 mari
3026 1757 3477 1819 supernatantem,
3499 1750 3677 1805 multis
3699 1770 3914 1827 quoque

2357 1828 2484 1883 locis
2527 1829 2764 1885 flammas
2802 1832 3036 1905 erupisse
3073 1842 3128 1887 et
3167 1832 3371 1889 fumum
3398 1846 3556 1908 atque
3598 1836 3864 1911 fuliginem
3891 1865 3910 1911 3

2357 1925 2621 1989 postremo
2659 1914 2846 1971 limum
2884 1920 3212 1974 concrevisse
3245 1931 3300 1976 et
3323 1921 3608 1978 molaribus
3651 1924 3914 1999 lapidibus

2355 2005 2544 2060 similes
2569 2004 2728 2060 fuisse
2745 2017 3016 2063 concretas
3043 2008 3166 2061 istas
3191 2025 3402 2063 massas.

2429 2097 2514 2161 34.
2552 2098 2824 2171 Iapygiam
2845 2099 3019 2153 Graeci
3045 2100 3354 2173 Messapiam
3383 2111 3603 2169 vocant;
3624 2105 3912 2176 peninsulae

2355 2182 2576 2238 sormam
2596 2183 2833 2248 obtinet,
2857 2185 2984 2239 etin
3001 2183 3133 2239 duas
3159 2197 3332 2259 partes
3359 2184 3528 2242 divisa
3554 2200 3662 2256 est3
3683 2208 3908 2262 qpamm

2351 2272 2560 2327 alteram
2611 2272 2860 2327 Salentini
2900 2272 3128 2341 habent,
3179 2273 3394 2329 alteram
3440 2274 3665 2331 Calabri.
3740 2281 3910 2353 Supra

3662 2365 3910 2423 Ceterum

2348 2447 2604 2518 Messapia
2648 2444 2923 2519 peninsula
2948 2465 2978 2502 a
3007 2446 3309 2501 Brundusio
3345 2446 3416 2502 ab
3448 2458 3574 2502 ortu
3607 2449 3675 2504 ad
3711 2452 3913 2509 Taren-

2351 2544 2462 2589 tum
2496 2551 2664 2607 usque
2700 2551 2881 2590 versus
2924 2552 3166 2590 oceasum
3215 2534 3468 2591 isthmum
3507 2535 3666 2592 babet
3707 2539 3906 2597 stadio·

2347 2642 2468 2677 rum
2496 2623 2614 2679 310.

2421 2710 2506 2765 35.
2537 2709 2680 2764 Bello
2703 2710 3026 2765 Messeniaeo
3047 2710 3277 2764 conflato
3291 2750 3308 2776 ,
3325 2711 3419 2781 qui
3444 2729 3476 2765 e
3497 2712 3910 2771 Lacedaemomis

2347 2808 2455 2845 non
2499 2790 2880 2853 militaverant,
2909 2807 3008 2861 pro
3047 2790 3213 2844 servis
3251 2788 3420 2843 babiti
3434 2828 3450 2855 ,
3493 2801 3653 2863 atque
3691 2793 3908 2849 Helotes

2347 2869 2473 2925 dicti
2517 2879 2661 2923 sunt.
2753 2868 2954 2923 Eadem
2995 2869 3183 2923 militia
3222 2866 3449 2923 durante
3494 2882 3758 2944 quotquot
3793 2875 3906 2929 nati

2347 2946 2582 3013 fuerant,
2631 2946 2934 3001 Parthenias
2971 2946 3228 3001 vocabant
3245 2987 3261 3013 ,
3291 2949 3543 3019 quoniam
3563 2990 3580 3014 ‚
3625 2948 3756 3005 dum
3779 2951 3906 3006 diu-

2345 3036 2560 3080 turnum
2587 3024 2786 3079 bellum
2811 3025 3110 3095 gerebatur,
3129 3043 3162 3079 a
3177 3026 3447 3098 parthenis
3473 3027 3586 3081 sive
3608 3030 3906 3101 virginibus

2347 3103 2454 3157 nati
2492 3113 2661 3159 erant.
2733 3103 2945 3157 Etenim
2979 3120 3146 3173 quum
3176 3114 3379 3175 tempus
3409 3104 3706 3161 ueheretur
3740 3109 3903 3163 Lace-

2345 3181 2614 3238 daemoniis
2657 3185 2930 3239 Messenen
2979 3179 3344 3236 obsidentibus
3360 3222 3376 3246 ,
3419 3182 3490 3237 ab
3535 3188 3768 3241 exercitu
3817 3186 3906 3243 di·

2347 3263 2488 3316 missi
2515 3271 2637 3316 sunt
2655 3260 2912 3333 juvenum
2953 3260 3343 3326 florentissimi,
3366 3259 3604 3335 jmsique
3635 3276 3698 3319 ut
3721 3269 3902 3322 cuncti

2345 3340 2634 3410 virginibus
2685 3340 2888 3393 cunctis
2931 3338 3310 3402 miscerentur;
3357 3347 3520 3411 atque
3580 3340 3706 3396 inde
3747 3342 3902 3399 liberi

2345 3419 2633 3474 Parthenia
2679 3418 2810 3473 dicti
2853 3428 2908 3472 et
2957 3415 3212 3487 ignobiles
3259 3415 3425 3472 habiti
3483 3430 3626 3475 sunt.
3724 3424 3903 3491 Quam

2343 3499 2682 3570 ignominiam
2727 3516 2836 3554 non
2895 3493 3120 3551 ferentes
3169 3494 3351 3569 (erant
3393 3508 3572 3553 autem
3619 3501 3898 3576 permulti)

2342 3577 2680 3652 popularibus
2706 3576 2922 3632 insidias
2947 3585 3288 3643 struxerunt,
3322 3575 3675 3635 Phalanthum
3707 3576 3902 3637 ducem
3940 3575 3953 3585 ’

2339 3658 2618 3725 habentes,
2656 3659 2748 3730 qui
2776 3674 2914 3712 unus
2939 3674 3006 3711 ex
3039 3657 3276 3728 ipsorum
3301 3666 3416 3709 erat
3439 3674 3684 3715 numero.
3757 3661 3900 3718 Con·

2341 3748 2550 3793 venerat
2571 3747 2764 3803 autem,
2784 3747 2844 3791 ut
2860 3737 2916 3791 in
2933 3734 3373 3810 Hyacinthiorum
3394 3734 3720 3793 solemnitate
3731 3753 3898 3811 quum

2339 3828 2603 3873 oermmen
2647 3816 3011 3881 conficeretur,
3061 3812 3277 3887 quando
3324 3814 3648 3871 Phalanthus
3699 3819 3896 3891 pileum

2338 3898 2494 3970 capiti
2523 3899 2853 3972 imponeret,
2897 3895 3046 3951 fieret
3089 3893 3333 3951 insultus.
3407 3896 3489 3949 Ea
3523 3914 3607 3950 res
3647 3915 3812 3968 qunm
3838 3902 3896 3955 in

2336 3973 2450 4049 ipso
2477 3977 2759 4031 certamine
2782 3974 3037 4049 patefacta
3053 3984 3216 4040 esset,
3231 3992 3406 4046 praeco
3427 3974 3484 4029 in
3511 3975 3756 4034 medium.
3771 3996 3896 4051 pro·

2336 4054 2524 4111 cedens
2542 4054 2700 4128 jussit
2721 4072 2790 4110 ne
2814 4053 3136 4110 Phalanthus
3160 4052 3359 4125 pileum
3375 4054 3692 4127 imponeret.
3769 4058 3898 4125 Quo

2335 4134 2470 4190 sacto
2495 4133 2754 4207 conjurati
2789 4132 3131 4205 intelligentes
3175 4150 3232 4186 se
3255 4131 3612 4205 depoehensos
3633 4152 3746 4189 esse
3762 4174 3776 4197 .
3804 4134 3896 4190 alii

2335 4214 2676 4287 diffugerunt,
2699 4212 2788 4269 alii
2809 4211 3070 4286 supplices
3087 4214 3294 4267 veniam
3315 4211 3637 4282 flagitarunt.
3710 4214 3897 4284 Itaque

2335 4294 2468 4349 bene
2493 4312 2701 4367 sperare
2720 4292 2852 4364 jussi
2875 4332 2891 4356 ,
2918 4293 2975 4345 in
3015 4290 3226 4347 vincula
3250 4288 3641 4361 conjiciuntur-3
3668 4290 3890 4345 Phalan-

2335 4374 2457 4428 thus
2486 4391 2607 4427 vero
2640 4372 2710 4427 ad
2736 4370 3034 4445 Apollinem
3078 4368 3148 4425 de
3175 4369 3380 4425 colonia
3417 4368 3728 4425 deducenda
3763 4387 3890 4424 con·

2341 4454 2571 4507 sulturus
2593 4452 2840 4517 mittitur,
2871 4452 2957 4505 cui
2977 4448 3204 4504 densita
3228 4446 3502 4522 respondit
3530 4464 3545 4503 ε

2437 4582 2675 4635 sats-reum
2695 4576 2779 4625 ubl
2798 4577 2860 4623 do
2877 4609 2891 4633 ,
2908 4576 3101 4635 pingues
3125 4586 3350 4637 pagosque
3367 4576 3552 4622 Tarenti

2437 4650 2663 4705 incolere,
2681 4646 2856 4694 lntestls
2872 4651 2920 4693 et
2935 4649 3120 4705 Iapyga
3145 4646 3401 4704 opprimere
3417 4646 3566 4692 armls.

2333 4756 2456 4809 Una
2478 4755 2640 4825 igitur
2665 4771 2786 4807 cum
2814 4752 3105 4808 Phalantho
3128 4752 3422 4807 Parthenia
3441 4750 3664 4823 profecti
3689 4752 3882 4806 Taren·

2336 4856 2448 4899 tum
2495 4841 2876 4905 condiderunt,
2921 4841 3214 4914 urbemque
3237 4840 3306 4894 ab
3345 4838 3508 4894 beroe
3548 4837 3780 4909 quodam
3815 4839 3889 4893 ita

2335 4933 2689 4987 nominarunt.
2769 4964 2778 4974 -

2327 5228 2461 5281 sicut
2493 5226 2548 5279 in
2575 5226 2706 5279 Εκο.
2747 5224 2813 5280 38
2851 5220 3128 5294 Γαλαῦρίαν
3146 5261 3163 5288 ,
3193 5218 3338 5286 cod„
3369 5230 3432 5274 ut
3471 5216 3630 5274 codd.
3673 5216 3886 5271 Strabo-

2329 5307 2430 5361 nis.
2465 5307 2489 5377 11
2519 5334 2591 5347 -
2613 5304 2696 5361 35.
2727 5320 2784 5375 p.
2813 5305 2937 5375 278,
2971 5306 3024 5355 C.
3051 5318 3175 5372 279,
3205 5306 3274 5358 D.
3303 5300 3432 5371 ὅσοι]
3457 5299 3590 5361 ὅσοις
3612 5296 3732 5351 rod.
3763 5298 3788 5368 ΙΙ
3810 5326 3884 5339 -
