4584 6284
1750 545 2099 608 ANAPLUS
2140 542 2461 606 Bosront
2501 542 2843 605 TnnAcn.

710 683 1023 739 totuinatum
1052 682 1275 737 Lembus
1300 698 1336 734 u
1356 676 1707 734 similitudine
1739 675 1909 733 lembi.
1985 676 2087 729 Sub
2113 674 2265 729 littus

704 769 786 824 :Ji
824 766 1129 824 continu‘um
1172 778 1253 823 est
1288 766 1465 821 insula
1498 763 1651 820 mide
1686 762 1849 818 brevis
1862 801 1879 830 ‚
1911 764 2079 836 juxta
2110 779 2267 835 quam

700 855 867 911 enatis
891 854 1090 911 vudum
1130 852 1455 908 exalbescens
1482 849 1725 905 cautibus
1748 848 1845 904 sub
1870 866 2008 921 aqua
2030 846 2256 921 jacenti·-

704 949 799 1001 bus
819 944 874 999 in
892 948 1165 1017 Europam
1188 939 1383 996 ater-tit
1392 938 1625 1015 piscium
1640 956 1863 1003 cursum,
1884 938 2033 1009 cujus
2052 946 2265 1009 aspectu

702 1030 946 1088 exterriti
975 1029 1185 1101 fretum
1237 1036 1507 1082 transeunt
1553 1024 1771 1081 secundo
1821 1021 2039 1097 Bospori
2082 1024 2263 1093 fluxu.

704 1117 1038 1178 Chalcedonii
1081 1116 1253 1191 ipsam
1293 1114 1518 1171 ietstdam
1554 1112 1819 1189 appellant
1863 1102 2103 1177 Βλάὸην,
2139 1120 2267 1184 apto

703 1206 911 1263 nomine
937 1217 988 1260 et
1010 1203 1232 1279 proprio
1266 1201 1593 1278 experientias
1617 1198 1695 1255 rei
1717 1218 1831 1275 quoe
1862 1197 2092 1254 accidere
2114 1196 2265 1252 solet.

706 1296 841 1351 Inde
866 1304 947 1351 est
964 1290 1307 1349 Potamonion
1324 1313 1344 1355 ,·
1360 1302 1485 1364 post
1504 1286 1841 1345 Potamonion
1865 1286 2095 1342 succedit
2116 1288 2267 1341 Nau·

705 1385 869 1441 siclin
881 1425 899 1451 ,
942 1380 1093 1457 apud
1128 1400 1284 1455 quam
1308 1379 1493 1435 dicunt
1538 1376 1893 1435 Chalcedonius
1930 1375 2061 1431 bello
2089 1374 2269 1429 nai-ali

705 1488 983 1545 superasse
1032 1466 1354 1523 adioemurios
1412 1476 1593 1521 contra
1647 1482 1702 1519 se
1759 1463 2060 1533 navigantes
2072 1484 2093 1527 ,-
2150 1460 2269 1516 inde

710 1550 932 1613 Echoea,
960 1544 1229 1621 περίρρουν
1240 1544 1651 1621 promontorium
1664 1583 1679 1607 ,
1710 1554 1760 1597 et
1783 1542 1931 1597 sinus
1968 1540 2268 1615 appellatus

708 1634 998 1707 Lycadium
1022 1633 1160 1689 satis
1174 1629 1475 1706 profundus
1490 1669 1507 1697 ,
1541 1628 1678 1684 illud
1700 1627 1904 1703 quidem
1942 1646 1979 1681 a
2005 1626 2123 1682 viro
2152 1629 2265 1681 Me-

706 1720 945 1790 garmi,
967 1718 1251 1793 Lycadium
1274 1718 1383 1773 sice
1408 1716 1679 1789 cycladion
1696 1734 1733 1769 a
1757 1716 1981 1790 quodam
2001 1713 2264 1783 indigena.

787 1808 1093 1879 Catangium
1112 1804 1319 1861 videtur
1331 1807 1375 1859 is
1393 1822 1503 1859 csse
1527 1806 1691 1869 sinus,
1716 1821 1873 1875 quem
1900 1802 2057 1857 bodie
2080 1811 2268 1856 vocant

708 1894 1023 1959 Castaeium,
1044 1910 1151 1947 non
1171 1890 1333 1947 modo
1360 1890 1588 1945 nominis
1614 1887 1968 1952 similitudine,
1995 1886 2087 1942 sed
2111 1888 2265 1941 etiam

710 1998 832 2035 vera
860 1980 1099 2053 Dionysii
1125 1978 1493 2051 descriptione.
1524 1978 1766 2033 Piscosus
1782 1976 1921 2031 enim
1936 1976 1981 2029 si
1998 1975 2117 2048 quis
2137 1975 2267 2029 alius

706 2067 896 2122 littoris
928 2068 1160 2121 Asiatici.
1190 2067 1394 2121 Verum
1428 2073 1489 2119 ut
1523 2060 1637 2136 ejus
1664 2063 1795 2118 situs
1826 2072 1879 2117 et
1905 2061 2269 2133 consequentis

702 2152 891 2208 littoris
912 2151 1249 2223 intelligatur,
1277 2151 1410 2206 scito
1428 2148 1601 2203 sinum
1614 2146 1896 2203 Soltaniaea
1916 2146 2269 2219 septentrione

703 2240 894 2295 habere
935 2241 1069 2311 regis
1104 2238 1287 2293 hortos
1304 2280 1319 2305 ,
1359 2255 1392 2293 a
1430 2235 1650 2292 meridie
1688 2236 1860 2291 vicum
1902 2234 2203 2316 habitatum
2235 2252 2268 2290 a

702 2328 885 2383 Turcis
900 2367 917 2395 ,
954 2337 1317 2400 nuncupatum
1358 2325 1509 2398 Sycia
1548 2337 1589 2379 ⁸.
1630 2326 1754 2380 Post
1794 2325 1969 2379 vicum
2000 2324 2057 2379 in
2094 2323 2269 2378 littore

702 2426 783 2471 est
806 2416 977 2481 locus,
1002 2433 1160 2487 qu-
1182 2415 1466 2487 piscatores
1493 2424 1681 2468 vocant
1704 2412 1889 2469 Bolse-
1912 2432 1943 2467 a
1953 2410 2101 2485 jactu
2120 2414 2263 2467 retis.

705 2503 807 2579 Hic
828 2504 977 2556 sinus
992 2500 1101 2573 jam
1120 2500 1429 2564 Soltanicus,
1450 2502 1597 2573 prius
1614 2499 1941 2572 cyclaminus
1962 2500 2265 2572 appellatus,

707 2586 867 2659 longo
914 2588 1139 2641 circuitu
1174 2584 1362 2640 leniter
1402 2586 1537 2639 flexo
1578 2582 1865 2657 quadratur
1925 2586 1978 2639 in
2016 2584 2265 2657 angulum

708 2674 1033 2741 normalem
1078 2674 1313 2747 piscosus
1358 2672 1612 2740 liabetur3
1654 2690 1685 2727 a
1742 2672 1958 2728 meridie
2005 2672 2269 2727 clauditur

706 2764 1075 2837 promontorio
1120 2763 1391 2817 nominato
1434 2761 1632 2817 Stridio
1650 2773 1697 2829 ²,
1758 2761 1825 2816 ab
1866 2762 2049 2817 ostreis
2095 2762 2269 2835 potius

706 2851 955 2919 arbitror,
1012 2868 1143 2924 quas
1191 2851 1375 2922 vulgus
1418 2851 1725 2906 Graecorum
1772 2848 1992 2922 appellat
2040 2848 2221 2904 stridis
2243 2890 2259 2914 ,

701 2958 862 3013 quam
898 2958 931 2996 a
966 2938 1194 2996 stridore
1215 2980 1232 3006 ,
1259 2957 1383 2993 nam
1413 2938 1489 2993 ibi
1520 2938 1695 2993 fluxus
1730 2956 1837 2992 non
1866 2937 2071 2995 stridet.
2148 2939 2269 2994 Hoc

704 3026 1129 3099 promontorium
1148 3024 1215 3079 ab
1237 3024 1481 3097 aquilone
1502 3023 1727 3079 includit
1744 3023 1917 3077 sinum
1936 3024 2231 3079 Castacium
2247 3064 2264 3092 ,

706 3113 856 3169 valde
874 3114 1158 3187 piscosum,
1181 3113 1473 3168 habitatum
1492 3132 1519 3167 a
1533 3111 1894 3185 piscatoribus.
1918 3114 1981 3165 In
2006 3111 2151 3167 hunc
2176 3130 2267 3185 pe·

707 3203 883 3257 rennis
906 3203 1050 3257 rivus
1066 3220 1163 3274 per
1184 3200 1367 3255 vallem
1392 3198 1670 3265 delabitur,
1692 3200 1747 3253 in
1778 3215 1879 3270 qua
1898 3200 2004 3253 ima
2034 3209 2087 3253 et
2116 3198 2269 3272 plana

706 3291 843 3365 regis
864 3289 1005 3343 horti
1033 3287 1172 3342 silvis
1210 3298 1456 3342 virentes.
1480 3289 1543 3341 In
1580 3286 1727 3340 sinus
1752 3296 1899 3359 purte
1941 3296 2175 3341 extrema
2201 3286 2268 3340 ad

714 3374 989 3429 meridiem
1012 3374 1307 3447 pertinente
1336 3372 1583 3426 videntur
1605 3370 1944 3426 fundamenta
1970 3371 2109 3426 illius
2133 3373 2269 3425 anti·

712 3461 803 3532 qui
828 3460 1002 3531 magni
1024 3460 1344 3524 monasterii,
1366 3457 1511 3530 quod
1528 3456 1880 3531 appellabatur
1896 3448 2225 3526 Ἀκοιμήτων
2245 3451 2267 3489 ³

712 3568 745 3603 a
766 3548 1035 3604 monachis
1056 3564 1323 3619 nunquam
1360 3555 1521 3601 noctu
1546 3543 1947 3599 dormientibus.
1992 3544 2163 3617 Hujus
2184 3564 2269 3599 so·

712 3634 871 3689 litarii
904 3633 1155 3689 domicilii
1190 3631 1573 3688 moderatorem
1603 3641 1658 3686 et
1681 3630 2083 3703 gubernatorem
2112 3630 2273 3687 tradit

712 3720 873 3776 fnisse
897 3720 1151 3793 Cyrillum
1180 3719 1439 3789 Euagrius
1464 3720 1519 3772 in
1536 3736 1633 3773 sun
1654 3718 1960 3773 Christiana
1994 3718 2270 3773 concionis

710 3809 933 3864 historin
960 3807 1021 3880 (5
1038 3848 1053 3871 ,
1090 3812 1153 3861 16
1168 3809 1211 3878 ).
1230 3806 1589 3860 Meminerunt
1622 3815 1675 3859 et
1694 3804 1777 3859 alii
1802 3804 2033 3859 historici
2050 3804 2275 3859 aliorum

715 3896 1099 3951 monachorum
1130 3894 1209 3949 vel
1244 3892 1543 3949 eruditione
1574 3892 1654 3947 vel
1696 3893 1965 3947 sanctitate
1994 3891 2273 3946 illustrium

710 4122 825 4175 sive
850 4120 1103 4191 ἂνάὸαθρα
1122 4128 1271 4173 erant
1284 4158 1301 4185 ,
1322 4120 1455 4172 sicut
1477 4118 1699 4189 Bospori
1724 4116 1899 4171 Phiala
1922 4118 2057 4173 clivo
2071 4115 2272 4189 adjace-

712 4199 804 4254 bat
826 4200 880 4254 in
904 4200 1095 4253 theatri
1140 4197 1361 4252 modum
1390 4198 1699 4269 assurgenti.
1743 4199 1824 4250 De
1856 4196 2030 4252 Phiala
2057 4196 2277 4252 Alexan·

712 4276 843 4333 driae
872 4279 991 4332 loeo
1018 4296 1068 4333 ν.
1098 4277 1391 4349 Procopius
1436 4278 1517 4331 De
1544 4274 1682 4331 aedis.
1713 4280 1767 4343 6,
1810 4292 1835 4330 1
1872 4294 1929 4351 p.
1972 4276 2097 4343 331,
2184 4275 2271 4331 ed.

712 4357 881 4411 Bonn.
908 4356 993 4412 Ad
1035 4366 1275 4411 nostrum
1318 4354 1496 4410 locum
1544 4356 1720 4410 nescio
1749 4372 1817 4409 an
1843 4354 2135 4427 pertineant
2161 4371 2277 4426 quae

713 4437 1011 4510 Stephanus
1033 4454 1085 4493 v.
1112 4435 1361 4509 Φιγάλεια
1386 4434 1545 4489 habet
1575 4452 1589 4489 ε
1617 4434 1761 4489 Ἔστι
1782 4433 1866 4489 καὶ
1885 4433 2099 4489 matuta
2136 4434 2277 4488 Βιθυ-

716 4517 839 4579 νίας.
880 4546 955 4559 —-
993 4514 1214 4571 Lembus
1240 4514 1671 4589 promontorium
1708 4511 2002 4567 seeundum
2043 4511 2275 4584 Gyllium

714 4598 855 4651 inter
893 4594 1221 4652 Kandlidclee
1248 4604 1302 4649 et
1325 4594 1533 4649 Placem
1574 4594 1747 4648 sinum
1788 4592 1896 4647 sive
1932 4592 2093 4647 istum
2122 4592 2282 4647 maris

716 4695 979 4732 recessum
1021 4677 1107 4731 cui
1142 4692 1287 4731 nunc
1332 4673 1519 4746 Koeses
1562 4674 1705 4727 vicus
1741 4670 1971 4743 adjacet,
1999 4670 2281 4743 ponendus

717 4766 830 4822 est;
856 4756 1053 4810 namin
1080 4754 1195 4827 ipso
1224 4753 1329 4809 hoc
1358 4769 1569 4809 recessu
1590 4750 1787 4805 Blaben
1822 4748 2051 4803 insulam
2080 4748 2195 4814 vel,
2220 4760 2281 4803 ut

718 4833 921 4890 Plinius
944 4834 1020 4889 ait
1035 4872 1052 4899 ,
1081 4844 1290 4907 petram
1311 4851 1338 4887 e
1366 4830 1505 4887 vado
1538 4828 1615 4884 ud
1645 4846 1901 4884 summam
1929 4826 2278 4901 perlucentem

716 4912 925 4987 Gyllius
949 4912 1050 4967 sibi
1067 4913 1317 4985 reperisse
1345 4908 1571 4965 videtur.
1600 4909 1659 4964 ln
1682 4906 2063 4963 recentioribus
2088 4904 2278 4961 tabulis

718 4995 945 5049 nauticis
962 4994 1104 5049 nulla
1128 4994 1203 5048 ibi
1226 4992 1393 5048 insula
1424 4990 1729 5064 scopulusve
1748 4996 1978 5043 notatur.
2008 5014 2085 5028 —
2116 4988 2276 5040 Pota·

717 5072 860 5129 mian
886 5072 1114 5144 pertinet
1134 5070 1201 5125 ad
1228 5070 1541 5126 hodiernam
1562 5069 1724 5123 wlle'e
1749 5066 1812 5121 de
1830 5066 1963 5120 I'eau
1987 5064 2147 5121 douce
2169 5068 2278 5120 sive

715 5150 785 5205 ad
824 5152 1022 5205 ostium
1064 5153 1239 5205 Aretae
1258 5188 1273 5213 ,
1318 5150 1463 5203 fluvii
1508 5148 1563 5201 in
1604 5148 1827 5201 Asiatico
1861 5145 2081 5217 Bospori
2120 5142 2278 5197 latere

716 5228 967 5293 maximi,
1016 5229 1111 5300 qui
1151 5244 1297 5281 nunc
1346 5236 1563 5281 vocatur
1606 5222 2089 5296 Boujoeek··Gdk·sou
2139 5222 2178 5276 i.
2224 5238 2272 5275 e.

714 5326 903 5379 magna
920 5306 1143 5361 coelestis
1165 5324 1319 5379 aqua.
1344 5337 1418 5348 --
1434 5304 1733 5369 Nausiclia,
1760 5302 2054 5357 Ναυσίκλεια
2073 5339 2089 5366 ,
2121 5298 2277 5354 luerit

714 5390 781 5444 ad
808 5390 1003 5443 ostium
1033 5390 1300 5461 sequentis
1333 5388 1479 5443 fluvii
1542 5404 1697 5460 quem
1733 5384 1916 5439 dicunt
1943 5379 2277 5438 Koutscltouk

3814 560 3886 611 8⁴1

2354 672 2446 745 qui
2468 672 2556 727 hle
2573 672 2854 743 solivagam
2883 674 3042 729 vitam
3076 678 3296 747 egerint.
3323 680 3442 733 Jam
3472 696 3598 732 vero
3619 696 3651 731 a
3689 677 3911 734 meridie

2354 759 2656 814 Castacium
2692 760 2869 813 sinum
2907 760 3069 829 cingit
3101 762 3522 833 promontorium
3563 761 3675 818 duo
3711 782 3910 819 cornua

2353 863 2461 920 pre
2491 864 2547 901 se
2569 864 2752 918 gerens
2781 866 2795 903 z
2825 846 3048 901 alterum
3091 850 3264 903 sinum
3289 850 3580 905 Castacium
3627 850 3906 920 claudens,

2354 933 2500 1007 quod
2548 944 2736 989 vocant
2773 936 3024 1005 Magnum
3063 934 3208 991 Glari
3225 938 3266 1001 ⁴,
3309 935 3558 1010 quodque
3595 938 3750 993 celeri
3785 957 3912 993 acu·

2355 1032 2516 1095 toque
2563 1021 2712 1075 fluxu
2754 1020 3134 1087 circumsonat3
3175 1022 3408 1091 ,alterum
3454 1042 3624 1080 cornu
3657 1024 3908 1081 claudens

2354 1108 2562 1176 sinum,
2615 1125 2776 1180 quem
2821 1100 3016 1161 Πλάκα
3053 1109 3224 1163 Graeci
3263 1110 3520 1183 appellant
3541 1150 3558 1179 ,
3593 1112 3912 1169 circumfluit

2352 1196 2618 1269 Bosporus
2665 1194 2850 1267 rapido
2897 1212 3056 1249 cursu
3081 1205 3134 1250 et
3159 1194 3314 1249 simili
3363 1197 3583 1269 prioris,
3641 1198 3786 1271 quod
3819 1198 3904 1255 di-

2355 1292 2482 1337 cunt
2537 1284 2763 1336 Parvum
2821 1280 2983 1336 Glari.
3083 1279 3221 1334 Vide
3265 1278 3459 1339 horum
3517 1281 3739 1338 alterum
3769 1324 3786 1351 ,
3840 1304 3910 1341 ιιι

2354 1372 2424 1425 sit
2445 1360 2742 1442 Ὀξύρρουν,
2763 1368 2982 1423 alterum
3005 1386 3128 1423 vero
3150 1358 3434 1441 Περίρρουν
3458 1368 3503 1423 ⁵.
3531 1368 3768 1425 Medium
3795 1388 3914 1443 pro-

2355 1458 2698 1522 montorium,
2722 1456 2960 1511 dividens
2977 1458 3268 1511 Castacium
3286 1475 3317 1511 a
3337 1457 3458 1511 sinu
3476 1456 3708 1525 Placino,
3735 1458 3914 1513 incur-

2361 1557 2514 1601 vatur
2535 1545 2589 1598 in
2613 1542 2723 1597 duo
2745 1561 2962 1609 cornua,
2987 1542 3262 1617 parvulum
3287 1542 3462 1597 sinum
3483 1541 3794 1609 admittens,
3821 1561 3911 1599 su·

2353 1651 2448 1706 pra
2487 1648 2646 1703 quem
2693 1627 2958 1703 impendet
3001 1646 3258 1684 concavus
3301 1629 3446 1683 locus
3496 1628 3680 1683 similis
3721 1646 3914 1700 magno

2353 1720 2576 1773 theatro.
2606 1719 2732 1772 Post
2768 1717 3186 1789 promontorium
3231 1716 3376 1789 parvi
3407 1714 3554 1771 Glari
3582 1716 3756 1770 statim
3787 1714 3914 1772 sub-

2353 1804 2588 1877 sequitur
2606 1802 2751 1857 sinus
2770 1801 3068 1867 mediocris,
3088 1818 3246 1873 quem
3263 1801 3432 1857 Greci
3448 1800 3708 1874 appellant
3719 1802 3916 1864 Πλάκα

2354 1894 2638 1970 a⁰quadam
2657 1935 2674 1961 ,
2699 1905 2762 1949 ut
2783 1894 2881 1969 ipsi
2904 1894 3084 1961 aiunt,
3111 1912 3290 1949 mensa
3321 1912 3636 1949 marmorea.
3667 1895 3824 1951 Hunc
3845 1896 3914 1951 si-

2354 2003 2485 2040 num
2511 2004 2543 2039 a
2565 1980 2786 2039 meridie
2811 1981 3006 2037 claudit
3026 1983 3446 2055 promontorium
3463 2020 3480 2049 ,
3509 1982 3664 2055 cujus
3679 1981 3748 2037 ad
3770 1982 3912 2039 radi·

2354 2090 2468 2127 cem
2513 2070 2624 2125 dno
2659 2087 2780 2124 sexa
2811 2086 2970 2142 supra
3005 2085 3198 2141 aquam
3224 2069 3489 2136 eminent,
3529 2067 3739 2123 undoso
3783 2072 3914 2125 mari

2353 2156 2690 2213 circumdata.
2705 2159 2888 2229 Itaque
2912 2174 3034 2212 cum
3053 2158 3110 2211 in
3123 2167 3236 2211 toto
3247 2156 3420 2211 littore
3446 2156 3678 2212 Asiatico
3687 2156 3826 2212 nulla
3846 2158 3916 2213 sit

2353 2244 2518 2301 insula
2539 2261 2710 2315 neque
2733 2242 2978 2317 scopulus
3005 2244 3144 2299 inter
3165 2245 3366 2298 Fanum
3385 2242 3532 2299 Jovis
3557 2253 3614 2298 et
3633 2242 3916 2299 Chalcedo-

2353 2352 2476 2389 nem
2501 2350 2660 2405 quam
2695 2331 2786 2386 hic
2809 2340 2864 2386 et
2887 2330 3016 2385 alter
3041 2332 3174 2386 situs
3197 2332 3296 2385 sub
3329 2330 3696 2404 promontorio
3726 2332 3916 2386 Dama·

2353 2420 2454 2475 lico
2486 2436 2501 2473 z
2543 2429 2635 2473 aut
2669 2418 2862 2472 horum
2902 2415 3124 2471 alterum
3159 2425 3368 2489 oportet
3405 2434 3517 2471 esse
3551 2414 3722 2482 illam,
3755 2434 3916 2489 quam

2353 2508 2634 2580 Dionysius
2659 2515 3070 2572 commemorat,
3104 2515 3196 2560 aut
3237 2523 3348 2559 non
3388 2516 3584 2560 extare.
3625 2507 3746 2562 Jam
3783 2523 3909 2559 vero

2353 2594 2626 2669 scopulum
2665 2594 2896 2667 positum
2923 2590 3023 2647 sub
3045 2590 3310 2647 radicibus
3334 2593 3686 2665 promontorii
3721 2594 3913 2647 Dama-

2353 2682 2439 2737 lici
2471 2700 2578 2737 non
2613 2700 2728 2737 esse
2753 2680 2978 2737 insulam
3004 2679 3246 2736 traditam
3272 2698 3305 2736 a
3333 2680 3588 2755 Dionysio
3603 2720 3620 2749 ,
3653 2680 3815 2753 liquet
3847 2697 3915 2734 ex

2353 2768 2436 2823 his
2460 2786 2580 2841 quae
2608 2778 2662 2824 et
2687 2778 2808 2823 ante
2837 2766 2973 2822 dixit
3006 2768 3289 2840 Dionysius
3313 2778 3366 2823 et
3404 2785 3471 2822 ex
3501 2767 3566 2821 iis
3591 2784 3710 2840 quae
3733 2777 3914 2839 postea

2353 2854 2511 2909 dicet.
2535 2853 2695 2925 Quod
2723 2855 2764 2907 si
2785 2852 2938 2925 juxta
2955 2853 3038 2908 illa
3063 2852 3171 2907 duo
3188 2871 3308 2908 saxa
3329 2870 3489 2927 snpra
3509 2871 3701 2926 aquam
3727 2862 3909 2907 extan-

2356 2942 2427 2996 tia
2455 2942 2524 2997 sit
2549 2940 2708 2995 maris
2735 2938 2926 2995 vadum
2948 2939 3274 2995 exalbesoens
3296 2940 3540 2995 cautibus
3554 2978 3571 3006 ,
3597 2938 3792 3011 quibus
3809 2936 3912 2993 sub

2353 3047 2488 3102 aqua
2539 3028 2833 3101 jacentibus
2884 3029 3165 3101 Dionysius
3207 3028 3389 3083 scribit
3429 3029 3598 3101 pisces
3647 3028 3812 3081 averti
3857 3026 3917 3080 in

2353 3116 2620 3188 Europam
2639 3154 2654 3181 ,
2671 3113 2907 3187 profecto
2923 3114 3010 3168 bic
3036 3116 3144 3169 sive
3163 3114 3406 3187 scopulus
3426 3115 3536 3169 sive
3557 3113 3728 3168 insula
3747 3110 3918 3184 major

2355 3218 2463 3255 esse
2488 3198 2709 3263 debuit,
2753 3196 3147 3270 adjacentesque
3189 3208 3364 3253 cautes
3398 3208 3575 3252 erutas
3602 3196 3762 3252 fuisse
3787 3212 3917 3250 eon·

2355 3288 2497 3343 venit
2522 3303 2536 3341 :
2565 3298 2657 3341 aut
2678 3288 2724 3341 si
2744 3286 2868 3341 alibi
2887 3286 3056 3341 insula
3074 3287 3308 3360 Dionysii
3326 3285 3452 3353 suit,
3478 3284 3716 3339 funditus
3740 3302 3918 3340 eversa

2355 3384 2432 3429 est
2455 3392 2486 3429 a
2511 3372 3022 3428 Chalcedonensibus
3046 3373 3184 3428 illam
3205 3370 3460 3445 appellare
3485 3370 3649 3426 solitis
3677 3362 3912 3435 Βλάὸην.

2342 3460 2543 3515 'Strabo
2585 3459 2678 3533 (p.
2725 3460 2863 3529 320)
2907 3458 3128 3513 insulam
3179 3476 3288 3513 esse
3329 3469 3494 3525 tacet,
3528 3456 3622 3515 sed
3659 3456 3917 3513 duntaxat

2355 3557 2556 3620 petram
2574 3564 2684 3601 esse
2709 3544 2863 3599 dixit.
2897 3570 2920 3594 ‹-
2945 3544 3246 3617 Pelamydes
3261 3583 3277 3610 ,
3305 3546 3506 3617 inquit,
3546 3541 3918 3598 descendentes

2357 3650 2419 3687 cx
2445 3634 2616 3687 Ponto
2633 3672 2648 3696 ,
2687 3650 2811 3685 cum
2839 3632 3200 3705 preterierunt
3239 3631 3500 3704 Cyaneas,
3533 3648 3600 3684 ex
3627 3628 3918 3685 Chalcedo-

2359 3722 2509 3775 niaco
2543 3718 2718 3773 littore
2751 3728 2898 3792 petra
2933 3717 3172 3790 quiedam
3209 3718 3326 3773 alba
3353 3718 3479 3791 ipsis
3515 3715 3718 3789 objecta
3733 3756 3750 3783 ,
3786 3714 3920 3771 adeo

2359 3816 2602 3870 exterret,
2623 3815 2684 3859 ut
2700 3800 2874 3857 statim
2891 3804 2946 3857 in
2965 3803 3284 3858 contrarium
3305 3803 3448 3858 littus
3465 3812 3864 3859 convertantur.
3889 3826 3912 3849 ι

2365 3892 2564 3948 Plinius
2585 3892 2675 3961 (9,
2707 3889 2810 3962 20)
2836 3906 3016 3943 saxum
3039 3890 3292 3943 duntaxat
3313 3908 3424 3943 esse
3450 3889 3599 3945 dicit.
3629 3914 3653 3937 ι
3677 3892 3806 3953 Est,
3837 3888 3918 3942 in·

2365 4124 2594 4181 Gsk-son
2628 4124 2736 4177 sive
2771 4138 2981 4193 parvam
3015 4119 3272 4173 coelestem
3303 4135 3512 4189 aquam.
3544 4116 3702 4189 Gyllii
3731 4124 3908 4180 aetate,

2365 4204 2434 4256 ibi
2467 4201 2630 4273 Naple
2671 4202 2813 4253 vicus
2855 4199 3106 4254 exstabat.
3133 4228 3202 4239 —
3239 4197 3454 4260 Ecleoea,
3495 4196 3622 4267 ἄκρα
3661 4196 3912 4267 περίρρους

2367 4280 2512 4351 (quie
2541 4279 2718 4333 nescio
2741 4296 2808 4331 nn
2835 4280 3008 4349 potius
3035 4276 3212 4349 Ἦχεία
3234 4276 3375 4329 dicta
3400 4275 3502 4346 sit)
3527 4292 3669 4328 nunc
3691 4284 3768 4328 est
3785 4292 3911 4346 pro-

2369 4358 2687 4412 montorium
2706 4356 2980 4420 Kandilli,
3001 4358 3038 4413 i.
3055 4355 3354 4411 educemus
3375 4353 3588 4419 habens,
3609 4352 3910 4424 λυχνοῦχος.

2366 4438 2596 4509 Sequens
2613 4438 2758 4491 sinus
2777 4438 3010 4490 Δυκάδιον
3028 4436 3311 4507 (Λυχνίὸιον
3323 4434 3366 4505 i')
3381 4433 3553 4506 potius
3567 4432 3742 4487 dictus
3755 4431 3914 4487 suerit

2367 4532 2524 4587 quam
2547 4514 2842 4571 Κυκλάδων.

2443 4612 2490 4651 1.
2529 4594 2703 4665 Sjtia]
2733 4592 2890 4648 hodic
2932 4590 3118 4646 eodem
3156 4609 3309 4646 sensu
3347 4607 3360 4645 ι
3392 4584 3748 4651 lodohic-kei,
3781 4588 3822 4642 i.
3856 4603 3906 4641 e.

2367 4672 2562 4727 ficuum
2599 4672 2763 4726 vicus.
2793 4674 2816 4743 ss
2843 4700 2915 4713 ·-—
2937 4689 2988 4726 s.
3020 4670 3235 4739 See-idio]
3268 4668 3428 4723 bodie
3457 4668 3640 4722 Turcis
3665 4670 3912 4724 &amun

2371 4750 2614 4819 Bogtclee.
2641 4752 2662 4821 11
2689 4781 2761 4793 —-
2778 4750 2829 4804 3.
2861 4748 3184 4821 Ἆκοιμήτων]
3211 4748 3364 4803 Plura
3401 4745 3469 4800 de
3507 4746 3588 4801 bis
3615 4742 3735 4799 vide
3768 4741 3911 4819 apud

2365 4833 2693 4901 Ducangium
2719 4832 2775 4884 in
2803 4832 2982 4887 Const.
3006 4828 3196 4883 Christ.
3220 4827 3254 4881 l.
3276 4831 3330 4893 4,
3354 4844 3410 4900 p.
3437 4826 3554 4881 151.

2435 4912 2492 4973 4.
2530 4907 2703 4981 Glari]
2725 4908 2792 4962 de
2808 4908 2919 4963 lero
2931 4925 3052 4973 ave;
3073 4924 3194 4961 nam
3211 4906 3363 4977 λάρον
3380 4904 3696 4979 posteriores
3720 4903 3909 4977 γλάρον

2363 4986 2626 5045 dicebant.
2699 4990 2946 5044 Similiter
2969 4987 3084 5041 Deli
3117 4985 3294 5041 insula:
3331 4986 3752 5060 promontorium
3779 4984 3910 5039 Γλα-

2365 5068 2554 5138 saxos«
2580 5071 2753 5123 vocari
2793 5078 2972 5123 monet
3007 5065 3306 5121 Schneider.
3331 5066 3399 5119 ad
3421 5065 3640 5120 Aristot.
3668 5064 3793 5119 hist.
3817 5082 3907 5121 an.

2367 5147 2468 5206 vol.
2495 5148 2526 5202 3
2553 5166 2608 5219 p.
2632 5152 2754 5216 278.
2784 5149 2805 5217 ΙΙ
2825 5177 2895 5189 -
2914 5148 2964 5200 5.
2986 5146 3227 5200 Alterum
3247 5162 3368 5198 vem
3393 5142 3670 5217 περίρρουν]
3692 5148 3761 5199 At
3787 5162 3911 5216 pro·

2363 5225 2692 5279 montorium
2717 5222 2858 5297 qued
2892 5224 3172 5295 Dionysius
3203 5224 3452 5295 περίρρουν
3485 5220 3640 5289 dicit,
3665 5220 3732 5275 ad
3769 5222 3913 5275 hunc-

2363 5313 2589 5361 tractum
2613 5303 2828 5357 minime
2851 5302 3090 5375 pertinet.
