4584 6284
1714 411 2070 474 ANAPLUS
2110 405 2447 472 Bospom
2486 403 2839 466 TttuAcll.
3848 409 3881 459 7

672 549 900 622 propriis
945 549 1101 604 etiam
1147 547 1260 602 aliis
1304 545 1570 602 vocabulis
1611 547 1906 617 Bosporum
1951 543 2232 615 scriptores
2320 547 2613 616 Bosporum
2659 539 2955 596 Damaliten
2996 531 3119 615 (τὸν
3162 531 3477 608 Δαμαλίτην
3530 531 3801 610 Βόσπορον
3834 532 3855 610 )

675 637 970 693 nominant.
1047 635 1360 691 Ptolemaeus
1411 634 1502 707 (3,
1571 650 1653 699 11,
1717 631 1788 705 3)
1843 651 1902 688 os
1951 631 2232 686 occiduum
2321 649 2415 686 sua
2435 637 2583 686 astate
2606 637 2969 699 nuncupatum
2997 627 3154 700 vulgo
3178 627 3619 701 Prosphorium⁶.
3692 626 3884 682 Aristi·

673 725 828 778 Ponti
843 723 887 789 ³,
919 721 1234 796 Apollonius
1273 721 1744 792 Argonauticorum
1770 730 1922 792 poeta
1947 720 2042 789 (α,
2089 716 2234 789 549)

675 797 906 854 σκολιοῖο
955 795 1124 872 πόρου
1165 793 1450 854 στεινωπόν
1499 798 1744 872 appellat3
1799 799 2054 854 Arrianus
2107 802 2228 873 (ap.

675 889 917 945 Eustath.
963 890 1034 943 ad
1069 890 1292 960 Dionys,
1327 890 1467 958 140)
1507 886 1694 942 fretum
1743 885 1964 959 Mysium
1989 903 2020 940 a
2058 884 2236 957 Mysiis

673 977 885 1052 populis
899 1016 914 1042 ,
946 993 1070 1030 cum
1112 973 1168 1029 id
1207 973 1336 1046 Mysi
1371 972 1684 1040 nooelerent,
1722 971 1914 1027 deinde
1946 970 2232 1026 'Thracium

677 1083 711 1120 a
733 1063 1034 1119 Tiaracibus
1059 1061 1248 1117 accolis
1265 1063 1307 1116 ⁴.
1382 1061 1558 1116 Potuit
1595 1061 1750 1115 etiam
1782 1057 2027 1133 appellari
2056 1059 2234 1132 Bithy·

680 1155 864 1208 uicum
887 1164 942 1206 et
961 1150 1303 1224 Mygdonium
1319 1149 1340 1188 ⁵
1365 1160 1417 1204 et
1439 1148 1748 1222 Bebrycium
1763 1189 1780 1216 ,
1807 1165 1930 1204 cum
1956 1148 2201 1222 Bithynia
2216 1187 2233 1214 ,

681 1258 800 1313 quae
839 1237 1035 1294 claudit
1071 1239 1289 1310 Bospori
1335 1237 1468 1292 latus
1509 1235 1754 1291 dextrum
1805 1237 2230 1310 Asiaticumque‚

685 1326 845 1380 fuerit
877 1327 1032 1380 etiam
1058 1321 1304 1398 appellata
1339 1322 1618 1396 Mygdonia
1644 1335 1697 1378 et
1721 1322 1990 1396 Bebrycia.
2066 1324 2235 1378 Hero·

684 1413 842 1467 dotus
884 1411 973 1483 (4,
999 1411 1100 1479 85)
1126 1411 1360 1466 nominat
1381 1413 1674 1483 Bosporum
1706 1409 2066 1466 Calchedoniae
2103 1407 2234 1482 (τῆς

691 1491 1058 1574 Καλχηδονίης
1081 1489 1166 1550 τὸν
1195 1491 1524 1572 Βόσπορον);
1548 1499 1753 1566 Strab0,
1780 1517 1839 1553 os
1861 1501 2230 1573 Byzantiacum

688 1587 781 1661 (p.
817 1588 914 1644 125
949 1579 1120 1655 στόμα
1157 1581 1536 1650 Βυζαντιακόν,
1559 1607 1616 1660 Ρ.
1648 1589 1751 1645 318
1780 1581 1953 1658 στόμα
1991 1581 2055 1642 τὸ
2089 1583 2230 1644 κατὰ

689 1659 1028 1738 Βυζάντιον);
1057 1669 1288 1722 Joannoe
1311 1668 1521 1722 Tzetzoe
1546 1667 1716 1736 (Chil.
1753 1685 1802 1735 1,
1835 1669 1968 1742 886)
2005 1671 2230 1743 appellat

757 1883 809 1937 3.
836 1883 1164 1948 Ptolemoens,
1186 1883 1312 1956 etc.]
1327 1883 1582 1937 Nitamur
1599 1883 1710 1937 haec
1725 1902 1886 1956 prava
1907 1886 2243 1957 quorundam

683 1961 926 2018 codicum
949 1961 1172 2018 lectione
1194 1963 1286 2034 qui
1312 1961 1404 2018 lib.
1429 1963 1482 2028 3,
1508 1979 1568 2016 11
1593 1981 1648 2036 p.
1671 1965 1773 2017 215
1794 1963 2162 2039 ed.Wilbcrg.
2187 1970 2242 2022 in

687 2040 858 2096 verbis
881 2060 896 2096 ε
929 2039 980 2096 ἓν
1007 2046 1080 2114 τῷ
1101 2043 1308 2113 στόματι
1325 2045 1413 2095 τοῦ
1428 2041 1620 2095 Πόντου
1641 2043 1907 2106 Βυζάντιον
1929 2056 2052 2100 ante
2077 2063 2132 2102 v.
2157 2051 2244 2101 τοῦ

687 2121 878 2174 Πόντου
905 2121 1147 2176 inserunt
1169 2122 1228 2175 τὺ
1246 2121 1468 2188 δυτικόν,
1487 2121 1632 2194 quod
1663 2123 1867 2195 Gyllius
1885 2127 2166 2180 mutaverit
2191 2128 2246 2179 in

687 2206 760 2274 τῷ
787 2201 988 2272 aunan.
1019 2201 1044 2272 11
1073 2231 1148 2242 -—-
1181 2204 1233 2266 4.
1262 2201 1516 2257 Arrianus
1539 2201 1628 2270 (in
1654 2201 1996 2274 Βιθυνιακοΐς)
2022 2222 2108 2277 ap.
2143 2207 2250 2260 Eu·

691 2280 848 2334 statii.
879 2279 948 2333 ad
966 2282 1189 2352 Dionys.
1219 2284 1320 2344 140
1348 2323 1361 2336 .
1397 2279 1626 2352 Πορθμὺς
1646 2280 1675 2334 ὁ
1697 2282 1822 2336 κατὰ
1847 2282 2147 2354 Καλχηδόνα
2169 2285 2251 2338 καὶ

694 2361 989 2424 Βυζάντιον,
1021 2361 1050 2412 ὅ
1075 2379 1196 2414 ποτε
1222 2360 1434 2426 Μύσιος,
1455 2360 1583 2413 διότι
1611 2361 1776 2414 Μυσοὶ
1809 2361 2064 2435 ἀντιπέραν
2091 2363 2250 2436 ᾤκουν

693 2443 782 2506 τῆς
819 2439 1042 2510 Θρᾴκης,
1078 2437 1280 2510 ὕστερον
1321 2437 1376 2492 δὶ
1416 2439 1663 2510 Βόσπορος
1695 2439 1774 2493 ἐπὶ
1813 2443 1876 2510 τῇ
1909 2443 2132 2512 συμφορᾷ
2167 2445 2254 2508 τῆς

701 2516 846 2584 Ἰοῦς,
868 2515 982 2572 κτλ.
1004 2515 1087 2572 Cl'.
1117 2517 1292 2572 Schol.
1315 2517 1486 2590 Apoll.
1509 2516 1683 2572 Rhod.
1706 2535 1760 2584 α,
1787 2521 1884 2574 168
1901 2529 1954 2572 et
1973 2521 2254 2592 Dionysius

691 2598 908 2652 Κτίσεων
937 2607 1124 2652 auctor
1144 2595 1286 2670 apud
1303 2598 1547 2654 strabon.
1568 2616 1624 2671 p.
1661 2601 1782 2654 566.
1820 2601 1842 2669 ΙΙ
1869 2630 1942 2640 -
1960 2599 2010 2654 5.
2037 2599 2254 2670 Mygdo-

693 2676 874 2749 m‘um]
905 2679 977 2730 At
1013 2693 1122 2730 non
1153 2674 1221 2731 nd
1257 2677 1426 2749 ipsum
1464 2679 1792 2750 Bosporum,
1830 2696 2010 2733 verum
2041 2681 2096 2733 in
2124 2682 2254 2735 Pro-

691 2755 924 2829 pontidis
938 2773 1033 2809 ora
1053 2754 1380 2811 meridionali
1391 2757 1682 2830 Mygdones
1702 2757 1931 2812 l'uerunt.
1955 2757 2038 2816 Cf.
2059 2769 2170 2816 not.
2188 2758 2254 2814 nd

691 2834 806 2888 lssbr.
823 2837 922 2898 111,
937 2853 988 2889 c.
1006 2851 1029 2888 1
1042 2875 1056 2890 .
1076 2835 1240 2905 ΙΙ--6.
1262 2835 1656 2909 Prosphorium]
1671 2837 1881 2890 Τισίεω
1895 2837 2032 2892 Chil.
2052 2853 2100 2904 1,
2121 2839 2252 2895 832:

817 2937 914 2986 Δύο
941 2935 981 2986 δ’
1003 2936 1122 2986 εῑσὶν
1147 2937 1194 2986 ol
1215 2935 1474 3002 Βόσποροι,
1497 2937 1578 2986 καὶ
1607 2935 1722 3000 μάθε
1746 2937 1863 2993 τίνες
1888 2935 2036 2988 οὗτοι·

817 3009 845 3056 ό
867 3005 1044 3065 Σκύθης
1063 3008 1092 3056 ό
1119 3009 1398 3071 Κιμμέριος,
1421 3005 1482 3056 δι’
1506 3007 1564 3056 οὗ
1587 3009 1796 3064 Μαιῶτις
1825 3007 1962 3071 λίμνη

815 3083 876 3142 τῇ
897 3079 1104 3140 Ποντικῇ
1127 3075 1440 3140 συμμίγνυται
1464 3077 1679 3138 θαλάσσῃ
1703 3082 1786 3127 τοῦ
1813 3079 2031 3136 Εὐξείνου
2045 3115 2062 3141 ,

818 3150 846 3196 ό
866 3147 978 3210 παρ’
1004 3149 1118 3208 ἡμῖν
1137 3163 1191 3198 τε
1217 3147 1416 3210 θρᾴκιος
1443 3149 1470 3197 ὁ
1493 3149 1576 3197 καὶ
1593 3149 1981 3212 Ἑλλησποντίας,

819 3218 870 3274 ὃς
893 3217 1114 3281 συνηθείᾳ
1130 3223 1188 3282 τῇ
1209 3222 1344 3282 κοινῇ
1375 3218 1662 3282 Προσφὸριον
1679 3219 1905 3269 καλεῖται.

701 3305 944 3359 Ceterum
981 3305 1200 3377 Bospori
1237 3303 1428 3358 suetum
1457 3304 1836 3378 Prosphorium
1865 3317 2106 3360 vocatum
2146 3325 2256 3362 esse

701 3383 790 3436 vix
832 3392 972 3437 recte
993 3383 1204 3437 Tzetzes
1233 3381 1410 3439 tradit.
1442 3384 1674 3438 Pertinet
1707 3401 1900 3437 nomen
1937 3383 2006 3437 ad
2043 3395 2258 3457 portum

703 3461 1178 3536 Constantinopolis
1205 3463 1262 3517 in
1296 3463 1479 3535 quinta
1518 3464 1666 3517 urbis
1695 3464 1906 3534 regione
1949 3467 2138 3531 situm,
2165 3469 2255 3539 qui

702 3543 848 3616 prius
879 3542 1160 3597 vocabatur
1181 3542 1240 3596 τὺ
1263 3543 1528 3615 Βοσπόριον
1553 3553 1606 3597 ct
1625 3542 1684 3596 τὺ
1711 3544 2020 3616 Φωσφόριον.
2053 3546 2124 3598 V.
2145 3547 2256 3600 Ste-

703 3621 863 3695 phan.
910 3623 1034 3694 Byz.
1075 3639 1128 3676 V.
1172 3621 1453 3694 Βόσποροςς
1482 3623 1684 3695 Gyllius
1702 3625 1933 3695 Topogr.
1963 3625 2146 3678 Const.
2193 3625 2256 3692 3,

704 3720 758 3756 c.
801 3718 851 3754 1.
884 3724 907 3747 ι
936 3701 1316 3773 Prosphorium
1331 3720 1455 3756 vero
1481 3712 1535 3756 et
1570 3701 2012 3774 Prosphorianum
2046 3715 2259 3776 portum

709 3780 884 3834 vocari
907 3777 1124 3834 tradunt
1157 3779 1254 3834 ἀπὺ
1291 3783 1378 3848 τῆς
1397 3781 1700 3852 προσφορᾶς,
1731 3776 1875 3851 quod
1914 3781 2166 3834 nimirum
2197 3799 2262 3835 eo

711 3877 900 3930 magna
923 3859 1292 3930 importaretur
1310 3859 1606 3914 eduliorum
1627 3859 1795 3930 copia.
1817 3884 1838 3904 ι
1871 3857 2174 3914 Lambecias
2195 3859 2261 3912 ad

711 3937 980 3995 Codinum
1009 3956 1068 4011 p.
1102 3939 1204 4009 ²7⁵
1247 3939 1334 3994 ed.
1369 3942 1542 3994 Bonn.
1583 3939 1606 4010 11
1636 3969 1709 3979 -
1734 3957 1786 4009 7.
1818 3937 2048 3992 Plurima
2078 3957 2262 3994 eorum

712 4034 832 4089 qnae
849 4018 907 4071 in
925 4034 1042 4090 sqq.
1073 4017 1275 4091 Gyllius
1295 4017 1465 4084 allen,
1493 4020 1654 4091 petita
1675 4027 1798 4071 sunt
1823 4037 1886 4071 ex
1905 4019 2068 4073 schol.
2089 4019 2261 4092 Apoll.

711 4095 888 4152 Rhod.
921 4113 975 4163 2,
1007 4099 1107 4152 168
1139 4117 1153 4154 :
1178 4097 1248 4151 To
1273 4097 1368 4152 άπὺ
1396 4098 1662 4161 Βυζαντίου
1685 4097 1803 4169 πρὸς
1837 4096 2137 4169 Καλχηδόνα
2161 4099 2268 4151 διά-

711 4195 876 4249 στημα
898 4176 1111 4230 σταδίων
1127 4176 1259 4231 ἐστὶν
1273 4177 1338 4250 [ί]
1352 4179 1375 4247 (
1389 4195 1640 4232 numerus
1657 4177 1903 4243 incertus,
1924 4195 2088 4248 quum
2113 4178 2268 4232 omit-

712 4265 854 4310 tatur
869 4256 926 4310 in
948 4253 1071 4310 cod.
1098 4257 1476 4324 laurentiano,
1498 4265 1789 4311 ceterorum
1811 4255 2053 4312 codicum
2075 4255 2266 4332 sonte),

710 4337 795 4390 καὶ
815 4335 1366 4410 Βόσποροςόνομάζεται
1384 4334 1465 4388 διὰ
1487 4334 1546 4390 τὺ
1565 4336 1730 4390 δοκεῖν
1758 4333 1848 4403 τὴν
1879 4335 1964 4391 Ἰὼ
1983 4338 2101 4411 βοῦν
2120 4333 2269 4392 οὖσαν

711 4415 1078 4488 διαπορεύεσθαι
1120 4419 1296 4471 τοῦτον
1329 4414 1416 4468 τὸν
1457 4415 1638 4481 τόπον,
1674 4413 1728 4468 ἔκ
1763 4419 1850 4484 τῆς
1892 4415 2046 4481 Ἀσίας
2081 4416 2147 4482 εἰς
2182 4415 2271 4486 τὴν

2324 719 2417 773 des
2456 717 2675 790 januam
2717 715 2873 772 Ponti
2919 725 3099 782 vocat,
3146 717 3380 770 imitatus
3424 713 3713 771 Pindarum
3731 754 3747 780 ,
3793 714 3898 786 qui·

2324 807 2513 861 fretum
2538 803 2863 861 Gaditanum
2878 813 3059 878 portas
3076 802 3208 859 dicit
3232 802 3539 860 Gaditanas.
3614 805 3723 860 Ora
3744 805 3885 859 enim

2324 893 2509 947 similia
2535 892 2705 966 portis
2728 890 3025 956 hahentur;
3055 889 3179 945 inde
3222 889 3505 945 fluminum
3546 891 3721 944 exitus
3756 889 3887 946 ostia

2324 978 2593 1034 dicuntur.
2669 977 2870 1033 Plinius
2912 976 3105 1032 fretum
3132 975 3455 1032 Gaditanum
3480 975 3705 1050 appellat
3728 974 3889 1032 limen

2326 1065 2517 1120 interni
2544 1065 2732 1130 maris;
2757 1062 3037 1138 Euripides
3055 1063 3250 1118 clavem
3277 1063 3435 1118 Ponti
3461 1073 3737 1135 nuncupat
3758 1064 3891 1119 Bos-

2324 1171 2535 1228 porum.
2605 1151 2767 1208 Unde
2804 1163 2980 1207 nutem
3022 1163 3237 1207 vocetur
3260 1153 3555 1223 Bosporus,
3590 1148 3689 1204 etsi
3720 1149 3891 1204 omni-

2327 1243 2425 1297 bus
2462 1243 2659 1298 clarum
2698 1260 2729 1296 a
2766 1242 2917 1296 bovis
2954 1251 3131 1296 meatu
3162 1256 3176 1294 :
3206 1250 3381 1294 tamen
3420 1237 3649 1293 dubium
3686 1247 3895 1293 contro-

2328 1347 2640 1402 versumque
2666 1329 2804 1382 inter
2828 1328 3201 1382 vetustissimos
3220 1327 3500 1399 scriptores
3520 1334 3627 1388 est,
3652 1341 3893 1396 quanam

2328 1417 2425 1470 bos
2454 1416 2537 1470 illa
2564 1416 2721 1470 suerit
2738 1457 2757 1486 ,
2785 1425 2838 1469 et
2862 1431 2965 1486 qua
2991 1414 3252 1470 transierit
3267 1432 3283 1478 3
3312 1410 3459 1485 quod
3486 1429 3595 1466 non
3624 1421 3895 1484 tantopere

2322 1500 2663 1574 quaerendum
2689 1513 2957 1574 putarem,
2988 1501 3085 1554 nisi
3120 1497 3221 1553 hoc
3260 1517 3367 1552 non
3408 1499 3687 1571 perspicuo
3723 1495 3892 1563 sacto,

2321 1589 2475 1662 plane
2499 1589 2783 1660 intelligere
2810 1605 2918 1642 non
2948 1604 3252 1660 possemus,
3288 1585 3381 1640 ubi
3424 1586 3571 1640 locus
3608 1585 3897 1658 appellatus

2316 1677 2539 1730 Bossive
2557 1674 2785 1730 Damalis
2800 1715 2817 1741 ,
2836 1673 2925 1728 nbi
2943 1672 3296 1746 Chrysopolis.
3316 1673 3490 1726 Poetae
3504 1684 3526 1724 7
3549 1670 3765 1726 tradunt
3780 1673 3897 1725 Ina·

2330 1908 2387 1963 p.
2418 1890 2553 1957 2533
2583 1889 2865 1962 Αἰσχρίωνα
2884 1889 2961 1943 Μ.
2990 1885 3233 1944 Schmidt
3260 1885 3456 1942 Philol.
3486 1896 3528 1941 t.
3559 1903 3608 1954 1,
3634 1904 3689 1960 p.
3732 1889 3893 1956 640),

2329 1971 2395 2033 ὡς
2423 1971 2516 2042 άρα
2542 1970 2734 2042 Φρύγες
2758 1968 3045 2025 διαπλεῦσαι
3072 1968 3365 2042 βουλόμενοι
3392 1966 3479 2022 τὸν
3507 1967 3729 2040 πορθμὸν
3754 1987 3896 2022 κατε-

2332 2047 2567 2101 σκεύασαν
2584 2052 2700 2102 ναῦν
2730 2047 2941 2120 ἔχουσαν
2966 2045 3399 2120 ἐγκεχαραγμένην
3419 2043 3674 2118 προτομὴν
3698 2045 3893 2118 ταύρου·

2334 2128 2729 2182 διαπλευσάντων
2762 2127 2816 2182 δὲ
2840 2127 2999 2182 αὐτῶν
3028 2125 3125 2181 άπὸ
3149 2129 3239 2180 τοῦ
3262 2123 3420 2188 εἴδους
3444 2128 3533 2179 τοῦ
3556 2125 3668 2196 περὶ
3698 2123 3755 2178 τὺ
3776 2125 3893 2178 σκά-

2332 2227 2419 2280 φος
2456 2211 2905 2281 προσαγορευθῆναι
2936 2207 2995 2262 τὺ
3034 2205 3247 2278 πόλαγος
3284 2205 3555 2278 Βόσπορον.
3604 2204 3817 2277 Ἔφορός
3844 2205 3899 2260 δέ

2334 2309 2478 2362 φησιν
2508 2287 2751 2362 ἡρπάσθαι
2768 2287 2857 2356 τὴν
2891 2287 2977 2344 Ἰὼ
3006 2287 3101 2343 lovel:
3132 2287 3381 2342 Φοινίκων
3406 2287 3490 2340 καὶ
3514 2287 3893 2364 διακομισθῆναι

2339 2367 2403 2432 εἰς
2419 2366 2695 2440 Αἴγυπτον,
2730 2367 2837 2423 ἄνθ’
2856 2362 2915 2436 ἧς
2934 2368 3019 2422 τὺν
3048 2367 3249 2440 βασιλέα
3280 2371 3378 2420 τῶν
3414 2364 3692 2439 Αἰγυπτίων
3720 2364 3900 2438 πέμψαι

2346 2446 2527 2522 Ἰνάχῳ
2560 2451 2759 2518 ταῦρον·
2793 2447 3193 2515 τετελευτηκότος
3220 2445 3274 2500 δὲ
3314 2445 3500 2500 ἐκείνου
3530 2443 3762 2516 περιιέναι
3810 2442 3897 2497 αὖ·

2338 2529 2451 2593 τοὺς
2486 2528 2917 2600 παραδεικνύντας,
2957 2527 3079 2582 καθδ
3118 2528 3352 2599 πρότερον
3397 2525 3487 2580 οὔκ
3528 2523 3795 2598 ἰγίνωσκον
3838 2524 3899 2580 τὺ

2340 2611 2485 2673 ζῶον·
2508 2608 2595 2664 τὺν
2622 2609 2677 2666 δὶ
2700 2610 2853 2665 τόπον
2872 2608 3289 2682 προσηγορεῦσθαι
3303 2645 3323 2674 ,
3351 2606 3415 2659 δι’
3442 2599 3503 2660 οὗ
3532 2606 3581 2659 ol
3607 2605 3695 2660 τὺν
3722 2609 3904 2677 ταῦρον

2343 2689 2542 2762 ἔχοντες
2582 2689 2849 2755 ἔπλευσαν,
2883 2689 3155 2760 Βόσπορον·
3198 2685 3245 2740 οἱ
3285 2685 3367 2752 δὲ,
3404 2685 3528 2740 καθὺ
3558 2683 3587 2738 ό
3614 2683 3791 2756 Φρίξος
3824 2683 3904 2739 ἐπὶ

2342 2769 2641 2840 κριοπρώρου
2682 2769 2887 2839 σκάφους
2913 2765 3164 2822 ἔπλευσεν.
3200 2767 3281 2819 De
3302 2767 3549 2836 -Bosporo
3576 2765 3804 2818 Thi-acio
3834 2762 3903 2817 ab

2340 2849 2401 2902 Io
2422 2865 2611 2903 nomen
2628 2859 2785 2902 nacto
2805 2846 2873 2903 cf.
2896 2845 3239 2901 Callimachus
3260 2845 3315 2898 in
3338 2844 3493 2898 Dian.
3517 2842 3618 2907 254
3639 2863 3655 2909 ς
3678 2843 3897 2914 Dionys.

2341 2929 2462 2982 Per.
2497 2931 2615 2992 140,
2640 2926 2819 2998 ibique
2844 2923 3459 2990 Eustathius311imerius
3485 2939 3569 2976 or.
3598 2939 3629 2992 7
3653 2925 3733 2992 §6
3760 2939 3775 2976 ε
3812 2921 3907 2985 Σὺς

2343 3004 2395 3058 δὲ
2414 3005 2498 3059 καὶ
2513 3005 2692 3077 γείτων
2713 3004 2742 3058 ὁ
2777 3005 2926 3076 μέγας
2944 3003 3189 3073 Βόσπορος
3201 3043 3218 3069 ,
3243 3000 3461 3073 πορθμὸς
3479 3002 3635 3068 πάσης
3654 2999 3741 3072 μὲν
3760 3001 3905 3068 ποιή-

2346 3103 2467 3147 σεως
2482 3125 2498 3150 ,
2528 3085 2727 3138 πάντων
2765 3083 2819 3138 δὲ
2854 3083 3023 3154 λόγων
3069 3080 3327 3152 ἀγώνισμα
3344 3119 3361 3144 ,
3407 3077 3625 3152 πορθμὸς
3658 3081 3763 3143 τοῖς
3796 3079 3907 3144 Διὸς

2342 3161 2517 3232 ἔρωσιν
2538 3161 2860 3233 ύποστορίσας
2884 3159 2973 3226 τὴν
3006 3160 3254 3214 θάλασσαν
3269 3199 3285 3222 ,
3306 3160 3471 3226 ὥσπερ
3507 3153 3655 3226 οἶμαι
3680 3156 3763 3209 καὶ
3785 3177 3907 3228 προ·

2346 3239 2725 3310 μαντευόμενος,
2745 3240 2821 3292 ὅτι
2840 3238 2924 3290 καὶ
2938 3237 3137 3317 διογενῆ
3160 3235 3395 3306 βασιλέως
3416 3233 3557 3304 φύσιν
3576 3233 3779 3296 κόλποις
3801 3235 3909 3296 τοῖς

2344 3316 2515 3370 ἑαυτοῦ
2549 3315 2883 3383 τιθηνήσαιτο.
2916 3315 3121 3385 Δίγεται
3151 3311 3247 3382 γὰρ
3282 3309 3365 3363 Ἰὼ
3388 3307 3479 3376 τὴν
3518 3307 3719 3382 Ἰνάχου
3746 3310 3900 3382 κρίσει

2342 3395 2452 3458 Διὸς
2488 3393 2552 3458 εἰς
2586 3395 2703 3465 βοῦν
2738 3393 2792 3448 ἐκ
2823 3391 3060 3463 παρθένου
3096 3385 3184 3455 τὴν
3227 3386 3398 3455 ἑαυτῆς
3434 3385 3575 3458 φύσιν
3622 3385 3894 3460 άμείψασαν

2344 3473 2575 3540 νήξασθαί
2600 3492 2655 3527 τε
2688 3473 2867 3538 ταύτην
2894 3467 2983 3536 τὴν
3004 3464 3257 3522 θάλασσαν
3285 3467 3369 3521 καὶ
3401 3467 3571 3520 δοῦναι
3592 3473 3664 3540 τῷ
3693 3467 3905 3540 πορθμῷ

2344 3554 2517 3620 κλῆσιν
2535 3557 2622 3621 τῆς
2652 3553 2767 3606 τότε
2790 3551 2940 3622 τύχης
2966 3548 3023 3603 τὺ
3048 3546 3318 3620 σύμὸολον.
3350 3544 3660 3620 Apollodor.
3686 3562 3739 3612 2,
3772 3563 3820 3613 1,
3843 3547 3906 3613 33

2346 3633 2591 3704 Polybius
2610 3635 2663 3696 4,
2686 3632 2774 3696 43,
2812 3635 2873 3696 6;
2903 3627 3192 3700 Hesychius
3216 3625 3390 3679 Miles.
3413 3626 3471 3680 in
3504 3627 3596 3680 Fr.
3628 3626 3764 3679 Hist.
3783 3636 3825 3679 t.
3851 3629 3905 3690 4,

2347 3729 2403 3783 Ρ.
2442 3715 2571 3776 ι48;
2620 3709 2857 3764 Codinus
2894 3710 2973 3762 De
3013 3705 3148 3776 orig.
3194 3705 3376 3760 Const.
3420 3721 3477 3777 p.
3521 3706 3555 3768 4
3583 3703 3669 3758 ed.
3716 3704 3907 3772 Bonn.;

2347 3793 2521 3864 Etym.
2558 3793 2637 3845 M.
2666 3807 2717 3843 v.
2750 3788 3014 3859 Βόσπορος.
3050 3784 3147 3840 Alii
3165 3784 3301 3838 hanc
3330 3782 3557 3838 sabulum
3587 3781 3655 3837 ad
3678 3783 3911 3838 Cimme-

2350 3871 2487 3924 rium
2508 3871 2819 3940 ‚Bosporum
2861 3865 3125 3930 referunt,
3162 3875 3223 3918 ut
3256 3861 3528 3934 AEschylus
3550 3862 3607 3915 in
3638 3861 3906 3918 Prometh.

2353 3949 2454 4020 739
2473 3958 2525 4002 ct
2546 3948 2784 4021 Hyginus
2808 3945 2914 4000 fab.
2959 3945 3076 4008 145.
3104 3943 3209 3996 Alii
3232 3959 3331 4014 pro
3352 3941 3603 4012 Βόσπορος
3624 3941 3909 3997 scribentes

2354 4028 2594 4098 Βόσφορος
2615 4026 2701 4099 (v.
2724 4025 2903 4096 Steph.
2926 4023 3086 4077 Thes.
3108 4039 3152 4079 s.
3175 4024 3260 4091 v.)
3288 4019 3513 4075 fabulam
3542 4021 3909 4077 immutarunt.

2352 4107 2426 4163 V.
2446 4105 2619 4162 Schol.
2652 4105 2838 4158 Horat.
2863 4100 2967 4160 Od.
2996 4117 3051 4167 2,
3092 4101 3176 4167 13,
3206 4105 3238 4165 4
3266 4102 3502 4154 :Nomen
3519 4111 3692 4153 autem
3710 4098 3918 4155 dieitur

2353 4182 2609 4258 accepisse
2648 4181 2945 4256 (Bosporus
2967 4179 3101 4236 Thr.
3122 4181 3165 4249 ),
3195 4176 3337 4252 quod
3370 4175 3431 4230 id
3452 4195 3595 4232 mare
3618 4175 3832 4250 Jupiter
3856 4177 3912 4232 ἰπ

2358 4262 2527 4318 bovem
2576 4273 2812 4316 mutatus
2858 4257 3130 4315 transierit
3174 4257 3343 4324 ferens
3384 4260 3450 4312 Io
3464 4299 3481 4323 ,
3534 4275 3693 4332 quam
3729 4269 3915 4330 postea

2356 4343 2608 4397 vitiatam
2657 4337 3059 4411 transformavit
3120 4337 3175 4392 in
3218 4337 3491 4403 buculam,
3544 4337 3720 4392 volens
3760 4355 3915 4392 seeum

2323 4439 2329 4446 ·
2344 4421 2558 4492 furtum
2594 4421 2758 4475 celare
2798 4422 3047 4474 Iunonem
3064 4460 3081 4484 ,
3131 4415 3264 4471 unde
3302 4417 3547 4490 Βόσφορος
3587 4416 3785 4472 dictus.
3826 4416 3913 4472 Cf.

714 4495 952 4568 Εὗρώπην
982 4495 1324 4550 διαὸαίνουσαν
1363 4498 1385 4567 (
1408 4496 1491 4550 Cf.
1521 4494 1708 4550 Schol..
1743 4513 1764 4549 1
1782 4535 1798 4562 ,
1842 4497 1999 4572 144),
2033 4499 2066 4566 ἢ
2093 4499 2176 4552 διὰ
2213 4500 2270 4554 τὺ
2357 4501 2595 4556 Valerius
2618 4500 2829 4555 Flaccus
2853 4503 2907 4565 4,
2928 4499 3053 4565 344,
3085 4501 3217 4567 4193
3245 4497 3515 4551 VarroDe
3537 4514 3586 4549 r.
3612 4505 3749 4550 rust.
3778 4513 3834 4563 α,
3862 4513 3913 4564 1,

718 4577 900 4638 πάντας
922 4575 1035 4640 τοὺς
1055 4575 1249 4640 στενοὺς
1261 4576 1506 4649 πορθμοὺς
1523 4575 1790 4648 βοσπόρους
1809 4577 2086 4631 καλεῖσθαι.
2112 4579 2274 4634 Ἔνιοι

719 4653 774 4709 Bi
802 4655 913 4717 τοὺς
939 4653 1018 4709 ἐπὶ
1049 4658 1138 4708 τοῦ
1177 4655 1417 4728 στόματος
1452 4653 1703 4718 οἰκοῦντας
1741 4655 1798 4709 τὺ
1834 4655 2067 4725 παλαιὸν,
2111 4657 2274 4713 εἴποτε

721 4733 934 4790 imum
973 4733 1039 4798 εἰς
1069 4733 1129 4788 τὺ
1155 4735 1300 4807 πέραν
1335 4735 1627 4802 διαὸαίνειν,
1655 4735 1851 4807 σχεδίας
1885 4737 2164 4808 πηγνύντας
2191 4738 2274 4792 καὶ

724 4813 842 4888 βόας
887 4812 1216 4878 ἓπιζεύξαντας
1249 4815 1328 4870 ἐπὶ
1357 4814 1542 4870 τούτων
1577 4817 1970 4887 διαπεραιοῦσθαι
1985 4857 2001 4883 ,
2041 4817 2155 4870 ὅθεν
2191 4817 2275 4872 καὶ

718 4893 1010 4966 ὠνομάσθαι
1033 4890 1122 4961 τὴν
1151 4895 1416 4949 θάλασσαν.
1445 4893 1652 4958 Ἄλλως.
1685 4894 1805 4965 Περὶ
1842 4899 1928 4949 τοῦ
1965 4895 2216 4967 Βοσπόρου
2239 4895 2270 4964 ἡ

717 4971 914 5043 ἱστορία
946 4971 1078 5044 παρὰ
1097 4975 1204 5036 τοῖς
1218 4973 1446 5036 παλαιοῖς
1465 4973 1700 5046 διαφόρως
1723 4972 1938 5045 λέγεται.
1969 4973 2158 5048 Νύμφις
2185 4975 2272 5048 μὲν

716 5051 819 5123 γάρ
840 5069 988 5124 φησιν
1007 5051 1218 5124 ἱστορεῖν
1243 5051 1502 5124 Ἀκαρίωνα
1522 5053 1667 5123 (lege
1695 5053 1955 5125 Ἄνδρωνα.
1979 5055 2060 5109 Cf.
2084 5056 2173 5111 Fr.
2200 5056 2268 5108 H.

720 5141 763 5185 t.
805 5131 838 5184 3
857 5171 873 5196 ‚
918 5146 973 5202 p.
1011 5135 1108 5196 163
1156 5129 1438 5204 Εὖφορίωνα
1495 5130 1633 5204 conj.
1685 5133 1953 5187 Reinesius
1999 5135 2153 5206 epist.
2207 5133 2274 5188 ad

2360 4583 2413 4638 8.
2445 4578 2607 4651 Quod
2623 4577 2815 4634 deinde
2834 4596 2899 4633 ex
2921 4579 3145 4634 Arriano
3171 4574 3373 4648 Gyllius
3396 4574 3558 4629 tradit
3575 4615 3591 4641 ,
3611 4573 3801 4644 legitur
3818 4592 3905 4647 ap.

2360 4658 2598 4714 Eustath.
2648 4655 2717 4711 ad
2756 4657 2917 4711 Dion.
2972 4658 3090 4720 140.
3124 4652 3238 4724 (Cf.
3268 4653 3479 4708 Arriani
3511 4649 3581 4706 ir.
3628 4650 3695 4705 35
3732 4652 3791 4705 in
3823 4653 3915 4706 Fr.

2360 4737 2495 4791 Hist.
2522 4745 2565 4790 t.
2590 4737 2645 4802 3,
2662 4753 2717 4807 Ρ.
2750 4734 2906 4804 593).
2930 4733 3161 4788 Omnino
3182 4731 3311 4785 freta
3336 4729 3559 4803 Bospori
3600 4728 3817 4782 nomine
3842 4726 3916 4782 af·

2359 4817 2444 4872 fici
2470 4826 2651 4870 monet
2675 4816 2831 4870 etiam
2850 4823 3033 4868 auctor
3051 4813 3228 4884 Etym.
3254 4811 3331 4864 M.
3358 4829 3404 4864 s.
3432 4828 3483 4864 v.
3512 4808 3765 4879 Βόσπορος
3794 4822 3809 4860 :
3834 4805 3918 4859 Τι-

2360 4895 2435 4958 νὶς
2461 4893 2514 4948 δὶ
2542 4893 2725 4968 (φασὶ)
2746 4892 2857 4954 τοὺς
2880 4891 3075 4952 στενοὺς
3104 4889 3351 4960 πορθμοὺς
3368 4887 3642 4958 Βοσπόρους
3671 4883 3911 4956 εἰρῆσθαι·

2360 4973 2391 5040 ἢ
2416 4972 2573 5026 ὅτιτὸ
2610 4969 2849 5037 παλαιὸν,
2882 4967 2931 5023 εἴ
2966 4969 3083 5023 ποτέ
3106 4985 3231 5030 τινες
3263 4964 3442 5035 ἤθελον
3467 4963 3533 5027 είς
3562 4963 3621 5018 τὺ
3648 4963 3795 5035 πέραν
3818 4961 3921 5013 δια-

2362 5053 2507 5121 ὅῆναι
2522 5091 2536 5116 ,
2568 5051 2765 5122 σχεδίας
2784 5049 3050 5122 πηγνύντες
3076 5046 3160 5100 καὶ
3195 5048 3312 5120 βοῦς
3326 5045 3671 5110 ὺποζεύξαντες
3698 5042 3778 5096 ἰπὶ
3799 5039 3918 5094 τού·

2362 5153 2461 5188 των
2492 5133 2865 5202 διεπεραιοῦντο·
2906 5128 3017 5181 ὅθεν
3048 5126 3079 5194 ἡ
3119 5127 3393 5207 ἐπωνυμία.
3422 5126 3505 5182 Cf.
3541 5125 3740 5180 Plinius
3778 5126 3842 5186 6,
3868 5135 3918 5186 1,

720 5211 912 5265 Duum.
958 5227 1012 5282 p.
1055 5210 1186 5278 255;
1222 5210 1428 5283 Χάρωνα
1465 5209 1760 5267 Wcichert.
1802 5214 1910 5268 Vit.
1952 5212 2125 5285 Apoll.
2171 5213 2271 5269 nh.
2364 5219 2397 5269 6
2434 5211 2548 5267 :ad
2566 5217 2813 5284 Bosporos
2834 5207 2964 5264 duos
2986 5208 3065 5262 uel
3085 5209 3267 5275 bubus
3294 5210 3497 5275 meabili
3525 5207 3772 5267 transitu,
3796 5199 3923 5256 unde
