4584 6284
652 575 727 627 84
1878 558 2223 619 DloNst
2264 558 2625 619 m’zANTIt

646 696 890 752 Mocadie
924 696 1055 750 dicit
1080 696 1110 749 J
1114 694 1441 749 ustiuianum
1464 691 1719 765 templum
1746 690 2069 761 Archangelo
2094 690 2218 745 edi·

2379 694 2420 744 A
2452 690 2588 743 flexu
2616 690 2963 761 promontorii
2989 688 3330 761 Argyronici,
3361 706 3470 761 quo
3493 689 3702 763 primus
3737 692 3874 747 Asin

647 785 855 851 ficasse,
887 803 996 839 non
1032 781 1251 837 inferius
1280 781 1395 835 aliis
1432 780 1647 835 duobus
1688 778 1894 852 templis
1922 780 2079 832 sacris
2120 782 2220 834 Ar·
2309 774 2526 846 angulus
2548 774 2793 830 normalis
2814 775 3089 848 oppositus
3113 774 3306 845 angulo
3331 775 3593 849 Eumpaeo
3614 776 3874 848 appellato

648 871 931 945 changeio,
980 886 1214 943 quorum
1264 868 1490 923 alterum
1544 877 1665 921 ante
1706 864 1817 919 dixi
1868 866 2221 920 Justinianum

647 960 1001 1015 construxisse
1025 957 1180 1031 juxta
1207 956 1637 1030 promontorium
1657 954 1886 1020 Bestias,
1920 954 2139 1009 alterum
2166 956 2221 1009 in

647 1049 915 1104 contrario
942 1048 1119 1101 littore
1148 1061 1163 1099 z
1199 1062 1503 1118 quanquam
1530 1062 1597 1099 ex
1623 1040 1811 1098 ordine
1840 1042 2084 1115 Procopii
2104 1044 2221 1097 Mo—

646 1134 838 1190 cadion
857 1133 1017 1188 fuisse
1045 1130 1255 1186 videtur
1280 1132 1418 1186 inter
1440 1130 1793 1205 Argyronium
1814 1140 1867 1183 et
1888 1131 2112 1185 Fanum.
2151 1136 2222 1185 At

649 1241 718 1278 ex
757 1222 1001 1294 Dionysii
1032 1218 1203 1274 verbis
1248 1218 1587 1291 intelligimus
1631 1227 1751 1291 post
1791 1217 2145 1290 Argyronium
2170 1227 2222 1271 et

646 1307 847 1363 lectum
884 1304 1123 1361 Herculis
1154 1316 1207 1359 et
1234 1304 1587 1377 Nymphaeum
1621 1315 1674 1358 et
1712 1304 1948 1357 Laurum
1984 1303 2219 1358 insanam

650 1393 815 1449 fuisse
835 1394 1013 1449 sinum
1046 1390 1499 1465 Moucaporidem.
1574 1394 1827 1447 Praeterea
1858 1390 2120 1445 noscimus
2156 1409 2217 1445 ex

653 1478 933 1535 antedictis
955 1478 1227 1551 Dionysii,
1259 1478 1492 1531 Laurum
1524 1478 1761 1531 insanam
1786 1486 1839 1531 et
1861 1476 2035 1531 sinum
2057 1480 2221 1550 Amy·

654 1583 779 1621 cum
799 1564 911 1621 duo
930 1566 1047 1621 loca
1072 1582 1183 1619 esse
1205 1564 1345 1617 inter
1364 1582 1421 1619 se
1446 1574 1681 1636 separata
1691 1582 1707 1629 3
1737 1580 1925 1636 nempe
1952 1564 2087 1617 inter
2112 1564 2222 1635 ipsa

652 1651 988 1709 intercedunt
1010 1651 1343 1723 Moucaporis
1365 1649 1512 1704 sinus
1536 1660 1590 1705 et
1611 1650 2035 1722 promontorium
2060 1652 2221 1705 Aeto·

652 1739 926 1811 rynchon5
966 1738 1059 1793 ubi
1101 1754 1225 1791 vero
1272 1734 1499 1803 suerint,
1542 1754 1609 1790 ex
1644 1734 1943 1790 nominibus
1978 1734 2219 1790 locorum

652 1825 815 1899 hujus
840 1826 1005 1881 aetatis
1026 1824 1229 1896 assequi
1260 1840 1369 1877 non
1405 1824 1589 1895 potui,
1623 1820 2007 1895 quantumlibet
2030 1822 2219 1877 iterum

640 1924 713 1969 et
737 1913 925 1987 sepius
958 1912 1059 1966 hac
1088 1908 1155 1965 de
1198 1926 1356 1964 causa
1382 1908 1606 1964 obierim
1628 1918 1803 1963 totum
1825 1906 1973 1961 littus
1996 1908 2219 1981 Bospori

658 2000 949 2057 Asiaticum
966 2037 984 2066 ,
1014 2014 1188 2069 neque
1203 2015 1234 2050 a
1256 2012 1523 2069 quoquam
1548 2006 1671 2050 nato
1698 2012 1763 2049 ex
1798 1991 2055 2065 indigenis
2088 1996 2219 2050 anti-

658 2089 779 2163 quis
819 2088 1101 2160 quicquam
1128 2083 1415 2155 intelligere
1455 2084 1624 2157 potui.
1697 2083 1831 2137 Nam
1871 2099 2082 2152 omnes,
2128 2084 2217 2157 qui

649 2171 971 2248 jamdudum
991 2170 1234 2228 accolunt
1253 2172 1549 2243 Bosporum
1564 2209 1581 2234 ,
1612 2168 1875 2242 peregrini
1899 2180 2054 2237 sunt3
2078 2170 2217 2224 indi-

656 2279 803 2333 genae
831 2276 959 2315 vero
983 2268 1135 2332 capta
1171 2254 1623 2328 Constantinopoli
1650 2274 1716 2311 ex
1748 2258 1985 2329 Bosporo
2010 2254 2219 2328 aufuge-

654 2359 817 2417 runt,
847 2359 900 2404 et
922 2347 1025 2401 vici
1052 2355 1142 2400 aut
1167 2345 1333 2400 exusti
1360 2354 1451 2399 aut
1470 2343 1567 2399 diu
1600 2343 1791 2399 deserti
1814 2354 2148 2412 manserunt,
2166 2355 2219 2399 et

652 2436 854 2511 aliquot
892 2446 1013 2509 post
1050 2452 1215 2490 annos
1257 2451 1288 2488 a
1316 2431 1614 2506 longinquis
1652 2432 1955 2487 nationibus
1982 2432 2217 2487 barbaris

654 2523 795 2579 bello
821 2523 1048 2579 subactis
1066 2530 1289 2592 agrestes
1310 2518 1547 2592 agricolae
1562 2518 1917 2574 abducti’sunt
1938 2519 2007 2574 ad
2021 2522 2217 2593 Bospo-

654 2629 773 2666 rum
802 2608 1169 2675 aecolendum,
1198 2618 1260 2663 ut
1286 2626 1470 2663 omnes
1495 2606 1655 2681 hujus
1678 2607 1842 2663 oetatis
1866 2606 2055 2663 accolae
2087 2610 2213 2663 Bos·

653 2701 771 2776 pori
792 2700 897 2755 sint
920 2709 1010 2753 aut
1032 2696 1292 2771 peregrini
1310 2706 1401 2751 aut
1417 2697 1815 2769 peregrinorum
1836 2694 1949 2750 filii.
2023 2699 2216 2752 Praeter

652 2786 763 2841 baec
779 2780 1112 2840 incommoda
1132 2782 1239 2837 huc
1248 2780 1452 2837 accedit
1466 2780 1609 2836 aliud
1628 2779 2046 2847 incommodum,
2069 2781 2216 2855 quod

652 2872 873 2944 Bospori
910 2870 1055 2925 littus
1100 2868 1387 2924 Asiaticum
1428 2869 1583 2940 regiis
1630 2869 1805 2922 viretis
1852 2879 2024 2925 totum
2054 2868 2218 2924 ferme

651 2968 963 3031 occupatum
996 2966 1108 3022 ast,
1137 2956 1407 3009 exstinctis
1426 2965 1480 3009 et
1504 2952 1747 3009 funditus
1777 2953 1959 3009 deletis
1992 2955 2218 3029 antiquis

652 3045 811 3111 vicis,
868 3053 929 3097 ut
958 3060 1028 3098 ne
1061 3042 1303 3096 vicorum
1344 3038 1560 3112 quidem
1596 3041 1873 3113 quisquam
1899 3038 2013 3113 jam
2048 3051 2222 3097 teneat

650 3132 884 3186 nomina.
956 3132 1142 3201 Itaque
1168 3126 1237 3181 ad
1260 3125 1585 3198 conjecturas
1620 3136 1925 3182 convertere
1950 3146 2037 3181 me
2062 3146 2220 3201 opor-

652 3218 774 3272 tuit.
848 3216 1029 3271 Primo
1070 3212 1413 3285 conjiciebam
1441 3213 1677 3267 Laurum
1712 3214 1948 3268 insanam
1974 3212 2131 3269 fuisse
2164 3215 2219 3269 in

652 3302 889 3358 vallicula
928 3301 1063 3356 divae
1102 3300 1426 3366 Galathinae,
1468 3300 1631 3372 idque
1670 3301 1744 3355 ita
1790 3300 2121 3401 colligebam,
2162 3312 2223 3357 ut

657 3391 834 3442 sinum
853 3384 1289 3458 Moucaporidem
1322 3372 1775 3439 accommodarem
1797 3385 1939 3439 sinui
1957 3385 2071 3458 jam
2102 3397 2224 3443 ante

657 3476 932 3530 nominato
948 3472 1258 3539 Monoco103
1284 3489 1443 3543 quem
1464 3489 1588 3525 cum
1610 3472 1959 3543 perspicerem
1976 3490 2221 3544 magnum

660 3570 712 3615 et
738 3559 897 3631 longo
930 3557 1123 3612 littoris
1148 3556 1293 3610 flexu
1323 3556 1656 3610 incurvatum
1688 3558 1745 3611 in
1776 3555 2000 3613 sormam
2043 3558 2220 3626 falcis,

660 3646 1001 3719 legissemque
1022 3642 1161 3718 apud
1186 3644 1446 3698 incertum
1484 3642 1835 3718 scriptorem⁶
1860 3644 2036 3700 sinum
2076 3648 2226 3701 Mou-

662 3733 966 3808 caporidem
994 3742 1175 3809 postea
1209 3733 1517 3806 Drepanum
1550 3732 1867 3807 appellatum
1904 3732 2062 3789 fuisse
2077 3774 2094 3802 ,
2132 3734 2223 3790 de·

662 3820 974 3877 scendebam
997 3820 1054 3874 in
1081 3837 1194 3873 eant
1220 3819 1553 3892 opinionem,
1586 3830 1649 3873 ut
1679 3829 1920 3892 putarem
1950 3820 2096 3875 bunc
2115 3839 2225 3877 esse

660 3907 980 3965 Monocolon
996 3947 1014 3976 ,
1045 3916 1099 3961 et
1118 3908 1545 3981 promontorium
1570 3908 1965 3981 Aetorynehum
1987 3927 2097 3965 esse
2111 3907 2223 3983 jam

660 3996 817 4069 vulgo
862 4004 1225 4068 nuncupatum
1284 3996 1542 4050 Tus-cum.
1618 3993 1721 4050 Sed
1768 3996 2023 4051 Arrianus
2062 3998 2221 4067 (Per.

658 4088 814 4141 Pont.
847 4087 877 4154 S
905 4085 1012 4156 37)
1052 4100 1137 4137 me
1162 4084 1411 4152 retinuit,
1440 4082 1652 4138 tradens
1678 4082 1737 4136 in
1777 4099 1875 4137 suo
1899 4082 2103 4157 periplo
2134 4084 2221 4139 Bi·

659 4172 851 4246 thyniae
892 4191 927 4226 a
952 4174 1099 4229 Fano
1133 4172 1280 4225 Jovis
1303 4169 1372 4225 ad
1406 4181 1627 4244 portum
1651 4172 1854 4224 [aunis
1889 4170 2081 4226 insanae
2112 4189 2223 4227 esse

656 4258 1003 4332 quadraginta
1040 4254 1227 4321 stadia.
1304 4262 1375 4311 At
1413 4254 1551 4311 divae
1606 4254 1895 4311 Galathinae
1936 4256 2079 4311 vallis
2112 4276 2219 4313 non

659 4343 813 4399 distat
843 4363 876 4400 a
902 4346 1047 4398 Fano
1085 4342 1269 4413 viginti
1298 4340 1493 4410 stadia3
1514 4340 1857 4415 quamobrem
1898 4361 1965 4397 ex
1995 4344 2221 4399 Arriano

660 4433 895 4487 Laurum
915 4432 1149 4486 insanam
1172 4431 1419 4486 convenit
1434 4448 1547 4487 esse
1562 4431 1701 4486 ultra
1724 4430 2052 4487 Galathinam
2070 4431 2222 4504 longe

662 4517 883 4591 amplius
910 4518 1087 4589 viginti
1106 4516 1306 4572 stadiis.
1378 4518 1582 4573 Verum
1606 4528 1669 4573 ut
1698 4517 1827 4572 situs
1861 4517 2097 4573 locorum
2117 4519 2220 4575 cla·

663 4604 775 4658 rius
817 4602 907 4657 flat
930 4603 1231 4675 perspicuus
1245 4644 1261 4669 ,
1301 4602 1587 4675 designabo
1622 4604 1811 4659 littoris
1844 4604 1989 4659 sinus
2023 4615 2077 4660 et
2098 4624 2221 4678 pro-

664 4690 945 4744 montoria.

736 4884 791 4935 6.
821 4876 990 4951 Apud
1020 4876 1269 4932 incertum
1308 4876 1645 4950 ,κάμοι-ἐπι]
1676 4878 1906 4945 Quinam
1942 4878 2025 4933 ille
2066 4878 2224 4935 suerit

664 4960 841 5014 dicere
866 4974 977 5011 non
996 4954 1183 5011 habeo.

736 5058 792 5110 7.
818 5036 1123 5107 Ψυχόνουν]
1150 5054 1253 5089 vox
1277 5035 1399 5089 alibi
1418 5054 1525 5089 non
1546 5036 1698 5091 obvia
1716 5075 1732 5101 ‚
1758 5048 2013 5108 quantum
2039 5040 2217 5093 sciam.

736 5118 789 5171 8.
836 5114 1042 5186 Tur-co]
1076 5112 1203 5167 hod.
1245 5112 1385 5167 Selvi
1417 5118 1675 5169 Bouroun.
1712 5115 1735 5185 ΙΙ
1779 5144 1853 5155 --
1883 5132 1947 5171 ιο
1980 5116 2223 5188 perennis

660 5192 887 5268 fluvius]
932 5192 1176 5249 Kutchuk
1210 5192 1393 5248 det-esi.
1439 5194 1524 5249 Ab
1552 5193 1652 5248 hoc
1689 5211 1797 5248 non
1828 5194 1981 5265 longe
2025 5194 2223 5251 distans

660 5274 792 5331 alius
828 5273 1021 5328 fluvius
1062 5273 1117 5326 in
1156 5271 1385 5327 eundem
1422 5273 1598 5327 sinum
1639 5274 1761 5329 exit.
1796 5274 1818 5343 ΙΙ
1848 5304 1921 5315 -—
1962 5291 2027 5330 ιο
2066 5275 2223 5344 Regia

662 5354 827 5426 villa]
854 5352 1133 5407 Eiet-hane
1144 5351 1313 5406 kiosk.
1341 5354 1363 5423 ΙΙ
1382 5382 1453 5393 -
1470 5369 1553 5407 11.
1570 5352 1715 5406 scala
1736 5354 1874 5424 etc.]
1900 5351 2028 5407 bod.
2058 5355 2223 5409 Chun-

666 5433 764 5487 kar
795 5450 843 5487 s.
870 5430 1125 5503 Hemkjar
1146 5428 1395 5485 iskelessi.
1426 5431 1447 5501 ss
1472 5460 1545 5473 ·—
1574 5446 1657 5485 ια.
1678 5430 2062 5503 promontorio]
2085 5433 2221 5487 cuia

2306 860 2622 934 Bathyeolpo
2653 860 2940 935 quadratur
2971 870 3026 915 et
3065 860 3356 933 perficitur,
3381 872 3436 917 et
3473 879 3583 934 quo
3608 863 3876 935 Bosporus

2307 948 2525 1003 tendens
2549 948 2619 1004 ad
2639 966 2879 1004 occasum
2904 949 3132 1003 flectitur
3157 946 3227 1004 ad
3256 950 3545 1015 orientem,
3575 950 3723 1005 littus
3743 952 3873 1005 Bos·

2308 1036 2424 1110 pori
2445 1035 2730 1091 Asiaticum
2751 1045 2976 1107 quatuor
2991 1036 3137 1089 sinus
3157 1033 3408 1102 admittit,
3444 1046 3729 1108 antequam
3755 1054 3875 1092 rur-

2309 1140 2396 1177 sus
2439 1133 2770 1177 convertatur
2813 1120 2880 1176 ad
2923 1139 3168 1177 occasum
3207 1137 3222 1177 2
3271 1140 3502 1195 quorum
3550 1123 3754 1196 primus
3797 1134 3877 1179 est

2309 1211 2456 1284 Sycia
2472 1211 2580 1265 sive
2602 1209 2911 1265 Monocolus
2935 1209 3247 1283 appellatus,
3279 1208 3504 1284 amplus,
3533 1207 3747 1264 littoreo
3771 1210 3875 1267 cir-

2307 1298 2456 1353 cuitu
2485 1299 2707 1355 molliter
2731 1299 2866 1353 flexo
2901 1297 3018 1371 plus
3052 1296 3162 1353 duo
3189 1296 3427 1353 milliaria
3468 1296 3822 1369 complectens
3855 1314 3871 1354 z

2309 1383 2458 1459 cujus
2489 1404 2650 1460 supra
2674 1384 2908 1441 medium
2934 1384 3128 1441 flexum
3165 1397 3242 1441 est
3278 1385 3394 1441 sons
3429 1387 3678 1459 perennis
3719 1386 3871 1459 Sycia

2309 1474 2590 1548 appellatus
2611 1493 2644 1530 a
2667 1475 2907 1547 proxima
2931 1474 3055 1528 ficu.
3129 1476 3264 1530 Cum
3289 1475 3356 1529 ad
3382 1474 3528 1529 bunc
3555 1474 3758 1530 fontem
3785 1493 3875 1531 ac·

2308 1562 2634 1618 cessissemus
2654 1604 2670 1627 ,
2728 1572 2783 1617 et
2836 1563 3044 1618 laurum
3104 1562 3323 1618 vicinam
3390 1561 3830 1636 decerpsissemus
3847 1604 3866 1632 ,

2308 1667 2528 1722 eamque
2549 1650 2607 1704 in
2632 1649 2896 1722 navigium
2914 1649 3281 1716 attulissemus,
3306 1660 3386 1704 tot
3411 1650 3776 1705 contentiones
3795 1652 3874 1707 in-

2309 1746 2389 1791 ter
2412 1736 2633 1807 remiges
2663 1746 2716 1790 et
2745 1746 2974 1790 vectores
3005 1745 3200 1790 exortae
3239 1746 3360 1791 sunt
3375 1774 3389 1800 ,
3416 1746 3477 1789 ut
3511 1746 3753 1807 putarem
3777 1738 3875 1810 Sy·-

2307 1823 2443 1877 ciam
2463 1822 2590 1878 olim
2612 1822 2919 1896 appellatam
2949 1822 3107 1876 finisse
3141 1814 3395 1894 ψυχόνουν
3416 1813 3440 1849 '¹
3469 1819 3566 1890 (id
3591 1833 3700 1890 est,
3731 1825 3868 1877 Lau·

2307 1926 2429 1964 rum
2450 1908 2762 1982 insanam),
2787 1918 2847 1963 ut
2869 1907 3093 1981 appellat
3125 1908 3426 1980 Dionysius.
3485 1905 3587 1961 Sed
3616 1910 3872 1963 Arrianus

2307 1996 2499 2051 iterum
2527 2014 2611 2051 me
2630 1996 2872 2060 retinuit,
2905 2013 3028 2050 cum
3051 1996 3126 2050 ait
3149 1998 3383 2050 Inurum
3411 1997 3646 2050 insanam
3674 1993 3869 2051 distare

2305 2099 2338 2137 a
2361 2084 2504 2137 Fano
2545 2081 2888 2156 quadraginta
2924 2081 3117 2149 stadia3
3159 2100 3282 2136 nam
3317 2082 3467 2155 Sycia
3499 2081 3656 2153 longe
3698 2082 3874 2137 minus

2305 2169 2482 2225 distat.
2555 2170 2696 2227 Alter
2719 2170 2864 2226 sinus
2888 2187 2919 2224 a
2947 2171 3068 2225 sinu
3095 2171 3245 2243 Sycia
3282 2168 3538 2226 dividitur
3562 2180 3874 2244 promonto-

2304 2261 2386 2315 rio
2423 2260 2693 2315 nominato
2711 2260 2909 2313 'Turco
2927 2257 2972 2326 ⁸,
3007 2260 3060 2312 in
3105 2277 3262 2332 quem
3303 2257 3518 2332 quidem
3549 2258 3726 2313 sinum
3765 2277 3876 2314 me·

2304 2346 2454 2403 dium
2499 2344 2794 2419 ingreditur
2827 2347 3072 2422 perennis
3115 2347 3308 2402 fluvius
3323 2359 3369 2414 s,
3421 2364 3630 2404 versans
3669 2348 3870 2416 molas,

2303 2435 2548 2511 paludem
2601 2435 2830 2491 efficiens
2875 2455 3165 2493 cannarum
3219 2436 3346 2491 silva
3394 2446 3615 2502 tectam,
3668 2435 3870 2492 habens

2303 2525 2518 2593 ostium,
2539 2524 2686 2597 quod
2709 2525 2990 2599 ponticulis
3012 2524 3286 2597 trajicitur,
3307 2523 3548 2598 delapsus
3567 2541 3666 2597 per
3688 2523 3874 2581 vallem

2304 2630 2584 2680 amtenam,
2611 2612 2839 2686 planam,
2863 2613 2919 2667 in
2937 2630 3042 2685 qua
3067 2612 3196 2684 regii
3219 2611 3361 2667 horti
3384 2629 3509 2667 cum
3527 2612 3672 2683 regia
3693 2610 3813 2667 villa
3825 2616 3874 2650 ¹⁰

2304 2698 2614 2755 adumbrata
2648 2699 2790 2755 sllvis
2828 2716 2950 2755 cum
2979 2698 3197 2754 aliarum
3236 2699 3486 2753 arborum
3503 2738 3520 2765 ,
3563 2709 3680 2752 tum
3708 2698 3873 2753 maxi·

2305 2806 2512 2843 marum
2551 2788 2900 2863 platanorum.
2975 2790 3040 2841 Iu
3068 2786 3172 2841 boe
3195 2789 3343 2854 sinu,
3370 2804 3528 2860 quem
3549 2785 3664 2859 jam
3702 2787 3874 2843 Graeci

2305 2874 2564 2948 appellant
2581 2874 2796 2929 Turcon
2809 2914 2824 2941 ,
2854 2874 3026 2928 existit
3051 2872 3186 2927 scala
3207 2872 3375 2944 lignea
3395 2886 3461 2941 ¹¹,
3483 2891 3590 2945 qua
3605 2891 3700 2928 rex
3725 2890 3872 2931 oram

2306 2963 2464 3015 maris
2489 2960 2730 3015 vadosum
2752 2958 3012 3033 trajiciens
3037 2958 3306 3014 descendit
3330 2961 3385 3013 in
3415 2960 3616 3015 hortos.
3663 2960 3874 3015 Tertius

2307 3050 2451 3103 sinus
2466 3047 2713 3122 deinceps
2727 3049 2920 3113 statim,
2937 3047 3246 3119 interposito
3260 3057 3431 3101 tamen
3445 3047 3811 3122 promontorio
3825 3059 3842 3086 ¹
3851 3058 3874 3086 ²

2311 3137 2474 3191 vineis
2489 3136 2666 3209 pleno,
2687 3136 2754 3191 ab
2773 3137 2878 3191 ima
2898 3146 3046 3208 parte
3061 3145 3273 3208 petroso
3289 3134 3628 3207 subsequitur
3649 3135 3874 3209 appella-

2309 3231 2394 3276 tus
2413 3240 2444 3277 a
2467 3223 2656 3277 Turcis
2681 3220 2922 3277 Beeoussi
2943 3220 3012 3287 ¹³,
3039 3219 3097 3275 id
3119 3231 3216 3289 est,
3241 3238 3350 3275 nux
3365 3219 3593 3293 juglans,
3622 3239 3655 3276 a
3673 3222 3871 3276 Groecis

2311 3312 2488 3363 Amaea
2505 3310 2550 3353 ¹⁴
2573 3309 2682 3362 sive
2713 3310 3008 3362 Marmorea
3025 3306 3189 3361 Scala.
3226 3310 3458 3377 Quartus
3491 3309 3693 3379 positus
3711 3318 3789 3361 est
3816 3309 3874 3362 in

2310 3393 2502 3465 angulo
2529 3393 2768 3448 Soltaniae
2782 3432 2798 3461 ,
2820 3409 2929 3466 quo
2954 3394 3222 3465 Bosporus
3251 3393 3469 3447 tendens
3499 3392 3565 3448 ad
3585 3394 3870 3460 orientem,

2311 3480 2632 3533 convertitur
2651 3476 2718 3533 ad
2737 3495 2998 3546 oceasum,
3015 3494 3227 3549 quoque
3242 3478 3460 3549 angulus
3473 3479 3608 3533 Asiae
3624 3478 3874 3533 normalis

2310 3564 2533 3619 efficitur
2572 3564 2840 3637 oppositus
2878 3562 3070 3635 angulo
3117 3564 3373 3635 Europa-o
3419 3574 3725 3636 nuncupato
3767 3564 3872 3619 Co·

2313 3650 2534 3708 marodi.
2609 3651 2766 3706 Hunc
2796 3658 3044 3724 quartum
3081 3649 3256 3705 sinum
3289 3667 3400 3703 esse
3423 3648 3644 3705 Paludes
3679 3650 3873 3707 similes

2311 3738 2606 3811 Byzantinis
2621 3777 2638 3805 ,
2677 3755 2805 3810 quas
2831 3736 3115 3809 Dionysius
3157 3737 3307 3810 ponit
3333 3747 3451 3809 post
3488 3737 3667 3791 sinum
3711 3740 3874 3811 Amy·

2311 3844 2432 3881 cum
2449 3866 2464 3891 ,
2515 3824 2674 3899 paulo
2713 3822 3170 3910 infra-ostendam
3204 3842 3219 3878 :
3269 3842 3375 3897 quo
3418 3825 3632 3896 cognito
3675 3823 3875 3880 fiscilius

2310 3929 2646 3985 assequemur
2686 3930 2851 3967 unum
2903 3928 3014 3967 esse
3046 3914 3304 3984 Amycum
3345 3930 3410 3967 ex
3451 3910 3622 3967 tribus
3659 3912 3876 3987 reliquis

2310 3999 2530 4057 sinibus.
2577 4002 2808 4071 Amycus
2831 4000 2979 4054 sinus
3004 4016 3115 4053 esse
3135 4017 3244 4054 non
3268 4010 3438 4073 potest
3463 3999 3550 4056 ille
3574 4002 3687 4073 ipse
3712 4019 3872 4074 quem

2309 4084 2419 4140 dixi
2438 4087 2666 4159 primum
2693 4088 3022 4143 nominatum
3037 4086 3374 4142 Monocolon.
3447 4088 3584 4143 Nam
3609 4088 3748 4145 inter
3768 4093 3870 4145 Ar-

2310 4172 2587 4245 gyronium
2609 4182 2816 4245 oportet
2840 4188 2953 4227 esse
2983 4172 3414 4246 Moucaporidem
3447 4174 3622 4227 sinum
3650 4174 3871 4247 profun-

2307 4258 2458 4327 dum,
2487 4272 2796 4333 portuosum
2821 4278 2836 4315 ε
2865 4270 2920 4315 at
2945 4262 3082 4315 inter
3098 4260 3418 4315 Monocolon
3441 4271 3494 4315 et
3523 4260 3870 4335 Argyronium

2313 4347 2484 4402 nullus
2529 4346 2645 4401 talis
2689 4347 2879 4402 existit.
2955 4346 3310 4419 Relinquitur,
3357 4358 3417 4401 ut
3451 4347 3598 4401 sinus
3641 4349 3874 4421 Amycus

2309 4434 2375 4488 sit
2408 4443 2500 4488 aut
2527 4434 2674 4489 sinus
2704 4430 2967 4488 secundus
2983 4473 2999 4500 ,
3028 4433 3085 4487 in
3108 4450 3266 4505 quem
3287 4432 3474 4487 defluit
3493 4434 3638 4487 rivus
3664 4452 3874 4491 versans

2311 4519 2584 4575 moletrina
2597 4560 2614 4585 ‚
2639 4529 2728 4574 aut
2749 4521 2951 4587 tertius,
2976 4536 3135 4592 quem
3157 4519 3328 4575 Graeci
3348 4518 3608 4594 appellant
3630 4524 3866 4577 Amaeam

2309 4624 2340 4660 a
2375 4615 2520 4679 petra
2539 4618 2552 4645 ¹
2565 4606 2588 4645 ⁵
2614 4615 2760 4661 extra
2787 4624 2976 4679 aquam
3014 4607 3293 4672 eminenti,
3337 4606 3538 4678 gerenti
3578 4606 3876 4662 similitudi·

2311 4711 2432 4747 nem
2459 4693 2710 4761 mulieris,
2734 4690 2828 4759 τῆς
2856 4686 3014 4765 μαίας
3041 4706 3056 4744 t
3089 4694 3183 4749 sed
3202 4696 3386 4763 altius,
3421 4706 3483 4750 ut
3507 4697 3718 4771 opinor,
3741 4696 3880 4752 desi-

2315 4882 2534 4938 meridie
2558 4881 2791 4953 subjacet
2828 4882 3098 4937 Jalik-koi.
3127 4885 3149 4955 ΙΙ
3181 4914 3254 4927 --
3292 4886 3376 4941 13.
3418 4887 3697 4960 Becaussi]
3741 4885 3870 4941 hod.

2315 4963 2432 5018 baie
2461 4962 2525 5018 de
2550 4963 2747 5018 Beicos.

2390 5047 2468 5108 κά.
2513 5044 2731 5115 Amoea]
2755 5040 2898 5097 Infra
2917 5040 3105 5112 legitur
3131 5042 3296 5096 Antia
3322 5043 3437 5097 sive
3459 5045 3667 5099 Lamia.

2389 5120 2472 5175 15.
2510 5124 2563 5176 A
2587 5123 2770 5195 petra]
2794 5121 2944 5176 Hanc
2962 5120 3018 5174 in
3034 5119 3222 5175 tabulis
3243 5140 3350 5176 non
3375 5124 3609 5182 inveni0.
3635 5126 3874 5181 Fortasse

2313 5217 2455 5254 nunc
2478 5202 2762 5254 continenti
2783 5198 2996 5271 junctus
3029 5210 3107 5254 est
3140 5200 3194 5254 in
3222 5201 3338 5256 loco
3369 5202 3462 5256 ubi
3493 5202 3746 5257 Moltkius
3781 5222 3872 5259 no-

2311 5288 2384 5331 tat
2408 5277 2462 5331 in
2487 5295 2628 5331 mare
2653 5288 3046 5348 procurrentem
3064 5280 3504 5349 contignationem
3531 5280 3763 5353 piscibus
3783 5301 3866 5338 ca-

2311 5356 2514 5429 piendis
2537 5367 2738 5429 aptam,
2767 5356 2937 5411 taliata
2963 5356 3268 5415 Kaik-keme.
