4584 6284
720 608 769 665 A

719 2426 768 2489 B

798 498 914 555 su

798 622 1035 695 scripsit3
1064 619 1207 674 unde
1230 630 1284 674 et
1309 620 1499 675 fluvius
1527 620 1787 675 maximus
1803 620 1945 675 exire
1962 618 2155 674 dicitur
2185 630 2237 675 et
2256 620 2338 674 di-

798 707 907 762 vidi
932 709 989 762 in
1017 716 1265 779 quattuor
1286 708 1523 771 flumina,
1555 724 1781 778 quorum
1809 707 2020 761 nomina
2046 717 2168 761 sunt
2187 706 2298 761 haec
2324 726 2337 763 :

796 792 971 860 Geon,
996 793 1211 857 Phison,
1232 794 1404 863 Tigris
1419 792 1791 865 etEuphrates.
1806 794 1900 847 Isti
1921 802 2092 846 autem
2106 792 2341 847 homines

798 880 891 951 qui
916 878 1221 951 praedictam
1260 888 1457 932 terram
1489 877 1812 943 inhabitant,
1849 888 1973 932 sunt
1997 876 2143 931 valde
2170 878 2245 951 pii
2288 889 2342 933 et

798 963 947 1031 boni,
960 963 1097 1037 apud
1120 981 1253 1035 quos
1273 963 1415 1017 nulla
1429 962 1623 1018 malitia
1637 964 1902 1017 invenitur
1922 981 2091 1035 neque
2104 966 2341 1036 eorporis

797 1068 971 1123 neque
980 1050 1162 1105 animi.
1179 1050 1231 1103 Si
1246 1059 1422 1103 autem
1434 1047 1633 1120 aliquid
1648 1050 1724 1103 vis
1733 1050 1921 1103 certius
1931 1048 2148 1115 discere,
2159 1048 2344 1104 dicunt

799 1156 889 1192 eos
901 1128 1045 1211 quod
1070 1154 1243 1209 neque
1256 1154 1390 1209 pane
1414 1136 1519 1190 hoc
1538 1147 1715 1191 nostro
1728 1137 1990 1191 communi
2004 1146 2230 1203 utantur,
2250 1156 2342 1192 ne·

799 1242 903 1296 que
923 1224 1099 1296 aliquo
1122 1223 1277 1277 simili
1305 1221 1426 1275 cibo
1452 1240 1620 1294 neque
1638 1224 1754 1294 igne
1773 1240 1880 1295 quo
1899 1242 1994 1277 nos
2008 1224 2222 1288 utimur,
2249 1224 2342 1279 sed

798 1330 991 1384 panem
1012 1309 1229 1384 quidem
1262 1312 1342 1364 eis
1368 1310 1483 1384 plui
1508 1328 1605 1384 per
1626 1311 1853 1383 singulos
1872 1310 1981 1365 dies
2002 1321 2234 1367 asserunt
2248 1352 2263 1376 ,
2289 1322 2344 1367 et

801 1400 979 1454 bibere
1004 1399 1073 1454 de
1096 1400 1287 1470 agresti
1314 1398 1465 1453 melle
1492 1410 1546 1453 et
1567 1400 1742 1472 pipere
1762 1420 1778 1466 3
1808 1401 1939 1470 ignis
1964 1410 2135 1455 autem
2158 1418 2340 1454 eorum

800 1486 923 1539 solis
962 1503 1073 1539 esse
1114 1485 1421 1558 perhibetur
1468 1486 1691 1557 [tantae]
1730 1486 2005 1557 flagrantiae
2046 1496 2132 1552 ut,
2167 1489 2340 1540 statim

802 1588 967 1641 quum
990 1588 1020 1624 e
1045 1570 1173 1625 melo
1206 1571 1259 1625 in
1283 1581 1475 1626 'terram
1500 1570 1829 1639 diffunditur,
1854 1573 2141 1645 potuissent
2159 1591 2342 1628 omnes

802 1658 983 1720 exuri,
1031 1657 1129 1709 nisi
1162 1674 1217 1709 se
1238 1658 1344 1710 cito
1367 1658 1425 1710 in
1454 1658 1670 1712 fluvium
1706 1659 1999 1725 mitterent,
2018 1660 2075 1712 in
2102 1676 2207 1731 quo
2234 1670 2340 1714 tam
2380 1712 2390 1742 ι

2122 487 2400 550 'tonus
2436 486 2661 549 ORBlS

2430 621 2576 692 quod
2601 630 2681 674 est
2707 622 2928 675 noxium
2969 621 3160 676 habere
3187 634 3424 695 possunt.
3455 626 3776 684 Vestimenta
3795 648 3975 685 eorum

2381 742 2392 767 2
2429 706 2701 762 sordidare
2743 711 3016 777 nesciunt3
3055 709 3199 781 quod
3249 712 3293 763 si
3329 713 3630 783 eontigerit,
3673 734 3768 788 per
3805 719 3976 789 ignem

2431 794 2550 848 solis
2571 794 2800 849 loturam
2825 807 3125 868 exspectant
3140 836 3156 862 ,
3187 796 3376 851 ardens
3394 801 3536 854 enim
3559 803 3742 857 melior
3757 804 3834 861 fit.

2500 887 2552 936 6.
2574 884 2710 936 Sunt
2728 893 2900 937 autem
2915 883 3053 955 apud
3073 902 3162 937 eos
3181 883 3375 956 lapides
3394 888 3605 956 pretiosi
3627 900 3680 943 et
3707 892 3853 956 varii,
3877 892 3978 949 boc

2430 978 2506 1021 est
2531 969 2820 1040 smaragdi,
2861 972 3148 1041 margaritae
3164 1011 3180 1035 ,
3208 972 3509 1043 hyacinthi,
3549 976 3891 1033 carbunculus
3926 992 3980 1035 et

2430 1053 2706 1125 sapphirus
2725 1055 2779 1107 in
2807 1054 3096 1119 montibus,
3115 1055 3308 1126 quibus
3330 1074 3512 1111 omnes
3531 1058 3818 1115 secundum
3835 1062 3978 1118 hunc

2431 1137 2651 1193 modum
2685 1138 2974 1193 abundant.
2999 1141 3293 1194 Decurrens
3316 1143 3459 1196 enim
3485 1143 3676 1199 fluvius
3709 1145 3896 1201 diebus
3921 1168 3981 1204 ac

2430 1224 2674 1278 noctibus
2706 1236 2939 1279 montem
2963 1225 3223 1282 abscindit
3251 1238 3306 1281 et
3340 1226 3478 1281 illius
3515 1240 3690 1285 crusta
3727 1250 3979 1303 aquarum

2430 1310 2632 1383 impetu
2648 1310 2825 1367 trahit.
2853 1313 3060 1366 Astutia
3083 1330 3208 1366 vero
3225 1314 3394 1383 gentis
3409 1314 3550 1368 hanc
3574 1315 3776 1371 invenit
3794 1330 3978 1386 artem,

2431 1412 2527 1469 per
2552 1413 2711 1468 quam
2732 1414 2850 1468 quae
2879 1396 3004 1452 inde
3029 1406 3226 1454 exeunt
3254 1397 3447 1453 habere
3471 1402 3706 1471 possint3
3738 1402 3981 1459 facientes

2430 1482 2558 1535 retia
2601 1492 2655 1535 et
2695 1483 2749 1535 in
2778 1492 2996 1553 angusta
3023 1483 3168 1536 fluvii
3213 1483 3336 1537 loca·
3351 1496 3641 1557 ponentes,
3685 1506 3748 1542 ea
3773 1506 3890 1561 quae
3915 1488 3982 1544 de

2429 1570 2700 1641 superiore
2739 1581 2890 1643 parte
2938 1569 3263 1625 descendunt
3276 1612 3293 1640 ,
3355 1574 3466 1626 sine
3528 1574 3630 1628 ulla
3679 1574 3981 1633 difficultate

2429 1656 2740 1726 suscipiunt.

802 1740 899 1795 diu
925 1740 1204 1795 volvuntur
1222 1742 1391 1797 donec
1416 1742 1554 1798 idem
1578 1744 1711 1815 ignis
1728 1743 1972 1799 inlocum
1989 1762 2141 1799 suum
2164 1743 2340 1800 denuo
2380 1747 2389 1791 Ι
2502 1760 2554 1810 7.
2583 1744 2646 1795 In
2685 1752 2828 1797 tanta
2863 1761 2986 1814 ergo
3023 1744 3266 1798 felicitate
3296 1745 3526 1799 viventes
3553 1748 3795 1802 nesciunt
3836 1749 3980 1805 labo·

801 1838 1110 1883 revertatur.

877 1912 928 1967 5.
960 1914 1094 1967 Sunt
1120 1925 1293 1969 autem
1314 1924 1369 1969 et
1387 1916 1499 1969 sine
1532 1916 1778 1988 imperio,
1804 1926 1965 1971 semet
1986 1917 2124 1989 ipsos
2147 1934 2330 1987 regen-

804 2010 901 2059 tes.
924 2001 989 2054 In
1014 1999 1206 2071 quibus
1229 2002 1363 2063 sicut
1380 2000 1519 2055 nulla
1544 2001 1831 2073 malignitas
1848 2003 2130 2068 invenitur,
2153 2004 2223 2057 ita
2247 2022 2336 2057 ne-

803 2104 908 2158 que
930 2086 1122 2159 pulices
1140 2106 1309 2159 neque
1338 2086 1604 2161 pediculos
1622 2106 1789 2161 neque
1808 2090 2013 2143 cimices
2034 2098 2123 2143 aut
2140 2088 2334 2161 aliquid

847 2295 1221 2351 EXPOSITIO
1262 2296 1516 2351 TOTIUS
1552 2298 1786 2353 MUNDI
1820 2298 1912 2351 ΕΤ
1950 2296 2287 2353 GENTIUM.

871 2434 925 2489 ⁵.
962 2436 1037 2464 *¹¹*
1062 2436 1197 2489 Sunt
1236 2447 1408 2490 autem
1447 2446 1501 2491 et
1535 2438 1647 2491 sine
1690 2438 1933 2510 imperio,
1972 2456 2029 2493 se
2074 2452 2330 2511 regentes.

794 2514 977 2577 E'scam
1019 2540 1144 2577 vero
1168 2541 1277 2577 non
1315 2534 1535 2578 utuntur
1554 2523 1797 2579 omnibus
1837 2543 2185 2585 communem.
2221 2532 2333 2584 Sci·

793 2610 915 2664 lieet
953 2610 1095 2681 quod
1141 2628 1311 2683 neque
1352 2611 1602 2666 malitiam
1642 2614 1876 2683 corporis
1910 2616 2073 2669 nostri
2108 2616 2330 2683 habeon

790 2712 963 2767 neque
1005 2696 1146 2749 enim
1187 2695 1346 2768 pulex
1386 2714 1557 2768 neque
1592 2696 1861 2769 pediculus
1896 2718 1994 2753 nec
2034 2703 2199 2756 cimex
2241 2716 2332 2759 aut

789 2780 967 2834 lendes
993 2779 1133 2852 apud
1161 2798 1250 2835 eos
1276 2782 1563 2848 invenitur,
1592 2794 1684 2837 aut
1710 2784 1767 2838 in
1788 2802 2007 2856 corpore
2031 2787 2221 2860 aliquid
2250 2792 2331 2844 in-

787 2866 1018 2923 firmum.
1050 2869 1232 2941 Neque
1274 2870 1428 2923 etiam
1475 2870 1777 2926 vestimenta
1823 2882 2046 2929 utuntur
2086 2879 2332 2933 omnibus

787 2955 1115 3021 communia,
1158 2953 1249 3008 scd
1290 2956 1362 3010 ita
1411 2957 1627 3012 inlibata
1665 2970 1743 3013 est
1782 2963 1933 3015 vestis
1970 2980 2185 3029 eorum,
2215 2984 2333 3037 quae

785 3056 958 3110 neque
997 3038 1310 3094 insordidari
1357 3053 1557 3114 potest,
1602 3054 1655 3097 et
1694 3047 1737 3098 si
1780 3046 1881 3100 hoc
1922 3050 2212 3120 contingat,
2236 3070 2334 3123 per

785 3124 919 3195 ignis
941 3123 1169 3196 gladium
1191 3126 1417 3182 loturam
1446 3140 1750 3201 expectant3
1776 3132 1963 3187 ardens
1984 3136 2123 3190 enim
2149 3138 2334 3193 melior

784 3208 866 3266 fit.

858 3300 914 3351 6.
949 3298 1133 3367 Neque
1144 3299 1402 3353 seminant
1416 3317 1587 3371 neque
1606 3313 1827 3359 metunt.
1844 3306 1975 3359 Sunt
1986 3308 2125 3362 enim
2142 3316 2336 3381 species

796 3821 1143 3877 Brachmanes
1191 3841 1369 3894 magos
1410 3826 1589 3898 ponit,
1624 3844 1756 3899 quos
1794 3829 1981 3885 Noster
2005 3851 2211 3909 quoque
2240 3841 2338 3897 cn,

796 4056 945 4113 facile
966 4058 1224 4130 colligitur
1248 4060 1458 4116 subesse
1480 4062 1563 4117 his
1591 4076 1812 4138 systema
1844 4072 2239 4145 geographicum
2266 4078 2337 4131 si-

2365 2922 2380 3355 -u———n

2427 1845 2544 1882 rare
2570 1844 2668 1881 nec
2693 1827 2865 1899 aliqua
2891 1828 3192 1883 infirmitate
3225 1840 3319 1883 aut
3343 1830 3651 1900 aegritudine
3678 1832 3976 1904 fatigantur,

2427 1916 2527 1970 nisi
2576 1916 2680 1969 hoc
2711 1916 2880 1969 solum
2907 1915 3050 1988 quod
3091 1914 3159 1971 de
3195 1934 3420 1989 corpore
3454 1929 3667 1987 exeunt,
3709 1920 3801 1975 sed
3836 1922 3978 1977 diem

2425 2002 2597 2057 obitus
2634 2012 2757 2057 ante
2801 2013 3025 2057 mortem
3053 2003 3307 2058 habentes
3349 2008 3758 2077 praecognitun13
3797 2026 3980 2064 omnes

2423 2090 2563 2143 enim
2581 2100 2795 2143 centum
2821 2106 3082 2143 annorum
3109 2100 3163 2144 et
3184 2091 3369 2161 viginti
3387 2092 3708 2159 moriuntur,
3729 2104 3784 2149 et
3809 2093 3981 2167 major

2419 2293 2751 2359 excellentes,
2783 2296 2938 2349 variae
2960 2305 3013 2350 et
3035 2298 3302 2369 pretiosae,
3323 2297 3480 2351 veluti
3510 2297 3705 2372 lapides
3730 2300 3977 2373 pretiosi,

2419 2380 2522 2434 hoc
2544 2390 2623 2434 est
2637 2380 2915 2453 smaragdi,
2934 2382 3251 2453 margaritae,
3278 2383 3547 2456 hyacinthi
3563 2396 3616 2439 et
3633 2386 3981 2442 carbunculus

2423 2476 2475 2519 et
2511 2466 2787 2539 sapphirus
2826 2468 2881 2522 in
2921 2469 3188 2523 montibus
3203 2508 3218 2535 ,
3245 2479 3300 2523 et
3325 2468 3450 2523 inde
3471 2488 3654 2525 omnes
3683 2484 3878 2528 exeunt
3903 2476 3978 2527 sic

2421 2552 2712 2607 secundum
2740 2553 2883 2608 bunc
2900 2554 3139 2612 modum.
3161 2557 3380 2611 Fluvius
3401 2558 3594 2611 exinde
3617 2560 3725 2612 exit
3749 2561 3804 2613 in
3827 2578 3983 2615 mon-

2417 2638 2556 2691 tibus
2582 2656 2677 2710 per
2696 2639 2926 2709 singulos
2947 2640 3058 2693 dies
3080 2659 3143 2695 ac
3167 2652 3348 2696 noctes
3377 2661 3595 2698 manans
3608 2684 3624 2710 ,
3659 2647 3822 2716 magis
3847 2664 3978 2700 vero

2419 2724 2624 2779 adsidet
2649 2727 2921 2780 cacumina
2961 2728 3220 2782 montium
3255 2740 3311 2783 et
3348 2731 3404 2783 in
3453 2730 3790 2786 multitudine
3829 2751 3980 2805 aquoe

2416 2810 2596 2880 cingit.
2640 2813 2712 2864 At
2739 2812 3001 2882 proxime
3037 2814 3204 2883 gentis
3245 2816 3435 2869 astutia
3461 2816 3663 2869 invenit
3691 2828 3855 2872 artem
3884 2836 3982 2889 per

2418 2914 2578 2968 quam
2601 2914 2720 2969 quae
2746 2896 2936 2952 exinde
2972 2909 3166 2953 exeunt
3209 2900 3448 2956 invenire
3467 2904 3650 2974 possit.
3695 2905 3976 2959 -Facientes

2421 2984 2550 3036 retia
2569 2984 2622 3036 in
2653 2994 2870 3054 angusta
2895 2983 3010 3039 loca
3033 2984 3179 3039 fluvii
3205 2988 3498 3058 suscipiunt
3525 2999 3759 3044 ventura.

2492 3084 2545 3135 7.
2581 3068 2727 3121 Cum
2743 3078 2889 3122 tanta
2915 3086 3040 3123 vero
3061 3069 3305 3125 felicitate
3341 3090 3512 3145 neque
3532 3072 3772 3128 laborant
3797 3094 3975 3148 neque

2422 3163 2705 3223 εει-οιαὶ,
2737 3153 2905 3208 solum
2941 3167 3112 3210 autem
3154 3158 3456 3213 moriuntur
3495 3162 3710 3215 seiemes
3745 3172 3798 3216 et
3832 3161 3974 3218 diem

2423 3238 2606 3291 mortis
2627 3256 2752 3292 suae.
2782 3240 3087 3294 Moriuntur
3106 3243 3245 3295 euim
3269 3260 3451 3298 omnes
3474 3255 3684 3299 centum
3711 3245 3892 3302 decem
3921 3260 3979 3303 et

2420 3333 2541 3377 octo
2579 3334 2634 3378 et
2671 3335 2884 3379 centum
2928 3328 3108 3397 viginti
3149 3347 3446 3398 annorum,
3475 3343 3528 3386 et
3553 3333 3721 3405 major
3752 3337 3976 3392 minoris

2426 3769 2506 3821 De
2548 3787 2622 3823 re·
2645 3770 2714 3826 cf.
2764 3773 3010 3845 stephan.
3050 3777 3174 3849 Byz-
3215 3794 3259 3833 s.
3275 3796 3339 3835 Ν.
3373 3778 3689 3852 Βραχμανες,
3720 3780 3811 3835 ubi
3839 3746 3971 3837 nie·-

796 3903 1123 3956 marinorum
1153 3903 1350 3957 vicinos
1376 3903 1534 3960 fuisse
1559 3905 1754 3977 prodit.
1778 3909 1941 3978 Igitur
1967 3930 2131 3985 quum
2155 3919 2338 3974 Cama·
2381 3886 2390 3956 Ι
2425 3846 2590 3978 δὶωάω
2649 3850 2809 3921 sym
2855 3850 2905 3906 ἔ*
2953 3872 3058 3916 ῗθῑς
3113 3854 3402 3927 &mmm
3449 3867 3626 3911 ”mi
3675 3874 3690 3911 ³
3747 3858 3974 3931 xPffiWssss

795 3980 900 4033 rini
926 3998 989 4033 ex
1008 3981 1185 4034 Nostri
1205 3984 1461 4037 sententia
1480 3984 1537 4038 in
1558 3984 1741 4041 ultimo
1756 3990 1956 4044 oriente
1968 3994 2194 4064 ponendi
2211 3998 2335 4066 sint,
2381 3964 2390 4019 Ι
2421 4001 2550 4056 Rex&
2590 4005 2674 4058 καί
2728 4007 3013 4080 ὃερματῶδη
3064 4030 3174 4067 ouva

2513 3923 2681 3995 ἔσθῆτι
2707 3928 2825 4003 λινῇ
2851 3933 2915 4004 τῇ
2941 3930 2996 3987 ἐκ
3021 3938 3228 4004 πετρῶν·
3261 3932 3416 3988 λίθων
3447 3933 3544 4006 γὰρ
3585 3936 3845 4009 μηρύματα
3875 3958 3972 4011 μοι·

3175 4012 3445 4085 κφίρουσιν,
3481 4012 3534 4077 ἐξ
3578 4010 3650 4068 ὧν
3707 4015 3972 4089 ὑφάσματα

2424 4080 2613 4151 γίνεται
2655 4086 2778 4157 μήτε
2823 4087 2937 4159 πυρί
2983 4089 3220 4161 καιόμενα
3265 4092 3387 4163 μήτε
3435 4091 3573 4146 ὕδατι
3612 4094 3968 4168 καθαιρόμενα,

794 4138 1069 4192 millimum
1098 4137 1169 4191 illi
1190 4137 1338 4209 quod
1360 4141 1415 4193 in
1437 4142 1645 4215 Periplo
1671 4146 1827 4199 maris
1858 4148 2111 4222 Erythraei
2146 4153 2334 4221 habes,
2361 4178 2369 4187 ·
2423 4159 2538 4214 ἀλλ’
2577 4160 2770 4220 ἐπειδὰν
2827 4166 2976 4237 ῥύπου
3015 4168 3100 4222 καὶ
3137 4169 3338 4238 κηλῖδος
3379 4169 3640 4244 ἐμπλησθῇ
3673 4175 3967 4246 χρωμένων,

792 4215 888 4270 ubi
914 4236 1021 4271 non
1061 4216 1215 4286 longe
1255 4228 1375 4289 post
1407 4220 1679 4276 Camaram
1712 4228 2004 4298 emporium
2044 4230 2205 4287 Indiae
2242 4253 2337 4289 ora
2423 4238 2728 4311 ἐμβληθέντα
2748 4243 2814 4308 εἰς
2830 4244 2998 4317 φλόγα
3025 4246 3176 4301 λευκὰ
3199 4248 3282 4303 καί
3305 4250 3512 4321 διαφανῆ

792 4312 972 4349 versus
995 4306 1171 4350 ortum
1196 4294 1516 4369 boreamque
1536 4300 1593 4353 in
1627 4302 1893 4358 Oceanum
1919 4308 2088 4362 Eoum
2114 4312 2334 4368 reflecti-

792 4383 883 4427 tur
903 4373 1005 4442 (Cf.
1030 4372 1443 4449 Prolegomena).
1470 4378 1566 4432 His
1594 4380 1665 4433 ita
1705 4384 1995 4439 constitutis
2011 4426 2026 4452 ,
2052 4388 2337 4445 Camarinis

790 4451 1151 4506 attribuuntur
1171 4471 1287 4526 quae
1303 4454 1371 4508 de
1393 4455 1587 4511 ultimis
1610 4459 1838 4515 Orientis
1862 4465 2066 4536 populis
2086 4468 2223 4540 apud
2245 4488 2335 4524 va-

790 4531 898 4583 rios
924 4532 1199 4603 scriptores
1216 4532 1535 4603 legebantur.
1565 4539 1587 4607 ΙΙ
1607 4567 1681 4580 -
1697 4539 1861 4613 Eden]
1887 4542 1968 4600 Cf.
1991 4546 2179 4617 Geogr.
2200 4550 2330 4606 Rav.

796 4625 847 4675 1,
899 4616 953 4674 6;
995 4611 1210 4665 Cosmas
1242 4611 1453 4685 Indepl.
1484 4632 1539 4686 p.
1573 4620 1692 4686 1493
1738 4620 1964 4676 Wiener
2006 4624 2144 4681 sibl.
2184 4630 2334 4683 lecal-

790 4688 1121 4743 woerterbuclt
1140 4707 1185 4744 s.
1214 4708 1268 4747 v.
1290 4690 1461 4756 Edem
1496 4696 1965 4754 maestum-scm
1988 4702 2335 4761 Alter-thams-

788 4766 985 4822 Kunde
1016 4784 1065 4833 1,
1086 4786 1143 4840 p.
1174 4769 1573 4840 &Qu—autem
1589 4784 1709 4845 post
1726 4794 1783 4829 v.
1809 4776 1903 4831 isti
1925 4796 2033 4833 om.
2057 4783 2182 4838 Cav.
2212 4785 2237 4853 l}
2259 4815 2332 4827 —

778 4864 973 4919 panem
1066 4848 1214 4921 plui]
1237 4874 1261 4897 c
1279 4852 1461 4921 Imago
1482 4863 1686 4925 sumpta
1700 4854 1766 4909 de
1789 4859 1944 4912 sacris
1965 4859 2153 4917 bibliis.
2176 4863 2332 4919 Intel-

781 4922 963 4994 ligitur
985 4935 1159 4980 autem
1189 4928 1470 5000 δροσόμιλι.
1504 4954 1527 4981 ι
1571 4931 1702 4988 Μαί.
1739 4934 1820 4990 Cf.
1844 4938 1877 5005 3
1919 4954 2001 4993 12.
2038 4939 2155 5009 11-
2171 4940 2260 5014 pii
2278 4955 2332 4996 et

781 5000 928 5075 boni]
960 5004 1043 5059 Cf.
1070 5023 1188 5076 quae
1210 5006 1277 5061 de
1296 5008 1509 5063 Seribus
1537 5021 1751 5065 narrant
1769 5017 2073 5072 Ammianus
2096 5020 2326 5078 Marcell.

781 5080 869 5147 23,
896 5086 948 5148 6,
977 5088 1065 5152 673
1095 5085 1293 5139 Plinius
1320 5092 1374 5152 6,
1402 5104 1489 5150 20,
1520 5090 1605 5155 543
1630 5090 1762 5145 Mela
1784 5094 1835 5161 3,
1859 5109 1910 5163 7,
1942 5113 1990 5153 1.
2024 5097 2046 5168 ΙΙ
2072 5128 2144 5140 -
2167 5111 2329 5154 tantoe

778 5160 1044 5232 supplevi3
1069 5162 1263 5219 deinde
1280 5166 1469 5220 statim
1494 5168 1637 5241 quod
1652 5169 1807 5225 codd.

852 5242 882 5309 S
920 5241 969 5294 5.
1007 5241 1141 5297 Inde
1167 5243 1232 5298 ab
1260 5244 1363 5300 hoc
1387 5248 1619 5318 segmine
1660 5251 1839 5323 incipit
1862 5254 2213 5327 apographum
2234 5260 2328 5312 Ju-

3539 4250 3747 4319 γίνεται.
3769 4252 3970 4309 Plinius

2427 4336 2513 4390 19,
2547 4325 2602 4386 4,
2636 4339 2721 4393 19.
2755 4325 2778 4394 ΙΙ
2805 4355 2874 4365 -
2892 4327 3213 4399 exspectant]
3239 4340 3484 4401 expetant
3501 4330 3570 4394 B;
3595 4339 3818 4403 utroque
3847 4330 3967 4387 loeo

2421 4416 2540 4452 cum
2568 4400 2896 4457 Gothosredo
2921 4402 3074 4459 velim
3095 4416 3364 4478 eoepetunt.

2491 4480 2522 4545 ς
2555 4482 2610 4534 6.
2652 4479 2868 4554 impetu]
2901 4481 3146 4555 impetum
3187 4484 3309 4539 Mai.
3350 4487 3412 4539 In
3435 4486 3478 4539 B
3517 4503 3616 4558 pro
3646 4486 3832 4542 exinde
3855 4491 3970 4544 exit

2420 4552 2586 4609 codex
2609 4557 2784 4613 exiens
2809 4560 2922 4614 exit
2932 4583 2954 4624 ;
2967 4579 3090 4615 mox
3109 4580 3209 4633 pro
3223 4562 3411 4632 cingit.
3429 4567 3511 4619 At
3528 4563 3692 4619 codex
3711 4565 3963 4634 cingitur,

2419 4642 2472 4686 et
2489 4651 2590 4705 pro
2602 4652 2703 4707 pes·
2724 4656 2882 4709 quam
2905 4638 3061 4693 babet
3088 4657 3192 4714 per
3211 4658 3399 4712 aquas.
3425 4642 3670 4696 Ceterum
3697 4645 3753 4697 in
3779 4644 3822 4697 Β
3844 4662 3966 4698 nar·

2419 4713 2554 4766 ratio
2575 4713 2760 4769 lacera.
2796 4717 2818 4785 ΙΙ
2848 4746 2919 4757 -
2943 4720 3190 4790 angusta]
3218 4731 3468 4787 congrum
3497 4721 3562 4777 Β.

2488 4794 2519 4859 S
2547 4810 2602 4861 7.
2646 4795 2716 4845 In
2744 4795 2916 4867 tanea]
2949 4794 3004 4849 in
3040 4795 3138 4850 hac
3161 4798 3288 4853 (hv.
3323 4797 3348 4868 ΙΙ
3375 4826 3450 4840 -
3475 4810 3708 4852 metunt
3733 4798 3966 4854 laborare

2419 4889 2510 4924 nec
2531 4871 2734 4945 aliqua]
2749 4891 2906 4946 neque
2925 4872 3166 4927 laborant
3179 4874 3364 4948 aliqua
3383 4876 3509 4931 Cav.
3520 4876 3542 4945 ΙΙ
3556 4906 3626 4917 -
3628 4876 3960 4945 fatigantur,

2417 4946 2527 5002 nisi
2545 4949 2660 5021 hoc]
2687 4951 2812 5005 Haec
2831 4951 3034 5023 periere
3059 4952 3112 5005 in
3137 4954 3288 5016 Cav.;
3313 4964 3575 5009 vexantur
3595 4954 3767 5027 suppl.
3791 4958 3918 5012 Mai.
3937 4958 3960 5026 ΙΙ

2417 5054 2490 5067 -
2510 5037 2562 5079 et
2593 5028 2793 5095 υἰὸἰητί
2813 5047 2922 5085 om.
2941 5030 3067 5086 (hv.
3091 5029 3173 5087 Cf.
3199 5048 3314 5102 quae
3339 5030 3408 5085 de
3431 5032 3614 5085 Serum
3641 5031 3965 5104 longaevitate

2417 5103 2634 5159 uadunt
2654 5107 2850 5161 Plinius
2885 5114 2937 5169 6.
2963 5124 3050 5173 20,
3073 5109 3162 5177 54,
3190 5108 3375 5164 Strabo
3399 5128 3454 5181 p.
3476 5127 3596 5178 701.
3620 5112 3741 5180 703,
3775 5114 3962 5168 Lucia-

2415 5200 2515 5236 nus
2540 5184 2776 5240 Macrob.
2797 5204 2844 5241 c.
2879 5186 2930 5239 5.
2959 5187 2981 5256 ΙΙ
3006 5216 3078 5228 -
3097 5186 3329 5260 varium]
3352 5188 3522 5243 variis
3548 5191 3668 5246 Par.
3696 5191 3717 5260 ΙΙ
3741 5220 3812 5231 -
3832 5192 3895 5245 In
3918 5192 3960 5244 B

2414 5278 2512 5332 pro
2539 5262 2686 5317 videt
2710 5262 2872 5318 codex
2901 5264 3038 5318 volet
3057 5264 3241 5335 habet;
3261 5264 3398 5321 dolet
3423 5266 3560 5339 conj.
3583 5268 3954 5327 Gotbofredus.
