4584 6284
2040 506 2512 569 DESCRlPTIO.

603 650 653 711 Α
686 648 943 701 vinorum
968 661 1159 715 genera
1181 641 1377 708 multa,
1406 641 1679 711 Picenum,
1702 640 1975 705 Sabinum,
2002 638 2243 695 Tiburti-

3765 526 3876 581 525

2331 656 2465 711 qnos
2489 640 2532 693 si
2549 656 2642 712 per
2663 640 2894 711 singulos
2925 632 3150 713 probare
3171 645 3424 714 volueris,
3451 647 3679 703 invenies
3697 666 3878 707 omnes

680 751 819 788 num
846 744 899 788 et
916 733 1179 797 Tuscum;
1200 748 1325 785 nam
1346 740 1399 785 et
1418 730 1611 785 Tuscia
1624 728 1697 783 illi
1719 728 2001 803 provinciae
2024 726 2241 799 adjacet.
2323 722 2528 797 judices
2561 736 2614 779 et
2633 735 2932 798 potestates.

679 823 857 895 Super
876 821 982 875 boc
1006 820 1299 875 maximum
1334 816 1565 891 possidet
1584 816 1783 872 bonum
1798 858 1813 881 ,
1836 817 2095 871 civitatem
2117 817 2245 869 eni·

680 910 1051 964 nentissimam
1074 918 1127 963 et
1151 906 1376 978 regalem
1402 904 1725 979 quedicitur
1746 907 1931 969 Roma,
1958 903 2243 976 splendori-

682 995 791 1049 bus
836 996 1143 1050 divinorum
1178 992 1517 1048 edificiorum
1556 1001 1809 1047 ornatam.
1863 992 2061 1045 Omnes
2104 990 2241 1043 enim

680 1082 1035 1155 imperatores
1060 1081 1131 1135 ob
1156 1077 1373 1151 gloriam
1399 1072 1506 1133 sua
1536 1078 1743 1131 virtutis
1774 1077 2133 1148 unusquisque
2152 1094 2242 1131 eo·

682 1187 811 1224 rum
828 1169 1105 1241 proprium
1125 1184 1258 1239 opus
1274 1182 1371 1218 suo
1389 1164 1599 1217 nomine
1613 1162 1938 1218 dedicarunt.
1956 1162 2089 1231 Quis
2102 1162 2241 1215 enim

684 1254 949 1310 Antonini
974 1252 1271 1307 dinumeret
1315 1249 1505 1323 opera?
1530 1248 1661 1317 Quis
1684 1246 1896 1317 Trajani
1932 1246 2011 1300 vel
2044 1256 2241 1301 cetero·

685 1358 813 1394 rum
838 1340 1059 1412 explicet
1076 1340 1129 1392 in
1153 1337 1397 1410 operibus
1422 1334 1643 1409 publicis
1670 1333 2007 1389 ornamenta?
2040 1336 2101 1387 In
2137 1352 2241 1405 qua

688 1437 746 1481 et
788 1430 1042 1482 circenses
1081 1426 1213 1479 benc
1240 1423 1519 1496 dispositos
1554 1424 1786 1475 invenies
1818 1420 2031 1475 ordines
2071 1420 2239 1475 abun-

690 1514 1003 1569 dantissimo
1026 1514 1269 1567 oeramine
1291 1510 1581 1565 decoratos.
1608 1508 1777 1562 Habet
1802 1518 1857 1561 et
1879 1506 2097 1561 fluvium
2130 1508 2239 1561 uti·

688 1600 793 1655 lem
822 1600 943 1667 sibi,
968 1600 1057 1673 qui
1085 1618 1115 1653 a
1140 1598 1391 1652 Tiberino
1416 1596 1621 1651 Tiberis
1648 1592 1961 1650 vocabulum
1982 1594 2237 1666 sumpsit3

688 1704 811 1741 nam
829 1688 975 1760 prius
992 1684 1177 1740 Albula
1194 1683 1496 1748 dicebatur3
1526 1683 1617 1755 qui
1638 1680 1873 1736 incidens
1904 1678 2095 1733 urbem
2117 1696 2237 1752 per-

686 1776 830 1827 venit
850 1774 905 1826 in
932 1789 1101 1835 mare,
1141 1780 1193 1824 et
1216 1788 1312 1842 per
1336 1770 1509 1842 ipsum
1536 1768 1715 1822 omnia
1748 1764 2041 1831 ascendunt
2066 1783 2183 1839 que
2210 1784 2241 1819 e

682 1858 969 1933 peregrinis
993 1857 1209 1911 veniunt
1233 1855 1553 1927 regionibus,
1575 1853 1755 1908 decem
1778 1862 1832 1907 et
1858 1861 1981 1908 octo
2008 1850 2237 1908 milibus.

680 1948 752 2001 Et
768 1946 843 2000 sic
868 1946 1049 1999 civitas
1064 1942 1313 1997 omnibus
1334 1941 1489 1996 bonis
1514 1938 1770 1996 abundat.
1796 1938 1970 1993 Habet
1995 1948 2169 1993 autem
2186 1948 2239 1993 et

679 2044 915 2088 senatum
947 2032 1237 2086 maximum
1260 2032 1496 2084 virorum
1524 2028 1747 2083 divitum
1777 2038 1829 2082 et
1845 2025 2201 2099 eloquentium
2218 2066 2235 2092 ,

2278 2152 2310 2160 υ
2323 2152 2333 2159 0
2343 2152 2480 2161 ——..--
2489 2152 2644 2161 ..ιι-ο·-

2403 810 2490 867 56.
2530 812 2776 882 Sequitur
2797 812 3010 877 Tuscia,
3036 831 3153 884 quat
3177 816 3312 870 inter
3339 818 3516 872 omnia
3539 818 3678 875 bona
3703 821 3818 889 {hoc
3844 841 3881 875 a

2328 895 2439 951 diis
2459 894 2746 951 maximum
2770 894 3052 971 accepisse]
3081 898 3264 967 fertur,
3291 902 3437 973 quod
3467 923 3533 959 ex
3559 924 3618 959 ea
3643 906 3880 979 haruspi-

2328 1000 2414 1036 oes
2438 984 2666 1055 primum
2684 979 3020 1055 prodierunt.
3043 984 3292 1056 Sequitur
3305 988 3540 1059 Aquileia
3562 1000 3614 1044 et
3633 990 3880 1048 Mediola-

2329 1084 2486 1134 num,
2506 1068 2735 1123 civitates
2759 1066 3046 1140 splendide
3067 1080 3120 1123 et
3141 1070 3328 1125 divites
3344 1090 3526 1145 opum.

2399 1154 2486 1226 57.
2513 1157 2638 1211 Post
2672 1155 2870 1209 Italiam
2901 1157 3174 1229 superiora
3199 1170 3468 1215 cun-entes
3503 1180 3630 1233 quas
3669 1176 3879 1236 preter*

2330 1244 2563 1297 misimus
2585 1244 2880 1315 provincias
2905 1262 3260 1299 memoremus
3282 1284 3298 1311 ‚
3327 1246 3566 1302 timiam
3598 1250 3790 1307 seilicet
3825 1262 3881 1307 et

2328 1330 2545 1385 Daciam
2568 1330 2889 1402 provincias,
2932 1329 3034 1384 sibi
3059 1329 3276 1401 quidem
3313 1330 3645 1401 sufficientes,
3685 1335 3878 1408 frigora

2327 1429 2502 1473 autem
2531 1436 2718 1489 magna
2754 1418 3003 1473 babentes
3023 1458 3040 1485 ,
3081 1436 3306 1491 quarum
3337 1431 3417 1475 est
3451 1422 3662 1477 Naissus
3698 1426 3878 1481 civitas

2327 1504 2590 1576 opulenta.
2617 1504 2821 1559 Deinde
2836 1506 3120 1559 Pannoniae
3138 1505 3314 1576 regio,
3349 1516 3485 1561 terra
3513 1506 3658 1561 dives
3687 1509 3740 1563 in
3767 1528 3880 1564 om·

2327 1592 2510 1659 nibus,
2547 1609 2654 1647 uon
2686 1591 2856 1647 solum
2879 1591 3137 1647 fructibus
3158 1603 3212 1647 et
3226 1592 3479 1665 jumentis
3495 1636 3512 1660 ,
3537 1594 3626 1647 scd
3654 1606 3706 1651 et
3727 1614 3880 1668 nego-

2329 1680 2414 1733 tiis
2437 1688 2490 1733 et
2511 1680 2779 1751 mancipiis
2795 1718 2810 1745 ‚
2831 1678 2888 1733 in
2914 1696 3020 1751 qua
3041 1696 3248 1752 semper
3275 1680 3652 1753 imperatorum
3681 1693 3759 1736 est
3783 1682 3878 1737 ba·

2327 1764 2512 1820 bitatio
2543 1764 2876 1821 delectabilis.
2919 1765 3092 1821 Habet
3133 1776 3308 1821 autem
3356 1768 3609 1822 maximas
3647 1768 3878 1823 civitates

2326 1854 2572 1909 Sirmium
2597 1864 2649 1908 et
2674 1853 2958 1921 Noricum,
2982 1851 3128 1908 unde
3157 1864 3210 1909 et
3230 1856 3386 1909 vestis
3409 1854 3602 1909 Norica
3626 1856 3770 1909 exire
3795 1855 3879 1909 di·

2325 1942 2482 1999 citur.
2503 1943 2623 1997 Hac
2645 1942 2928 1997 Pannonia
2945 1941 3109 2012 regio.
3141 1943 3278 2012 Quae
3299 1940 3499 2014 adjacet
3517 1953 3660 1996 trans
3683 1944 3880 1999 flumen

2331 2028 2630 2083 Danubium
2656 2047 2781 2100 gens
2801 2028 3148 2084 barbarorum
3168 2039 3221 2083 et
3245 2028 3344 2100 (est
3352 2032 3404 2098 ι’)
3429 2030 3746 2085 sarmatum.

592 2232 647 2291 B
679 2253 710 2288 a
740 2232 1093 2307 providentia.
1120 2230 1365 2285 Invenies
1397 2229 1538 2283 enim
1576 2230 1631 2281 in
1670 2228 1783 2299 ipsa
1821 2225 1969 2280 Italia
1998 2227 2239 2279 vinorum
2282 2199 2291 2261 Ι
2327 2226 2574 2282 abundat.
2601 2228 2771 2283 Habet
2795 2238 2968 2283 autem
2997 2240 3050 2283 et
3071 2240 3306 2283 senatum
3327 2231 3614 2284 maximum
3641 2231 3874 2285 virorum

681 2322 849 2377 multa
898 2338 1090 2393 genera
1111 2361 1126 2386 ,
1176 2320 1431 2373 Picenum
1449 2357 1466 2383 ,
1528 2314 1779 2371 Sabinum
1796 2355 1812 2381 ,
1871 2314 2239 2379 Tiburtinum,
2327 2311 2568 2369 divitum.
2597 2318 2744 2383 Quos
2761 2315 2802 2367 si
2828 2333 2924 2387 per
2951 2316 3181 2387 singulos
3201 2314 3428 2388 probare
3448 2316 3674 2371 volueris
3693 2355 3710 2383 ,
3733 2318 3878 2373 inve·

679 2410 947 2473 Tuscum3
977 2406 1169 2461 etenim
1194 2406 1389 2459 Tuscia
1421 2401 1621 2475 adjacet
1654 2400 1915 2473 praedictae
1941 2401 2240 2473 provincie,
2329 2405 2438 2455 nia
2481 2420 2660 2456 omnes
2679 2400 2884 2473 judices
2920 2414 3012 2457 aut
3057 2402 3218 2459 factos
3247 2418 3338 2459 aut
3382 2406 3588 2461 futuros
3615 2424 3756 2473 esse,
3786 2424 3878 2463 aut

681 2494 837 2567 cujus
872 2494 1285 2549 formonsitatem
1323 2501 1444 2563 post
1498 2506 1607 2543 non
1640 2488 1867 2542 multum
1894 2486 2237 2545 narrabimus.
2326 2500 2560 2559 potentes
2606 2492 2847 2561 quidem,
2877 2490 3111 2545 nolentes
3147 2504 3320 2547 autem
3339 2532 3356 2559 ,
3397 2504 3616 2566 propter
3655 2513 3876 2551 suorum

681 2577 834 2633 Italia
860 2595 985 2649 ergo
1013 2576 1263 2630 omnibus
1300 2572 1575 2629 abundans
1616 2574 1835 2645 insuper
1872 2583 1925 2627 et
1949 2573 2051 2627 hoc
2079 2574 2241 2627 maxi·
2327 2571 2432 2625 frui
2477 2590 2594 2625 cum
2627 2576 2906 2628 securitate
2941 2573 3088 2628 velle.
3130 2575 3324 2629 Colunt
3365 2587 3540 2631 autem
3567 2588 3620 2632 et
3658 2578 3784 2633 deos
3809 2597 3875 2633 ex

682 2681 833 2717 mum
853 2662 1053 2717 bonum
1070 2660 1329 2735 possidet,
1352 2660 1614 2715 civitatem
1636 2657 1917 2713 maximam
1942 2670 1995 2713 et
2011 2660 2242 2713 eminen-
2327 2668 2473 2730 parte
2489 2698 2504 2725 ,
2540 2661 2722 2713 Jovem
2749 2670 2802 2713 ct
2828 2660 3028 2725 Solem;
3077 2678 3176 2715 nec
3216 2678 3326 2715 non
3351 2678 3496 2716 sacra
3521 2663 3680 2717 man-i
3713 2663 3874 2719 deum

680 2750 935 2804 tissimam
958 2758 1014 2802 et
1036 2747 1262 2819 regalem
1280 2787 1297 2813 ,
1320 2763 1436 2819 quae
1457 2743 1525 2799 de
1556 2745 1773 2799 nomine
1794 2745 2040 2799 virtutem
2068 2754 2240 2799 osten·

678 2836 759 2889 dit
776 2846 827 2889 et
845 2844 1064 2889 vocatur
1080 2836 1249 2886 Roma
1266 2852 1281 2897 3
1300 2849 1458 2903 quam
1474 2832 1622 2903 aiunt
1638 2828 1937 2885 condidisse
1955 2828 2239 2885 Romulum

675 2939 920 2995 puerum.
945 2922 1041 2975 Est
1075 2920 1251 2992 itaque
1274 2935 1433 2991 quam
1454 2919 1686 2983 maxima
1706 2928 1761 2972 et
1785 2916 2017 2973 adificiis
2046 2916 2239 2971 divinis

676 3018 877 3063 ornata.
901 3006 1139 3078 Quisque
1156 3005 1301 3059 enim
1318 3002 1435 3075 [aut
1446 3004 1533 3077 ex]
1552 3000 1823 3058 antefactis
1838 3002 2239 3077 imperatoribus

674 3104 765 3149 aut
785 3094 879 3165 qui
903 3110 1047 3146 nunc
1072 3101 1199 3145 sunt
1216 3130 1233 3157 ,
1260 3090 1317 3143 in
1345 3106 1407 3145 ea
1445 3088 1675 3144 condere
1701 3086 1903 3161 aliquid
1924 3088 2251 3162 voluerunt,⁹

674 3192 726 3236 et
758 3179 947 3251 singuli
993 3196 1181 3233 eorum
1217 3194 1353 3249 opus
1385 3176 1749 3249 qualecunque
1788 3176 1847 3231 in
1894 3178 2112 3231 nomine
2138 3192 2236 3230 suo

673 3266 895 3324 faciunt.
930 3266 984 3321 Si
1011 3266 1151 3320 enim
1181 3264 1409 3318 volueris
1433 3264 1796 3330 Antoninum,
1818 3281 1978 3336 opera
2004 3264 2233 3320 invenies

676 3356 983 3421 innumera,
1028 3355 1164 3406 sicut
1208 3363 1261 3406 et
1301 3349 1445 3424 quod
1473 3349 1669 3403 dicitur
1712 3348 1889 3403 forum
1914 3348 2229 3421 Trajanum,

676 3438 821 3511 quod
850 3439 1007 3494 babet
1030 3438 1299 3493 Basilicam
1328 3437 1725 3509 praecipuam.et
1748 3436 2096 3492 nominatam.
2122 3438 2229 3491 Ha-

675 3523 768 3579 bet
800 3535 973 3579 autem
1024 3535 1077 3578 et
1124 3525 1378 3577 circenses
1420 3521 1553 3576 bene
1594 3522 1792 3594 positos
1844 3531 1897 3575 et
1946 3534 2230 3577 aeramento

680 3610 849 3665 multo
886 3620 1117 3665 ornatos.
1149 3610 1284 3663 Sunt
1305 3618 1477 3663 autem
1506 3609 1563 3663 in
1586 3609 1699 3681 ipsa
1725 3609 1893 3662 Roma
1919 3618 1971 3663 et
2006 3609 2229 3683 virgines

680 3712 879 3774 septem
905 3700 1141 3771 ingenuae
1158 3710 1212 3752 et
1229 3697 1521 3752 clarissimae
1536 3736 1553 3763 ,
1584 3715 1700 3769 qua:
1720 3714 1865 3751 sacra
1889 3695 2109 3752 deorum
2130 3717 2229 3772 pro

682 3786 848 3841 salute
890 3786 1111 3839 civitatis
1137 3783 1426 3838 secundum
1470 3784 1806 3855 antiquorum
1831 3802 2035 3839 morem
2072 3785 2227 3858 perli-

684 3876 832 3929 ciunt
858 3884 911 3928 et
935 3884 1183 3927 vocantur
1206 3872 1428 3942 virgines
1442 3871 1634 3927 Vestae.
1664 3871 1913 3926 Similiter
1931 3882 1983 3927 et
2009 3871 2228 3928 fluvium

682 3960 843 4015 babet
880 3960 1058 4015 multis
1084 3968 1270 4013 notum
1294 3956 1523 4011 Tiberim
1542 3996 1559 4024 ,
1588 3958 1679 4029 qui
1707 3956 1846 4011 utilis
1866 3968 1945 4012 est
1971 3956 2231 4031 praedictae

683 4047 909 4115 civitati,
938 4048 1033 4120 qui
1072 4043 1307 4099 incidens
1336 4060 1453 4098 eam
1484 4043 1725 4116 pervenit
1766 4044 1823 4097 in
1852 4060 2025 4109 ωηο,
2053 4054 2105 4099 et
2138 4062 2233 4117 per

683 4138 857 4210 ipsum
884 4135 1063 4191 omnia
1086 4151 1205 4207 quae
1239 4132 1456 4188 veniunt
1495 4130 1565 4185 de
1606 4148 1854 4203 peregre,
1882 4128 2171 4185 ascendunt
2201 4149 2235 4186 a

682 4226 867 4281 decem
894 4236 949 4280 et
983 4234 1103 4279 octo
1132 4222 1375 4287 milibus,
1401 4230 1456 4275 et
1484 4221 1561 4273 sic
1598 4220 1775 4273 civitas
1810 4217 2059 4273 omnibus
2081 4218 2233 4273 bonis

686 4438 843 4511 mem]
877 4438 1208 4491 innumerata
1232 4432 1353 4488 cod.
1388 4432 1410 4501 ΙΙ
1435 4460 1509 4473 -
1543 4441 1595 4484 et
1630 4428 1773 4503 quod
1880 4428 2023 4502 quod
2062 4429 2234 4501 habet]

677 4536 793 4591 quoe
906 4531 1026 4589 quoe
1041 4511 1197 4566 'tabee
1220 4510 1341 4567 cod.
1373 4510 1397 4581 ss
1417 4506 1779 4563 -ascendent
1795 4506 1915 4561 cod.
1944 4508 1966 4577 ΙΙ
1988 4538 2059 4551 --
2088 4507 2238 4561 milia

678 4596 801 4653 cod.
838 4597 861 4667 11
896 4624 971 4637 -
1003 4592 1171 4647 colent
1196 4589 1317 4645 cod.
1352 4590 1376 4661 u
1400 4616 1472 4629 —
1493 4585 1846 4642 sace-amantis
1870 4586 2063 4651 codex,
2092 4586 2236 4659 quod

678 4673 871 4727 deinde
896 4680 1191 4727 correctum
1220 4670 1276 4724 in
1307 4683 1463 4722 sacra
1486 4663 1691 4720 matris.
1725 4665 1748 4735 ΙΙ
1770 4693 1845 4706 -
1872 4688 1896 4711 ι
1922 4666 2235 4737 Haruspices

678 4756 859 4805 Roma
884 4750 989 4804 hoc
1022 4748 1195 4804 adbuc
1225 4758 1459 4819 tempore
1482 4742 1722 4798 consulti.
1766 4742 1927 4796 Liber
1950 4742 2111 4813 igitur
2149 4741 2236 4796 hic

676 4832 1005 4903 conscriptus
1023 4841 1142 4883 ante
1166 4847 1252 4882 an.
1281 4829 1402 4897 357,
1417 4842 1523 4897 quo
1549 4824 1765 4877 vetitum
1784 4822 1885 4877 ida
1906 4824 2228 4881 Constantio.

682 4915 745 4969 V.
792 4911 917 4967 cod.
943 4909 1150 4965 Theod.
1180 4909 1270 4962 lib.
1302 4912 1355 4970 1.,
1384 4905 1450 4958 de
1476 4902 1718 4957 maleficis
1740 4901 1911 4956 sacris.
1938 4913 1993 4957 et
2013 4912 2175 4975 temp.
2204 4924 2225 4953 ι

674 4994 852 5045 Gora.
880 4992 901 5060 ΙΙ
927 5020 995 5031 -—
1018 4992 1149 5042 Haec
1181 4986 1357 5057 habes]
1405 4987 1549 5039 Fort.
1583 5000 1599 5038 z
1627 4980 1769 5036 Huic
1810 4980 1966 5035 habes
1998 4980 2231 5035 vicinam

680 5069 944 5127 Tusciam.

740 5155 771 5220 s
803 5150 870 5203 56
900 5153 965 5205 Α.
1000 5148 1332 5203 Mediolanii-s·
1356 5144 1478 5201 cod.
1502 5146 1523 5215 11
1545 5146 1671 5197 -Β
1696 5159 1887 5215 :quam
1906 5142 2223 5217 plurima...

670 5228 803 5283 unde
826 5225 964 5281 enim
1082 5228 1347 5281 inventam
1462 5221 1695 5297 possidet
1718 5220 1965 5275 maxim
1990 5218 2111 5274 cod.
2127 5220 2250 5290 ΙΙ-“

671 5308 827 5379 huJeaes
854 5308 957 5380 ret]
990 5306 1297 5377 Legendum
1324 5304 1561 5377 suspicor
1587 5300 1908 5374 haruspices.

2323 2744 2571 2815 perlicere
2608 2744 2792 2799 dicunt
2809 2784 2824 2810 ,
2853 2754 2907 2799 et
2931 2744 3232 2819 haruspices
3259 2746 3326 2801 ad
3370 2766 3460 2802 eos
3501 2748 3650 2821 [esse]
3675 2760 3874 2805 ces-tum

2323 2841 2420 2887 est.
2449 2833 2598 2885 Hanc
2619 2832 2798 2889 habes.

2395 2914 2483 2972 56.
2503 2918 2690 2972 Vicina
2701 2918 2910 2972 Tuscia.
2926 2920 3062 2989 Qua!
3073 2920 3263 2998 'ljuscia
3284 2918 3460 2994 [inter]
3480 2938 3638 2992 quam
3651 2921 3878 2995 plurima

2323 3004 2426 3059 boc
2437 3023 2467 3059 a
2484 3003 2584 3060 diis
2599 3024 2794 3061 nomen
2811 3008 3100 3061 maximum
3112 3008 3338 3081 accepit3
3353 3006 3478 3063 inde
3489 3010 3628 3063 enim
3645 3007 3794 3081 ajunt
3807 3011 3876 3065 ab

2325 3092 2526 3163 origine
2545 3094 2754 3147 inventa
2779 3110 2890 3148 esse
2919 3094 3214 3168 haruspicia
3231 3138 3244 3157 .
3275 3106 3330 3150 et
3355 3094 3498 3167 quod
3521 3096 3722 3152 bonum
3747 3096 3875 3153 deos

2325 3198 2436 3234 esse
2469 3179 2742 3247 dicebant-5
2781 3199 2904 3235 nam
2935 3192 2991 3237 et
3015 3183 3128 3255 ipsa
3152 3181 3427 3237 abundans
3451 3185 3697 3239 omnibus
3721 3184 3875 3240 bonis

2319 3276 2372 3318 et
2392 3265 2496 3320 hoc
2518 3264 2749 3339 possidet
2766 3267 2992 3321 maxime
3005 3306 3020 3330 .
3052 3268 3190 3321 circa
3211 3266 3340 3322 deos
3366 3268 3659 3343 haruspicis
3679 3270 3871 3337 multa;

2319 3350 2510 3405 etenim
2544 3348 2699 3423 hujus
2725 3352 2802 3406 rei
2842 3362 3044 3407 certum
3075 3352 3143 3406 ad
3178 3372 3268 3408 eos
3294 3371 3406 3408 csse
3427 3354 3638 3413 dicitur.
3665 3358 3734 3411 Et
3761 3356 3874 3411 baec

2318 3439 2530 3511 quidem
2552 3441 2734 3495 Romae
2761 3450 2816 3494 et
2836 3441 3062 3495 Tusciae.
3087 3440 3246 3495 Italia
3272 3460 3399 3497 vero
3423 3454 3478 3497 et
3502 3443 3612 3498 alite
3639 3446 3873 3499 civitates

2317 3537 2440 3581 sunt
2466 3524 2747 3600 splendide
2763 3566 2780 3593 ‚
2805 3545 2923 3599 quae
2947 3528 3022 3581 sic
3049 3538 3303 3582 vocantur
3328 3529 3565 3601 Aquilcja
3591 3542 3643 3585 ct
3668 3530 3872 3586 Medio-

2317 3614 2519 3673 lanum.

2389 3704 2475 3774 57.
2511 3706 2632 3758 Post
2657 3710 2784 3775 ergo
2807 3703 3014 3758 Italiam
3035 3720 3166 3775 quas
3191 3707 3619 3778 pretermisimus
3638 3708 3872 3764 civitates

2316 3788 2579 3855 dicamus,
2607 3790 2846 3845 Moesiam
2873 3800 2927 3845 et
2943 3792 3160 3846 Daciam
3177 3794 3470 3865 provincias
3486 3832 3502 3858 ,
3532 3794 3634 3847 sibi
3651 3794 3868 3867 quidem

2314 3875 2625 3930 sufficientes
2640 3918 2656 3942 ‚
2685 3874 2886 3949 frigora
2920 3888 3095 3932 autem
3133 3896 3318 3949 magna
3340 3878 3589 3932 habentes
3602 3919 3619 3945 ,
3646 3897 3876 3950 quarum

2317 3962 2495 4015 civitas
2525 3980 2709 4035 magna
2732 3964 2948 4018 Naissus
2981 3961 3196 4018 dicitur.
3239 3962 3444 4019 Deinde
3468 3965 3756 4021 Pannonia
3779 3986 3865 4022 re·

2297 4048 2430 4117 ⁸gio,
2479 4056 2618 4101 terra
2665 4046 2810 4102 dives
2845 4048 2902 4103 in
2947 4049 3197 4103 omnibus
3214 4088 3230 4115 ,
3274 4047 3533 4104 fructibus
3578 4068 3794 4124 quoque
3819 4064 3874 4108 et

2313 4132 2564 4205 jumentis
2588 4143 2642 4187 et
2665 4134 2886 4205 negotiis
2901 4174 2917 4201 ,
2933 4152 3000 4189 ex
3021 4145 3168 4207 parte
3181 4145 3233 4189 et
3256 4137 3546 4208 mancipiisz
3575 4139 3645 4191 Et
3665 4155 3873 4212 semper

2319 4219 2568 4273 habitatio
2613 4220 2988 4291 imperatorum
3017 4231 3114 4275 est.
3143 4219 3316 4274 Habet
3351 4232 3523 4275 autem
3549 4233 3603 4277 et
3637 4224 3869 4279 civitates

2393 4428 2426 4497 S
2450 4425 2536 4498 ⁵7·
2551 4430 2786 4498 Nayssus
2807 4427 2957 4490 Cav„
2973 4428 3170 4481 Nessus
3185 4428 3247 4481 Β.
3270 4452 3292 4474 ι
3309 4429 3644 4483 Constantius
3667 4430 3738 4483 ibi
3760 4449 3867 4485 non

2320 4505 2478 4560 semel
2489 4516 2735 4572 moratus;
2746 4524 2830 4559 an.
2850 4504 2974 4575 337,
2987 4515 3048 4558 ut
3065 4503 3215 4559 docet
3236 4505 3318 4560 lex
3339 4525 3372 4578 7
3387 4509 3448 4563 C.
3458 4510 3596 4561 Just.
3611 4507 3678 4561 de
3698 4508 3869 4563 divor·

2323 4586 2440 4651 tiis;
2461 4602 2548 4639 an.
2574 4585 2695 4649 340,
2727 4595 2788 4638 ut
2806 4583 2960 4639 docet
2979 4583 3064 4638 lex
3088 4599 3154 4653 29
3175 4586 3236 4637 C.
3255 4584 3452 4640 Theod.
3471 4584 3538 4639 de
3563 4584 3861 4651 decurion„

2321 4672 2374 4716 et
2399 4662 2480 4717 lex
2506 4664 2536 4717 5
2560 4662 2628 4717 de
2649 4664 3017 4736 petitionibus3
3047 4680 3136 4715 an.
3169 4663 3288 4727 361,
3318 4673 3444 4717 teste
3461 4667 3744 4719 Ammiano
3769 4662 3862 4721 lib.

2321 4756 2383 4793 αι
2407 4758 2462 4812 p.
2507 4741 2630 4807 2⁵0,
2662 4741 2752 4795 ubi
2785 4742 3026 4795 Naissum
3071 4742 3340 4812 copiosum
3387 4742 3642 4815 oppidum
3691 4752 3860 4798 vocat.

2319 4818 2522 4873 Ibidem
2549 4829 2723 4893 postea
2742 4818 3140 4873 Valentinianus
3171 4830 3222 4872 et
3241 4818 3432 4873 Valens
3467 4822 3746 4875 constitere
3773 4840 3862 4877 an.

2322 4901 2442 4966 364,
2471 4899 2613 4973 quod
2640 4910 2755 4953 tum
2777 4899 3087 4955 Ammianus
3113 4896 3267 4951 docet
3291 4897 3385 4952 lib.
3405 4903 3491 4964 26,
3513 4914 3570 4972 p.
3600 4900 3723 4969 339,
3749 4910 3862 4954 tum

2317 4999 2472 5051 quam
2521 4980 2757 5053 plurime
2798 4978 2994 5034 codicis
3038 4978 3302 5033 Theodos.
3361 4982 3774 5038 constitutiones.
3831 5006 3856 5030 ι

2315 5060 2491 5115 Gora.
2520 5062 2541 5127 ΙΙ
2561 5056 2909 5130 —Sirmt‘umJ
2948 5057 3116 5129 6571)ιὶ
3141 5056 3262 5113 cod.
3285 5060 3349 5114 B.
3381 5083 3404 5105 ι
3427 5059 3678 5114 Noricum
3711 5063 3859 5115 'Pan-

2317 5139 2490 5193 noniae
2513 5138 2770 5191 accenseri
2795 5136 3030 5191 observa.
3065 5138 3198 5190 Sane
3234 5146 3289 5190 et
3323 5138 3376 5189 in
3418 5137 3614 5191 Notitia
3644 5140 3858 5211 Imperii

2314 5218 2564 5271 Noricum
2587 5216 2684 5271 sub
2709 5214 2890 5271 eodem
2921 5214 3056 5269 duce
3077 5216 3362 5270 Pannonia
3381 5216 3564 5287 primae
3585 5217 3858 5271 constitui-

2313 5308 2419 5353 tur.
2449 5322 2472 5344 ·
2505 5298 2679 5350 Gora.
2709 5296 2822 5367 ΙΙ-
2840 5298 2903 5349 In
2927 5296 2970 5348 B
2998 5315 3010 5348 ε
3041 5294 3256 5367 Norica]
3303 5293 3532 5351 Noricus
3564 5294 3687 5352 cod.
3720 5296 3744 5367 ΙΙ
3785 5324 3864 5339 -
