4584 6284
674 503 789 556 262

676 627 879 707 λίεθρον
897 668 917 699 ,
946 628 1017 696 ὡς
1046 623 1108 684 ἂν
1146 624 1218 692 εἷς
1260 633 1476 704 μνήμην
1500 623 1734 705 ἱστορίας
1760 623 1934 704 ἆγάγῃ
1966 623 2052 685 τὸν
2082 627 2241 708 ἀκρο-

681 716 833 789 ατήν.
912 712 1073 776 Οὕτω
1120 710 1213 774 καὶ
1250 711 1314 773 τὸ
1351 711 1656 786 Πηλούσιον
1698 712 1979 792 κατωτέρω
2028 713 2246 785 Πηλέως

680 803 963 882 ὁμώνυμον
1010 803 1167 863 πόλιν
1214 804 1346 884 ἐρεῖ.
1432 801 1641 864 Ἐκεῖνο
1668 799 1725 860 δὲ
1766 801 1857 861 καὶ
1900 801 2092 883 τρόπον
2133 803 2247 882 ἔχει

681 889 957 967 ποιητικὸν
985 891 1151 952 ἄλλον
1173 935 1189 963 ,
1229 890 1330 964 τὴν
1364 888 1711 968 ἑτυμολογίαν
1741 887 1936 962 συνήθη
1962 889 2053 949 καὶ
2082 891 2243 960 αὐτὴν

622 1003 649 1042 s
674 973 835 1042 οὖσαν
859 983 936 1064 τῷ
960 979 1222 1062 Διονυσίῳ
1236 1023 1253 1054 ,
1279 968 1367 1039 οἷα
1390 981 1610 1059 ποιητῇ.

757 1069 921 1151 Λέγει
950 1067 1005 1130 δὶ
1030 1069 1124 1130 καὶ
1155 1067 1238 1130 ὅτι
1260 1066 1383 1149 περὶ
1395 1065 1780 1148 Ἀλεξάνδρειαν
1808 1068 2099 1128 Σινωπίτου
2126 1065 2247 1135 Διὸς

681 1163 944 1245 μέλαθρον
974 1165 1165 1244 χρυσῷ
1192 1159 1436 1239 τιμήεντι
1464 1159 1807 1240 κεκασμένον·
1844 1160 1873 1220 8
1910 1159 2002 1221 καὶ
2030 1159 2251 1242 έξαίρων·

678 1261 755 1336 τῷ
778 1256 922 1336 λόγῳ
956 1251 1139 1334 φησίν·
1174 1278 1200 1305 α
1238 1251 1335 1310 οὐκ
1362 1247 1425 1309 ἂν
1472 1247 1668 1310 ἐκείνου
1693 1248 1820 1308 ναὸν
1859 1250 1913 1309 έν
1961 1248 2245 1330 ἀνθρώποις

679 1342 931 1424 θεώτερον
958 1339 1122 1402 ἄλλον
1150 1339 1317 1414 ἴδοις,
1362 1337 1391 1399 δ
1417 1337 1531 1399 ἔστι
1566 1337 1843 1418 θειότερον,
1881 1336 1999 1399 οῦδὲ
2032 1337 2243 1420 άφνειὰν

604 1451 657 1491 ιο
678 1433 834 1492 πόλιν
866 1428 1077 1510 ἑτέραν.
1109 1455 1134 1482 n
1217 1430 1317 1507 Τῷ
1340 1427 1451 1489 ὄντι
1482 1426 1582 1509 γὰρ
1620 1428 1987 1502 πλουσιωτάτη
2018 1427 2171 1495 πόλις
2207 1434 2241 1500 ἡ

682 1517 1046 1600 Ἀλεξάνδρεια
1068 1557 1089 1591 ,
1144 1519 1215 1584 ὡς
1262 1515 1554 1597 ἱστόρηται.
1688 1514 1821 1594 Περὶ
1849 1507 1914 1589 ἧς
1951 1516 2041 1575 καὶ
2068 1516 2243 1576 τοιάδε

683 1607 805 1669 τινα
828 1605 1057 1687 λέγεται·
1094 1604 1454 1686 Ἀλεξάνδρεια
1490 1607 1639 1674 πόλις
1666 1606 2088 1685 πολυάνθρωπος,
2120 1597 2185 1677 ἧς
2212 1611 2242 1666 ὁ

683 1697 849 1776 λιμὴν
878 1696 1031 1757 ναυσὶ
1072 1695 1434 1778 δυσπρόσιτος.
1528 1696 1721 1764 Στενός
1751 1716 1809 1754 τε
1835 1694 1937 1773 γὰρ
1978 1696 2060 1754 ἔπ’
2088 1697 2244 1756 αὐτὸν

686 1784 961 1857 εἴσπλους,
989 1781 1083 1843 καὶ
1110 1779 1328 1865 πέτραις
1360 1783 1569 1866 ὑφάλοις
1593 1783 1682 1842 τὸν
1708 1783 1794 1842 ἐπ’
1821 1779 1943 1841 εὐθὺ
1973 1780 2243 1842 διακόπτε-

608 1899 659 1938 ir,
682 1897 772 1936 ται
801 1871 993 1954 δρόμον
1015 1917 1034 1948 ,
1070 1869 1165 1932 καὶ
1202 1872 1263 1931 τὸ
1303 1869 1398 1948 μὲν
1447 1869 1713 1954 ἀριστερὸν
1750 1873 1908 1930 αὐτοῦ
1950 1871 2247 1952 πέφρακται

684 1959 1057 2047 χειροκμήτοις
1103 1957 1376 2033 σκέλεσιν,
1418 1962 1473 2022 ἐν
1518 1960 1659 2042 δεξιᾷ
1702 1961 1757 2019 δὲ
1811 1959 1956 2034 νησὶς
1996 1963 2029 2032 ἡ
2067 1959 2251 2041 Φάρος

682 2053 962 2134 πρόκειται
982 2095 999 2126 ,
1026 2051 1360 2130 πυρσεῦουσα
1390 2051 1493 2118 τοῖς
1531 2047 1746 2111 πλέουσι
1772 2047 1901 2130 πρὸς
1924 2047 2022 2122 τὴν
2057 2051 2247 2132 δυσχέ-

686 2164 829 2227 ρειαν
852 2145 943 2202 τοῦ
971 2139 1267 2200 κατάπλου.
1354 2138 1488 2220 Περὶ
1516 2137 1572 2198 δὲ
1600 2137 1695 2210 την
1715 2141 1869 2210 ν’ῆσον
1898 2139 2118 2217 μέγιστα
2136 2162 2248 2198 κα-

684 2230 1046 2302 ταόέὸληνται
1077 2225 1427 2311 χειροποίητα
1445 2225 1600 2309 τείχη
1620 2273 1638 2306 ,
1666 2217 1743 2296 οἷς
1760 2226 1851 2288 καὶ
1878 2227 2250 2309 προσαρασσό-

602 2341 657 2381 so
686 2344 824 2400 μενα
855 2316 926 2380 τὸ
963 2317 1180 2396 κύματα
1208 2314 1301 2376 καὶ
1338 2313 1721 2398 άμφαγνόμενα
1760 2315 2133 2399 ἐκτράχόνουσι
2162 2318 2250 2378 τὸν

683 2409 847 2491 πόρον
876 2408 967 2468 καὶ
992 2406 1261 2488 σφαλερὰν
1283 2403 1370 2464 διὰ
1398 2412 1578 2466 στενοῦ
1600 2403 1695 2476 τὴν
1723 2404 1917 2466 εἴσοδον
1941 2407 2252 2486 ἆπεργάζον·

684 2521 796 2562 ται.

2058 491 2478 555 EusTA‘rnn

2333 626 2387 680 in
2433 625 2668 681 historiae
2700 627 3010 682 memoriam
3049 626 3225 683 mdire
3257 626 3554 685 auditorem
3579 629 3754 687 faciat.
3829 634 3898 690 Et

2333 716 2408 768 sic
2445 706 2605 770 et'iam
2641 714 2784 770 infra
2807 727 2960 771 vocat
2988 716 3256 772 Pelusium
3298 717 3486 774 urbem
3525 722 3896 792 cognominem

2333 802 2470 857 Pelei
2493 802 2620 869 ,scd
2636 804 2739 859 hoc
2765 805 2927 858 alium
2953 822 3168 878 quoque
3188 805 3346 861 habet
3367 816 3582 879 tropum
3607 809 3896 882 poeticum,

2335 909 2453 965 quae
2483 902 2564 946 oet
2589 892 2934 966 etymologia,
2977 892 3246 949 familiaris
3282 905 3336 948 et
3361 895 3474 968 ipsa
3499 897 3757 970 Dionysio
3776 936 3793 964 ,
3823 909 3904 953 ut-

2337 992 2458 1055 pote
2475 986 2662 1054 poetoe.

2403 1067 2490 1125 Ad
2538 1068 2651 1124 haec
2697 1081 2878 1126 narrat
2922 1070 3255 1127 Alexandriae
3295 1074 3552 1147 templum
3591 1093 3705 1130 ase
3752 1078 3898 1133 Iovis

2333 1154 2584 1228 Sinopitae
2635 1173 2768 1210 auro
2815 1156 3047 1229 pretioso
3077 1167 3342 1212 ornatum.
3433 1158 3600 1230 Quod
3640 1170 3694 1214 et
3731 1160 3906 1216 verbis

2332 1239 2613 1306 extollens,
2641 1262 2664 1290 ιι
2701 1258 2810 1295 non
2833 1240 2950 1307 illo,
2970 1241 3175 1314 inquit,
3194 1242 3452 1316 templum
3475 1244 3620 1299 aliud
3642 1244 3786 1318 apud
3805 1245 3904 1300 ho-

2333 1329 2503 1380 mines
2527 1324 2720 1380 videris
2745 1326 2987 1397 θεώτερον
3002 1365 3018 1392 ,
3046 1327 3102 1382 h.
3132 1346 3182 1382 e.
3211 1328 3456 1401 θειότερον
3471 1369 3488 1396 ,
3513 1327 3760 1384 divinius
3778 1370 3794 1396 ,
3820 1351 3908 1387 nc·

2332 1427 2436 1480 quc
2479 1407 2669 1464 urbem
2713 1408 2867 1464 aliam
2901 1428 3052 1482 aeque
3095 1410 3418 1484 opulentam.
3494 1415 3638 1468 Vere
3677 1431 3908 1487 namque

2333 1495 2460 1550 urbs
2486 1495 2744 1551 ditissima
2765 1496 2924 1550 fuisse
2947 1497 3174 1552 traditur
3193 1497 3510 1554 Alexandria
3533 1539 3550 1567 ,
3574 1499 3644 1555 de
3667 1519 3774 1575 qua
3799 1502 3909 1558 sere

2333 1579 2445 1634 haec
2465 1581 2620 1635 etiam
2659 1585 3166 1640 commemorantur.
3205 1582 3525 1640 Alexandria
3554 1586 3704 1644 valde
3737 1607 3910 1662 popu·

2333 1667 2442 1721 losa
2460 1707 2476 1734 ,
2497 1665 2650 1737 cujus
2675 1678 2866 1740 portus
2887 1665 3038 1724 aditu
3064 1669 3287 1723 navibus
3323 1670 3670 1742 perdifficilis.
3743 1675 3907 1731 Nam·

2332 1769 2437 1823 que
2462 1760 2516 1804 et
2539 1761 2793 1821 angustus
2820 1761 2900 1806 est
2919 1752 3284 1825 navigantibus
3309 1753 3512 1808 in-eum
3534 1756 3800 1827 ingressus
3817 1799 3832 1821 ,
3857 1767 3910 1811 et

2333 1833 2617 1890 latentibus
2643 1831 2744 1888 snb
2773 1835 2906 1889 mari
2928 1837 3066 1891 saxis
3090 1847 3295 1892 rectum
3321 1835 3486 1892 habet
3507 1855 3722 1893 cunum
3750 1840 3914 1894 inter-

2335 1921 2540 1986 cisum3
2582 1932 2636 1977 et
2671 1923 2946 1976 sinistrum
2988 1918 3208 1994 quidem
3257 1918 3371 1995 ejus
3409 1920 3547 1978 latus
3588 1921 3908 1996 quibusdam

2338 2005 2495 2060 veluti
2523 2006 2769 2062 cruribus
2799 2023 2958 2062 manu
2997 2003 3150 2062 sactis
3171 2006 3560 2063 communitum
3582 2017 3660 2062 est
3677 2046 3694 2073 ,
3723 2024 3755 2060 a
3781 2004 3912 2062 dex·

2339 2101 2418 2141 tra
2443 2097 2620 2142 autem
2645 2085 2888 2161 pra-jacet
2926 2086 3129 2143 Pharus
3179 2105 3341 2161 parva
3385 2087 3556 2143 insula
3577 2128 3593 2155 ,
3624 2087 3737 2142 face
3768 2088 3912 2142 navi·

2337 2168 2580 2238 gantihus
2620 2167 2911 2242 praelucens
2961 2180 3180 2242 propter
3221 2167 3474 2242 appulsus
3510 2167 3874 2223 difficultatem
3891 2208 3910 2234 ,

2343 2264 2510 2317 quum
2545 2265 2609 2302 ex
2635 2247 2747 2305 alto
2789 2266 2948 2302 naves
2975 2249 3029 2302 in
3055 2259 3272 2322 portum
3321 2249 3669 2303 invehuntur.
3740 2250 3910 2303 Porro

2341 2337 2513 2382 autem
2543 2328 2684 2383 circa
2709 2328 2848 2383 hanc
2881 2326 3103 2383 insulam
3141 2328 3358 2382 maximi
3395 2328 3536 2383 muri
3575 2346 3738 2382 manu
3775 2345 3906 2383 con-

2343 2407 2524 2462 structi
2560 2419 2684 2462 suut
2701 2447 2718 2472 ,
2761 2405 2829 2463 ad
2855 2425 2990 2478 quos
3025 2407 3158 2463 allisi
3201 2407 3393 2462 fluctus
3419 2407 3682 2479 fractique
3721 2405 3912 2462 fictum

886 2495 956 2557 ‘O
994 2495 1173 2572 μέντοι
1197 2493 1363 2570 λιμὴν
1386 2493 1531 2562 ἐντὸς
1563 2492 1837 2574 ἀσφαλὴς,
1862 2493 1952 2554 καὶ
1972 2493 2250 2576 τριάκοντα
2343 2500 2648 2560 exaspemnt
2687 2499 2742 2543 et
2784 2488 3140 2561 periculosum
3185 2506 3282 2562 per
3317 2489 3584 2559 angustias
3622 2489 3914 2556 ingre-mm

684 2584 929 2652 σταδίους
974 2581 1124 2643 ἔνδον
1165 2581 1283 2663 ἔχει
1326 2581 1389 2642 τὸ
1429 2583 1667 2660 μέγεθος.
1751 2580 1817 2643 ‘O
1857 2581 1912 2643 δὲ
1944 2585 2253 2668 Γεωγράφος
2341 2566 2598 2623 efficiunt.
2671 2571 2862 2624 Portus
2875 2571 3211 2624 tamen-intus
3223 2579 3480 2635 tutusest,
3495 2566 3914 2640 magnitudinem

683 2675 807 2759 περὶ
834 2671 1023 2755 Φάρου
1042 2672 1200 2754 φησὶν
1227 2669 1407 2736 οὕτως·
1436 2700 1463 2726 «ι
1488 2678 1525 2746 ἡ
1552 2672 1735 2754 Φάρος
1760 2671 1935 2744 νησίον
1970 2674 2253 2753 περίμηκες

603 2789 658 2828 ss
680 2761 1106 2846 προσεχέστατον
1135 2767 1203 2842 τῇ
1238 2761 1471 2844 ἠπείρῳ.
1557 2761 1687 2823 Ἀπὸ
1726 2759 1782 2821 δὲ
1810 2766 1899 2821 τοῦ
1942 2763 2256 2826 Κανωθικοῦ

682 2855 755 2921 εἰς
782 2849 949 2925 αὐτὴν
975 2849 1167 2911 στάδια
1192 2847 1302 2931 ρνῘ..
1322 2877 1349 2903 ι.

763 2937 1066 3013 Σινωπίτης
1115 2935 1172 2998 a}
1218 2935 1355 3005 Ζεὺς
1392 2938 1429 3010 ἣ
1473 2941 1503 2996 ὁ
1531 2936 1833 3020 Μεμφίτης·
1862 2936 2121 2999 Σινῶπιον
2154 2937 2258 3019 γὰρ

680 3029 801 3110 ὄρος
836 3027 1140 3109 Μέμφιδος·
1169 3025 1207 3098 ἢ
1236 3025 1345 3086 ἀπὸ
1373 3025 1622 3099 Σινώπης
1656 3029 1750 3098 τῆς
1777 3028 2052 3100 Ποντικῆς.
2132 3029 2256 3088 Φέ-

686 3141 835 3200 ρεται
862 3115 967 3196 γὰρ
996 3115 1185 3195 λόγος,
1214 3114 1297 3174 ὅτι
1337 3117 1549 3194 βασιλεῖ
1576 3120 1672 3187 τῆς
1699 3113 2078 3197 Ἀλεξανδρείας
2106 3117 2257 3177 Πτο-

602 3227 659 3268 ao
675 3206 894 3287 λεμαίῳ
916 3206 995 3284 τῷ
1026 3205 1211 3284 Λάγου
1236 3202 1443 3281 δαίμων
1468 3228 1547 3271 τις
1574 3203 1840 3284 έπιφανεὶς
1866 3201 2100 3264 έκέλευσε
2124 3203 2262 3280 πέμ-

682 3297 860 3374 ψαντα
887 3296 1017 3350 ναῦν
1039 3289 1260 3367 κομίσαι
1290 3290 1468 3363 αὐτὸν,
1496 3287 1573 3364 μὴ
1602 3289 1981 3370 προσδηλώσας
1997 3290 2089 3350 καὶ
2105 3290 2261 3350 τόπον

684 3383 801 3442 ὅθεν
831 3377 987 3439 αὗτὸν
1009 3375 1417 3454 ἀνακομίσεται.
1504 3374 1575 3438 ‘O
1597 3375 1653 3435 δὲ
1682 3375 1883 3453 πέμπει
1905 3376 2146 3457 φέρεσθαι
2166 3401 2259 3450 τη-

684 3468 893 3534 νάλλως
914 3462 1015 3536 τὴν
1038 3469 1171 3525 ναῦν
1183 3460 1291 3535 ὅπη
1312 3461 1476 3544 τύχῃ.
1504 3462 1613 3525 Καὶ
1642 3465 1713 3531 ὣς
1730 3459 2054 3544 προσέὸαλεν
2082 3469 2117 3536 ἡ
2138 3470 2262 3534 ναῦς

686 3561 756 3638 τῇ
784 3553 997 3617 Φωκίδι
1012 3597 1031 3628 ,
1059 3549 1313 3619 λαὸόντες
1343 3549 1591 3633 χρησμὸν
1614 3553 1664 3613 οἱ
1689 3551 2003 3630 ἰμπλέοντες
2022 3553 2262 3615 ἀπελθεῖν

606 3667 663 3707 ιιι»
688 3647 762 3714 εἷς
778 3640 1031 3715 Σινώπην
1046 3641 1138 3702 καὶ
1150 3640 1364 3721 ένέγκαι
1381 3640 1443 3700 τὸ
1462 3641 1804 3722 προςταχθὲν,
1821 3642 2048 3724 ἤνεγκαν
2072 3645 2262 3704 έκεῖθεν

686 3733 752 3794 τὸ
776 3737 874 3794 τοῦ
913 3730 1220 3814 Σαράπιδος
1248 3729 1371 3797 Διὸς
1396 3729 1642 3809 ἄγαλμα,
1732 3732 2019 3792 Κάντεῦθεν
2037 3733 2266 3793 Σινωπί.

688 3846 786 3897 της
813 3819 973 3894 Ζεὺς,
994 3819 1116 3895 ἤτοι
1140 3817 1414 3900 Σάραπις,
1446 3811 1507 3881 οὗ
1529 3842 1659 3902 φασι
1684 3819 1745 3880 τὸ
1762 3819 1981 3900 ἄγαλμα
2006 3831 2112 3888 τοῖς
2134 3825 2261 3903 ὁρῶ·

691 3935 777 3973 σιν
804 3906 999 3984 ἄδηλον
1037 3900 1172 3970 εἶναι
1200 3905 1316 3976 οἵας
1352 3908 1557 3992 φύσεως
1584 3899 1672 3982 ἦν.
1757 3911 1829 3969 Οἱ
1861 3908 1917 3969 δὲ
1947 3909 2051 3970 ἀπὸ
2088 3910 2263 3970 Σίνω-

688 4022 790 4067 πος
810 4003 1054 4075 ποταμοῦ
1074 3996 1381 4071 Σινωπίτην
1415 4001 1597 4058 τοῦτον
1620 3996 1722 4059 Δία
1750 3996 2080 4080 παρήγαγον.
2177 4039 2188 4059 .

609 4109 667 4150 ιο
772 4107 879 4150 asa.
921 4082 1050 4149 Ὅτι
1068 4085 1294 4154 σκοπιὰς
1312 4089 1406 4158 τῆς
1428 4084 1678 4154 Εἶδοθέας
1707 4085 1849 4162 λέγει
1869 4085 1965 4159 τὴν
1984 4088 2105 4146 κατ’
2126 4083 2264 4146 Ἀλε-

692 4175 967 4258 ξάνδρειαν
988 4176 1210 4257 Φάρον,
1232 4172 1355 4253 περὶ
1385 4165 1451 4247 ἧς
1487 4173 1693 4255 εἴρηται
1711 4220 1726 4246 ,
1754 4173 1789 4248 ἢ
1818 4175 1909 4237 τὸν
1927 4173 2223 4256 Ἀντίεραρον
2242 4220 2259 4252 ‚

690 4265 894 4350 ὑψηλὸν
917 4262 1044 4324 ὄντα
1074 4263 1169 4324 καὶ
1192 4263 1372 4337 αὗτὸν,
1392 4262 1447 4332 ὃς
1470 4262 1682 4342 λέγεται
1707 4263 1867 4345 τάφος
1884 4261 2145 4343 Ὀσίριδος
2169 4261 2262 4324 καὶ

692 4352 946 4422 Εἰδοθέας
965 4357 1060 4426 τῆς
1087 4359 1181 4414 τοῦ
1214 4349 1511 4434 Πρωτέως,
1539 4353 1681 4421 ὅστις
1706 4350 1953 4431 Πρωτεὺς
1994 4355 2095 4411 τῶν
2122 4349 2261 4421 ξενο·

692 4441 895 4506 κτόνων
921 4443 1123 4504 παίδων
1148 4443 1204 4503 ἕν
1226 4443 1573 4525 τῇθρακικῇ
1598 4440 1858 4522 Παλλήνῃ
1897 4439 2217 4519 ἀπαλλαγεὶς
2234 4486 2252 4515 ,

610 4553 667 4592 4³
694 4537 767 4600 ὡς
789 4535 988 4615 ἱστορεῖ
1039 4532 1365 4614 Λυκόφρων,
1412 4529 1746 4602 ἀποκατέστη
1789 4533 1861 4598 εἰς
1906 4531 2089 4610 Φάρον
2124 4531 2259 4609 μετὰ

692 4627 788 4695 τ’ῆς
812 4621 1066 4704 Θυγατρὸς
1088 4619 1345 4688 menois<
1364 4665 1382 4692 ,
1414 4621 1507 4680 καὶ
1540 4619 1743 4697 δαίμων
1774 4618 2019 4696 ἐνομίσθη
2052 4618 2257 4678 Θαλάσ-

687 4899 801 4954 κατ’
824 4905 925 4957 CL.
951 4900 973 4968 ΙΙ
996 4929 1069 4941 -
1092 4917 1139 4954 1.
1162 4900 1373 4971 παράγει
1396 4905 1449 4956 C.
1481 4900 1503 4969 ΙΙ
1530 4929 1601 4940 -
1619 4915 1669 4952 2.
1694 4896 1750 4952 τὸ
1772 4915 1882 4951 om.
1909 4902 1977 4966 0,·
1998 4896 2254 4966 κατωτέρω

684 4989 805 5052 post
822 4977 969 5033 πόλιν
984 4981 1203 5052 ponitur
1223 4983 1287 5034 F.
1313 4981 1335 5048 ΙΙ
1353 5009 1422 5021 -
1444 4980 1496 5032 3.
1518 4977 1569 5032 δὲ
1586 4996 1694 5032 om.
1721 4981 1852 5033 CDI,
1866 5001 1888 5042 ,·
1910 4977 1992 5030 καὶ
2006 4992 2115 5031 om.
2141 4981 2198 5030 Γ.
2220 4977 2243 5046 11

684 5087 759 5099 --
786 5056 839 5112 5.
868 5061 941 5129 τῷ
965 5075 1078 5113 om.
1104 5061 1157 5111 C.
1192 5057 1215 5128 ΙΙ
1242 5061 1388 5112 -8,
1418 5056 1467 5112 ἐν
1488 5075 1596 5113 om.
1627 5061 1697 5120 0,·
1718 5055 2011 5128 ἀνθρώποισι
2037 5059 2103 5113 U.
2138 5056 2162 5126 ΙΙ
2183 5085 2257 5097 -

685 5155 737 5207 9.
768 5134 898 5189 ἴδοιο
920 5139 1031 5192 FL.
1060 5137 1081 5206 ΙΙ
1102 5166 1176 5177 -
1200 5153 1285 5192 11.
1306 5137 1371 5199 ὡς
1391 5154 1454 5191 ex
1487 5141 1527 5190 C
1543 5135 1823 5200 additum.;
1850 5135 2114 5208 ἱστορεῖται
2135 5140 2188 5188 C.
2224 5135 2248 5206 ΙΙ

679 5243 754 5256 -
774 5231 860 5272 12.
892 5212 1227 5286 Ἀλεξάνδρεια
1250 5215 1405 5282 ΜΠΙ,
1438 5215 1748 5287 Ἀλεξάνδρου
1770 5226 1893 5273 cett.
1922 5216 1943 5286 ΙΙ
1962 5214 2144 5284 -,13.
2179 5213 2257 5267 δυ·

681 5294 943 5368 σπόριστος
968 5300 1068 5353 CL.
1100 5297 1181 5349 De
1216 5313 1275 5349 re
1302 5313 1355 5352 v.
1382 5297 1571 5351 Strabo
1589 5313 1645 5369 p.
1670 5312 1767 5366 79¹
1790 5313 1869 5367 sq.
1898 5297 1922 5366 ΙΙ
1947 5324 2020 5336 -
2042 5301 2126 5358 ιι..
2152 5293 2257 5346 δια·

676 5375 911 5430 κόπτεται
932 5392 1044 5431 om.
1085 5379 1141 5431 C.
1186 5375 1209 5448 ΙΙ
1236 5405 1309 5418 —-
1351 5381 1436 5432 16.
1468 5396 1695 5450 χηροκμ.
1740 5379 1805 5430 Μ
1810 5379 1863 5433 U
1872 5415 1887 5441 ,
1917 5373 2257 5446 χαλκομήτοις

2345 2646 2544 2701 habens
2569 2646 2864 2702 stadiorum
2885 2649 3118 2720 triginta.
3192 2647 3538 2720 Geographus
3563 2647 3655 2721 (μ’.
3677 2661 3777 2717 791
3801 2651 3823 2714 )
3849 2647 3918 2702 de

2345 2726 2520 2781 Pharo
2543 2727 2615 2780 ita
2640 2726 2802 2782 habet
2826 2742 2842 2781 t
2879 2752 2903 2774 ι
2941 2727 3145 2782 Pharus
3171 2724 3342 2782 insula
3372 2726 3598 2798 oblonga
3616 2765 3632 2792 ,
3674 2727 3918 2800 proxima

2345 2807 2657 2874 continenti,
2699 2808 2769 2862 ab
2795 2807 2930 2861 ostio
2963 2806 3233 2862 Canobico
3269 2805 3472 2860 distans
3504 2807 3676 2864 stadia
3703 2817 3917 2861 centum

2346 2898 2399 2941 et
2434 2887 2836 2959 quinquaginta.
2873 2911 2896 2935 ι

2415 2967 2653 3040 Sinopita
2677 2977 2853 3022 autem
2881 2965 3093 3038 Jupiter
3113 2977 3206 3020 aut
3232 2965 3372 3020 idem
3399 2976 3481 3021 est
3501 2967 3594 3040 qui
3619 2966 3911 3040 Memphita

2351 3048 2531 3120 (certe
2549 3049 2798 3122 Sinopius
2831 3066 2982 3103 mons
3015 3060 3096 3104 est
3119 3049 3512 3123 Memphidis),
3541 3065 3633 3105 aut
3665 3049 3862 3105 dicitur
3879 3069 3912 3106 a

2347 3129 2542 3201 Sinope
2560 3130 2799 3186 Pontica.
2834 3128 3096 3184 Nimirum
3125 3127 3434 3193 Ptolemaeo,
3468 3130 3594 3200 Lagi
3620 3129 3757 3195 tilio,
3797 3130 3918 3185 Ale·

2350 3206 2584 3262 xandriae
2604 3208 2714 3279 regi
2731 3247 2747 3273 ,
2773 3205 2904 3261 deus
2923 3210 3099 3262 nescio
3130 3209 3222 3281 qui
3241 3209 3543 3282 apparuisse
3575 3208 3744 3264 fertur
3765 3211 3919 3283 eique

2349 3286 2679 3359 precepisse,
2709 3297 2797 3352 ut,
2823 3287 2979 3340 missa
3007 3288 3126 3342 navi
3163 3305 3275 3342 sese
3313 3285 3594 3342 adveheret
3611 3327 3628 3353 ,
3657 3306 3766 3342 non
3794 3306 3920 3344 vero

2353 3366 2607 3421 indicasse
2631 3365 2808 3421 locum
2824 3405 2840 3432 ,
2864 3364 3008 3420 unde
3033 3384 3146 3421 sese
3167 3365 3468 3424 deveheret.
3541 3367 3748 3420 Misisse
3769 3365 3916 3421 illum

2349 3447 2498 3502 aiunt
2547 3463 2748 3501 navem*
2779 3457 2976 3500 temere
3001 3444 3303 3510 femndam,
3336 3462 3659 3519 quocunque
3701 3443 3916 3501 fortuna

2354 3527 2575 3582 tulisset.
2647 3527 2792 3580 Nave
2817 3524 2887 3581 ad
2923 3525 3208 3581 Phocidem
3235 3525 3478 3599 appulsa,
3507 3536 3724 3599 accepto
3749 3537 3919 3582 recto·

2353 3626 2437 3662 res
2477 3606 2693 3663 oraculo
2712 3647 2728 3674 ,
2755 3617 2814 3661 ut
2855 3606 3084 3679 Sinopen
3112 3603 3474 3672 discederent,
3514 3616 3568 3660 et
3592 3605 3741 3678 quod
3767 3624 3917 3663 man·

2353 3687 2535 3744 datum
2577 3697 2713 3742 esset
2758 3685 3059 3757 auferrent,
3087 3684 3348 3760 Serapidis
3385 3687 3533 3742 Iovis
3574 3684 3918 3744 simulacrum

2351 3767 2654 3834 abstulisse,
2721 3764 2948 3840 indeque
2983 3768 3169 3823 Iovem
3216 3766 3418 3822 dictum
3471 3767 3765 3840 sinopitem
3809 3769 3920 3824 sive

2351 3849 2590 3922 Sarapin,
2610 3845 2762 3920 cujus
2786 3846 3124 3902 simulacrum
3147 3849 3414 3902 intuentes
3431 3849 3711 3904 nescivisse
3734 3847 3916 3904 serun-

2351 3940 2442 3983 tur
2457 3924 2733 4000 cujusnam
2755 3938 2891 3982 esset
2920 3936 3140 3984 natum.
3215 3927 3319 3983 Alii
3351 3937 3530 3983 tamen
3558 3930 3745 3984 Iovem
3773 3929 3918 3984 hunc

2351 4008 2642 4081 Sinopitam
2663 4006 2938 4063 deducunt
2956 4024 2987 4061 a
3003 4007 3198 4080 Sinope
3217 4007 3455 4064 flumine.

2424 4097 2550 4169 259.
2587 4095 2822 4152 Idotheae
2867 4097 3101 4168 speculas
3147 4107 3300 4151 vocat
3340 4097 3572 4152 Pharum
3603 4096 3917 4154 Alexandri-

2353 4205 2473 4242 nam
2493 4225 2510 4252 ,
2553 4186 2623 4241 de
2660 4203 2767 4260 qua
2793 4183 2995 4240 dictum
3037 4197 3150 4252 est,
3185 4185 3266 4239 vel
3311 4186 3702 4259 Antipharum,
3743 4187 3916 4258 ipsum

2352 4290 2565 4346 quoque
2609 4270 2874 4328 excelsum
2889 4311 2906 4338 ,
2957 4272 3048 4344 qui
3082 4271 3320 4326 tumulus
3355 4270 3554 4327 dicitur
3592 4271 3819 4326 Osiridis
3867 4283 3920 4328 et

2349 4360 2616 4427 Idotheae,
2646 4360 2820 4414 Protei
2849 4359 2997 4426 filiae,
3043 4361 3137 4433 qui
3164 4361 3384 4414 Proteus
3429 4378 3459 4414 a
3484 4359 3662 4414 liberis
3701 4359 3811 4414 suis
3834 4359 3918 4414 di·

2349 4468 2582 4523 gressus,
2621 4449 2715 4523 qui
2739 4449 2796 4503 in
2824 4447 3032 4504 Pallene
3070 4449 3298 4505 Thracia
3324 4449 3555 4522 hospites
3584 4447 3916 4515 mactabant,

2349 4548 2411 4592 ut
2444 4537 2766 4610 Lycophron
2809 4535 2989 4611 (115)
3015 4546 3227 4603 narrat,
3259 4554 3364 4591 una
3408 4554 3532 4591 cum
3570 4535 3794 4592 Idothea
3817 4535 3923 4591 filia

2319 4649 2322 4652 ·
2350 4644 2461 4681 sese
2487 4627 2543 4679 in
2569 4625 2805 4681 Pharum
2845 4625 3100 4690 contulit,
3126 4624 3361 4698 deusque
3387 4625 3624 4680 marinus
3661 4635 3741 4679 est
3767 4642 3922 4697 repu-

2357 4900 2416 4951 F.
2451 4896 2472 4965 ΙΙ
2500 4924 2574 4936 -
2592 4911 2681 4952 20.
2707 4893 3044 4966 ἇμριγνυμένα
3075 4895 3138 4957 C,
3181 4891 3420 4964 ἇμριαγν.
3459 4895 3680 4952 Bet-nh..
3711 4891 3924 4966 ἂφαγνῦ-

2353 4993 2479 5047 μενα
2511 4978 2723 5031 FKLY.
2765 4976 2788 5044 ΙΙ
2815 5004 2888 5016 -
2915 4989 3005 5026 21.
3033 4970 3359 5044 ἀπεργάζεται
3381 4971 3439 5029 d.
3477 4974 3499 5043 ΙΙ
3532 5001 3607 5014 -
3629 4973 3717 5029 2⁵.
3743 4991 3916 5042 προσε-

2349 5055 2592 5126 χέστατον
2619 5072 2651 5107 e
2689 5051 2830 5124 conj.
2874 5051 3171 5106 Casauboni
3209 5050 3276 5105 ad
3312 5052 3583 5106 Strabon..
3627 5051 3716 5105 ubi
3757 5050 3916 5108 codd.

2350 5135 2720 5206 προσέσχατονς
2742 5130 2882 5204 apud
2902 5131 3143 5188 Eustath.
3163 5129 3322 5185 codd.
3344 5130 3460 5202 πρὸς
3485 5129 3572 5202 ἔσγ
3581 5133 3807 5202 ατα.ΙΙ-
3825 5146 3918 5202 29.

2351 5213 2450 5287 γὰρ
2483 5215 2704 5276 τοιοῦτος
2733 5211 2886 5282 λόγος
2911 5209 3101 5278 codd.,
3129 5229 3246 5265 exc.
3278 5214 3542 5282 (wamy.
3571 5212 3594 5280 ΙΙ
3617 5241 3691 5252 -
3719 5210 3809 5275 34.
3827 5205 3918 5277 τὴν

2351 5297 2470 5348 ναῦν
2490 5291 2749 5361 τηνάλλως
2771 5293 2936 5347 ΕΜΝ
2947 5288 3066 5354 Ud,·
3086 5289 3201 5344 52:02
3221 5293 3356 5346 ΜΠ.
3385 5290 3408 5359 ss
3427 5320 3499 5332 --
3515 5289 3602 5354 34.
3623 5289 3672 5343 οἷ
3687 5287 3918 5352 πλέοντες

2351 5377 2417 5430 F.
2459 5373 2481 5444 ss
2511 5401 2582 5413 -
2603 5371 2696 5442 39.
2724 5369 3015 5442 παρήγαγον
3043 5369 3283 5440 Mmmy,
3309 5369 3611 5442 παράγουσιν
3639 5377 3764 5424 cett.
3795 5367 3820 5438 ΙΙ
3841 5394 3917 5410 -
