4584 6284
1775 514 2131 577 ANAPLUS
2173 514 2420 577 Bospo
2431 515 2508 577 nl
2549 515 2897 579 THRACII.
3871 534 3947 588 ⁴9

732 649 877 703 milis
904 646 1050 703 sinui
1078 658 1383 722 ntencupaeo
1408 663 1589 701 coe-mu
1618 648 1723 699 Est
1752 643 1940 700 intimo
1968 662 2165 701 recessu
2190 664 2298 721 pa·
2387 647 2532 701 sinus
2555 646 2929 711 Leosthenim,
2952 658 3007 703 et
3025 650 3313 705 tutissimus
3338 664 3526 725 portus
3548 655 3709 711 totius
3728 658 3952 731 Bospori

732 734 892 791 lustri
904 776 921 802 ,
950 746 1003 789 et
1009 732 1495 808 promontoriorum
1518 730 1821 795 eminentia,
1856 743 1909 785 et
1926 731 2195 804 pmsunda
2218 732 2298 787 a!-
2391 736 2620 790 maxime
2673 736 2872 791 sinuosi
2915 747 2970 791 et
3001 738 3238 811 portuosi
3283 738 3576 797 censendus
3618 754 3716 799 est.
3803 745 3956 803 Solus

732 820 963 875 titudine
978 863 995 887 ‚
1030 832 1293 894 quantum
1318 836 1509 889 magna
1533 837 1651 873 eum
1662 817 1859 893 parvis
1887 818 2008 873 lieet
2038 819 2297 889 conferre,-

730 907 805 961 (τά
824 906 1103 963 introitum
1124 906 1348 962 strictus
1370 918 1468 974 est,
1480 906 1762 983 procedens
1780 918 1955 962 autem
1980 908 2134 962 valde
2155 907 2296 962 dila·

730 1008 883 1049 tatur
898 1018 921 1061 ‚·
949 994 1273 1069 tranquillus
1306 1006 1359 1050 et
1384 1007 1533 1051 tutus
1561 1006 1639 1051 est
1654 1036 1669 1061 ,
1716 994 2074 1050 circumdatus
2100 995 2295 1050 monti·

730 1083 856 1137 bns.
886 1081 1081 1155 quibus
1112 1083 1261 1136 velut
1302 1080 1469 1137 muris
1493 1081 1729 1137 munitm·
1762 1094 1946 1137 eonem
1982 1094 2165 1138 ventos
2186 1122 2202 1150 ,
2236 1084 2291 1138 in

728 1188 879 1243 quem
900 1166 1169 1225 deseendit
1200 1167 1416 1242 quidam
1430 1169 1639 1240 fluvius
1654 1168 1899 1243 pet-ermis
1930 1168 2138 1243 quidem
2154 1210 2169 1236 ,
2200 1169 2300 1225 sed

732 1256 965 1311 navibus
1012 1254 1327 1313 inaccessus.
1404 1260 1472 1312 In
1515 1256 1611 1312 hoe
1662 1256 1771 1311 Ioco
1812 1255 2181 1330 Amphiaraus
2226 1276 2292 1311 ex

730 1344 935 1400 oraculi
960 1344 1145 1399 divino
1162 1358 1425 1419 proecepto
1456 1345 1665 1400 colitur.

804 1433 1089 1507 Dionysius
1128 1434 1401 1489 introitum
1436 1436 1581 1488 sinus
1610 1434 1833 1507 appellat
1872 1451 2133 1489 oecessum
2164 1435 2288 1488 inti·

729 1540 898 1591 mum,
920 1540 1043 1578 eum
1070 1533 1241 1577 tamen
1260 1522 1505 1577 introitus
1524 1523 1715 1579 rectius
1732 1523 2078 1597 appellaretur
2092 1524 2287 1578 ostium

728 1611 1032 1683 aditusque,
1084 1629 1193 1684 quo
1240 1610 1501 1684 Bosporus
1539 1610 1833 1683 ingreditur
1872 1614 1930 1666 in
1981 1612 2190 1675 sinum,
2234 1622 2289 1666 et

730 1717 839 1770 quo
878 1700 1175 1770 navigantes
1208 1699 1480 1756 introeunt
1503 1701 1561 1755 in
1598 1712 1833 1773 portum.
1878 1699 1982 1755 Sed
2014 1701 2071 1755 in
2097 1700 2199 1755 hae
2229 1718 2289 1755 re

726 1786 810 1841 ille
852 1788 1031 1841 similis
1076 1786 1283 1842 videtur
1326 1789 1529 1859 magnis
1569 1788 1913 1861 scriptoribus
1929 1829 1945 1852 ,
1992 1806 2129 1861 quos
2166 1800 2289 1843 ente

723 1872 833 1928 dixi
868 1874 1145 1927 introitum
1180 1874 1401 1947 Bospori
1445 1874 1703 1947 appellare
1748 1874 1953 1929 exitum
1969 1914 1987 1941 ,
2040 1874 2281 1946 ostiaque

720 1960 1001 2015 fluminum
1036 1977 1225 2015 vocare
1264 1962 1455 2034 capita.
1527 1965 1703 2031 Quem
1742 1962 2029 2034 Dionysius
2064 1960 2289 2034 appellnt

718 2046 1051 2111 Imm.
1068 2046 1363 2119 Stephanus
1380 2046 1887 2122 (νῖυναικούπολις)
1905 2046 2283 2103 Leosthenium

714 2136 971 2195 nominat.
1014 2136 1335 2191 Iaeosthenes
1382 2146 1573 2191 notum
1608 2146 1661 2191 et
1692 2134 1871 2191 nobile
1910 2154 2137 2203 nomen3
2180 2137 2283 2191 La-

716 2222 922 2278 sthenes
943 2221 1229 2295 ignobilius
1255 2232 1335 2277 est
1373 2232 1429 2279 et
1452 2222 1627 2277 minus
1654 2232 1864 2277 notum.
1935 2224 2123 2294 Itaque
2150 2221 2282 2276 mihi

713 2310 890 2382 potius
933 2309 1255 2364 leosthenes
1298 2321 1391 2364 aut
1436 2308 1755 2365 laosthenes
1789 2308 2043 2381 legendus
2082 2308 2284 2365 videre-

715 2408 823 2463 tur,
854 2395 954 2449 nisi
981 2396 1139 2449 etiam
1156 2396 1475 2451 Lasthenem
1488 2435 1505 2463 ,
1531 2394 1637 2450 boc
1652 2406 1731 2450 est
1758 2413 1915 2451 saxeo
1940 2394 2133 2451 robore
2154 2414 2287 2469 prae·

715 2480 915 2549 ditum,
970 2480 1077 2536 diei
1129 2499 1283 2555 posse
1334 2500 1402 2537 ex
1436 2481 1591 2538 Plinii
1648 2480 1749 2556 (4,
1803 2486 1867 2539 18
1901 2484 1931 2551 S
1970 2486 2072 2554 46)
2114 2482 2283 2554 colligi

712 2570 879 2641 possit
900 2568 1081 2623 codice
1102 2568 1330 2624 habente
1360 2569 1653 2625 Casehenem
1680 2586 1780 2641 pro
1805 2569 2075 2625 Lasthene.
2154 2571 2287 2639 Qui·

713 2656 837 2712 dam
882 2655 1154 2729 Byzantini
1202 2656 1365 2711 hodie
1408 2655 1667 2731 appellant
1710 2654 1989 2721 Sthenion,
2038 2656 2125 2712 alii
2168 2661 2285 2711 Sos-

712 2743 944 2799 thenium
958 2784 974 2809 ,
1004 2743 1216 2815 utrique
1244 2742 1545 2815 depravate.
1616 2744 1680 2797 In
1718 2739 1907 2797 eodem
1948 2760 2129 2798 errore
2158 2756 2285 2799 sunt

706 2841 939 2885 recentes
970 2830 1253 2904 scriptores
1271 2871 1289 2898 ,
1334 2831 1474 2886 inter
1496 2847 1630 2902 quos
1670 2838 1749 2884 est
1790 2830 2043 2885 Leontius
2074 2830 2283 2885 Schola-

706 2920 898 2983 stione,
925 2928 1015 2973 aut
1041 2919 1135 2989 qui
1170 2918 1309 2973 hane
1334 2918 1729 2989 inscriptionem
1752 2917 1960 2990 scripsit
1985 2918 2041 2971 in
2071 2920 2279 2973 Leontii

708 3024 885 3061 versus
913 3022 929 3060 ε

706 3183 1027 3235 Aeonum·
1050 3182 1450 3233 ΣΧΟΛΑΣΙΚΟΥ
1464 3182 1565 3231 ΕΙΣ
1582 3180 1819 3231 ΕῙΚΟΝΑ
1845 3181 2277 3233 ΟΡΧΗΣΤΡΙΔΟΣ

1021 3252 1377 3301 ΙΣΤΑΜΕΝΗΣ
1408 3252 1489 3300 ΕΝ
1512 3251 1595 3315 m
1614 3250 1989 3315 ΣΩΣΘΕΝΕΙῼ.

832 3418 939 3481 Εἰμὶ
964 3418 1045 3479 μὲν
1068 3414 1285 3475 Ἑλλαδῖη
1314 3416 1569 3473 Βυζαντιάς
1588 3429 1601 3442 “
1622 3414 1781 3465 ἐνθάδε
1800 3416 1939 3474 ἔστην

900 3488 979 3554 ἧχι
1045 3486 1357 3552 χοροστασίην
1382 3486 1509 3551 slepi
1531 3488 1673 3549 δῆμος
1697 3486 1801 3549 ἀγιι
1818 3523 1833 3545 ,

710 3590 737 3604 ρ
834 3558 969 3609 6πόοι
992 3561 1183 3623 πορθμῷ
1202 3562 1315 3621 γαΐα
1334 3558 1579 3623 μερίζεται·
1601 3556 1857 3623 ἀμφότεραι
1876 3556 1966 3623 γὰρ

894 3630 1369 3694 duwe-:homme
1390 3632 1561 3694 ᾒνωαν
1579 3630 1849 3693 inultm:-

780 3781 939 3853 Quod
970 3791 1145 3835 autem
1181 3782 1466 3853 Dionysius
1500 3784 1879 3839 Leosthenium
1919 3785 2093 3837 sinum
2122 3784 2271 3837 simi·

708 3872 815 3928 lem
841 3889 950 3925 esse
982 3870 1113 3925 dicit
1137 3873 1275 3927 sinui
1298 3872 1481 3927 Cornu
1506 3870 1763 3944 appellato
1779 3911 1794 3936 ,
1830 3880 1969 3925 recte
1990 3870 2139 3925 addit
2168 3890 2272 3945 qun

710 3977 771 4015 re
803 3958 988 4013 similis
1008 3958 1079 4013 sit
1092 3998 1107 4024 ,
1144 3976 1333 4031 nempe
1356 3956 1619 4032 profunda
1652 3955 1927 4012 altitudine
1940 3954 2273 4025 ,cirmmclu-

706 4046 856 4101 sione
900 4044 1165 4099 montium
1198 4062 1511 4115 recessuque
1552 4042 1798 4117 palustri3
1830 4054 1883 4098 at
1914 4043 2081 4114 figura
2118 4042 2270 4098 dissi-

705 4132 843 4187 milis
864 4130 1092 4185 videtur.
1116 4130 1211 4187 Ille
1228 4132 1369 4185 enim
1400 4130 1582 4186 similis
1600 4132 1781 4187 Cornu
1805 4133 2045 4198 cervino,
2078 4132 2165 4187 hic
2178 4132 2274 4187 bu·

706 4220 853 4287 bulo,
874 4218 1023 4293 quod
1049 4238 1080 4273 e
1102 4218 1281 4275 medio
1304 4230 1641 4293 retorquetur
1666 4218 1933 4293 paululum
1953 4220 2009 4273 in
2032 4219 2269 4275 lunatum

704 4326 1011 4365 mucronem
1029 4349 1045 4376 ,
1100 4308 1399 4382 cujusmodi
1450 4308 1705 4365 nonnulla
1754 4308 2032 4375 habentur,
2080 4310 2272 4383 quibus

702 4397 971 4470 pulverem
990 4398 1247 4453 machine
1269 4397 1467 4453 bellice
1494 4398 1685 4454 milites
1706 4408 1907 4469 gestare
1932 4398 2119 4456 solent.
2142 4402 2175 4455 J
2178 4417 2273 4455 ure

702 4485 863 4555 igitur
886 4483 1259 4539 leosthenium
1288 4484 1549 4559 appellare
1571 4484 1795 4541 alterum
1834 4486 2059 4558 Bospori
2091 4486 2271 4542 Cornu

702 4592 996 4647 possumus.
1070 4576 1203 4629 Nam
1236 4585 1356 4647 post
1391 4574 1585 4629 simum
1626 4575 1973 4647 chrysos-eras
2010 4575 2271 4630 maximus

706 4824 855 4877 nium
878 4820 1145 4877 diversum
1162 4840 1378 4895 prorsus
1398 4822 1592 4877 suerita
1608 4824 1923 4878 Leosthenio
1940 4864 1955 4887 ‚
1983 4823 2102 4878 licet
2120 4842 2267 4879 secus

700 4901 922 4957 senserit
935 4900 1155 4973 Gyllius.
1174 4905 1243 4957 At
1258 4920 1356 4975 pro
1374 4902 1546 4973 Gyllio
1564 4900 1685 4956 facit
1705 4899 1877 4956 sabula
1899 4900 1968 4957 de
1989 4906 2265 4974 Argonau-

704 4980 769 5034 tis
798 4987 983 5035 eontra
1017 4980 1274 5049 Amycum
1301 4982 1651 5052 pugnantibus
1668 5020 1683 5047 ,
1714 4998 1881 5053 quum
1907 4983 2094 5054 Amyci
2117 4980 2267 5036 sedes

704 5060 727 5125 (
738 5056 965 5127 Beikos)
1011 5065 1066 5110 et
1105 5058 1479 5112 Laosthenium
1516 5060 1573 5113 in
1603 5058 1787 5113 eodem
1834 5059 2061 5131 Bospori
2095 5068 2267 5113 tractu

702 5138 828 5195 sint.
874 5133 1083 5191 Deinde
1128 5138 1201 5202 4ο
1242 5135 1407 5191 stadia
1448 5156 1563 5211 quae
1609 5141 1919 5211 Anonymus
1960 5156 1991 5193 s
2022 5138 2171 5193 Fano
2196 5137 2265 5193 sd

703 5213 1012 5272 Sosthenem
1062 5227 1335 5290 computet
1351 5258 1367 5283 ,
1396 5235 1505 5273 nou
1546 5217 1613 5273 ad
1656 5216 1923 5273 Michaelis
1962 5217 2017 5271 in
2058 5215 2265 5290 Anaplo

698 5295 957 5369 templum
976 5336 992 5362 ,
1031 5294 1127 5350 sed
1159 5294 1229 5351 ad
1268 5296 1397 5352 hod.
1445 5298 1657 5354 Sthenia
1702 5297 1985 5370 pertinent.
2022 5297 2267 5368 Denique

704 5375 911 5430 Malalas
928 5374 964 5431 l.
982 5376 1089 5448 l.p.
1118 5394 1186 5447 79
1206 5374 1275 5431 de
1296 5377 1641 5433 Constantino
1662 5380 1739 5433 M.
1760 5384 1939 5433 narrat
1961 5374 2267 5447 εΕὗξάμενος

968 5480 1141 5518 ῦΕΟῦΒ.
1176 5482 1225 5520 ΙΙ.

2388 822 2586 877 Plinius
2609 823 2712 892 (1.,
2751 823 2815 877 18
2843 826 2873 893 S
2905 826 3012 894 46)
3035 824 3277 879 meminit
3313 836 3501 899 portus
3531 830 3727 885 Senum
3743 870 3761 899 ,
3807 850 3954 889 cmm

2385 908 2602 981 Bospori
2637 910 2949 983 Europaenm
2987 926 3306 982 persequens
3339 912 3444 967 hoc
3473 912 3639 971 modo
3668 932 3682 970 :
3721 920 3792 972 In
3835 924 3961 974 Bos·

2383 1014 2545 1071 pom,
2567 996 2740 1069 inquit
2754 1038 2770 1061 ,
2790 996 2942 1051 sinus
2969 996 3242 1053 &sthenes
3255 1039 3272 1063 ,
3287 1010 3482 1073 portus
3507 1006 3692 1057 Senum
3706 1045 3722 1070 ,
3745 1018 3797 1059 et
3825 1006 3963 1063 alter

2386 1082 2668 1139 Mulierum
2681 1106 2702 1150 ‚·
2731 1084 2824 1157 qui
2851 1084 2895 1137 si
2928 1094 3130 1139 rectum
3158 1082 3404 1139 ordinem
3439 1097 3645 1157 servet,
3671 1090 3957 1149 Instbenes

2384 1170 2529 1225 sinus
2563 1180 2644 1225 est
2679 1181 2869 1245 portus
2914 1172 3144 1239 Senum,
3195 1189 3317 1226 cum
3373 1174 3513 1229 inter
3551 1175 3864 1233 Lasthenen
3903 1191 3959 1236 et

2382 1258 2602 1313 Portum
2649 1257 2936 1313 mulierum
2987 1258 3163 1313 nullus
3203 1270 3388 1331 portus
3437 1262 3534 1327 sit,
3587 1266 3876 1335 presertim
3911 1268 3958 1323 si

2383 1344 2672 1399 honorifice
2699 1344 2986 1419 appellatus
3023 1356 3102 1401 est
3131 1364 3195 1401 ex
3227 1365 3293 1401 eo
3309 1386 3324 1411 ‚
3359 1346 3506 1420 quod
3543 1350 3696 1404 senili
3735 1352 3956 1409 consilio

2384 1433 2460 1485 uti
2489 1430 2814 1497 viderentur,
2849 1434 2940 1505 qui
2972 1431 3040 1486 ad
3084 1451 3208 1489 eum
3243 1432 3480 1505 undique
3516 1445 3692 1489 tutum
3729 1439 3954 1511 appelle.

2382 1529 2586 1588 rentur,
2643 1522 2752 1575 sive
2796 1520 3018 1575 ridicule
3061 1522 3134 1576 ita
3181 1522 3521 1588 nominatus,
3567 1523 3716 1594 quod
3765 1524 3954 1582 debilis

2385 1619 2556 1663 nautae
2599 1610 2758 1664 etiem
2802 1610 3008 1681 navigia
3050 1608 3261 1663 infirma
3307 1628 3374 1665 eo
3420 1612 3683 1684 applicare
3729 1616 3953 1686 possint.

2381 1696 2596 1749 Dicaces
2663 1696 2810 1749 enim
2855 1696 3146 1768 Bosporani
3195 1694 3438 1751 nonnulli
3456 1736 3472 1764 ,
3525 1696 3660 1752 nihil
3705 1699 3952 1755 cedentes

2381 1782 2546 1836 Leoni
2569 1791 2663 1836 aut
2683 1780 2888 1837 Pasiadi
2919 1782 3256 1855 Bosporianis
3270 1822 3287 1848 ,
3315 1799 3452 1854 quos
3477 1782 3768 1855 perfacetos
3796 1786 3952 1843 habi-

2380 1878 2460 1922 tos
2494 1866 2655 1923 fuisse
2693 1866 2934 1939 legimus.
2981 1866 3086 1923 Sed
3123 1868 3238 1923 haee
3277 1866 3580 1941 conjectura
3623 1888 3734 1926 non
3774 1874 3952 1931 minus

2379 1958 2576 2012 incerta
2609 1974 2770 2030 quam
2806 1956 3008 2011 Plinius
3043 1957 3276 2011 incertus
3305 1957 3362 2011 in
3397 1959 3766 2031 persequendo
3799 1972 3948 2019 recto

2376 2046 2570 2101 ordine
2590 2043 2851 2101 locorum.
2889 2043 3038 2115 Quid
3059 2046 3103 2100 si
3135 2054 3350 2119 portum
3373 2046 3572 2101 Senum
3606 2047 3950 2120 conjiciamus

2377 2150 2487 2187 csse
2507 2132 2686 2187 sinum
2707 2130 2818 2186 divi
2843 2131 3120 2199 Demetrii,
3151 2149 3216 2187 ex
3238 2151 3332 2200 eo,
3354 2131 3500 2205 quod
3523 2132 3799 2191 claudetur
3820 2155 3949 2210 pro·

2379 2218 2642 2275 montorio
2676 2230 2982 2291 nuncupato
3007 2220 3142 2274 Sene
3167 2218 3407 2274 marino?
3437 2223 3508 2275 At
3533 2221 3638 2276 hoc
3663 2220 3945 2280 incertum.

2378 2307 2582 2377 Quodsi
2619 2325 2681 2362 ea
2717 2305 2786 2362 de
2817 2324 2974 2363 cansa
3018 2324 3141 2363 eum
3175 2318 3422 2382 putemus
3449 2308 3764 2381 appellatum
3779 2350 3796 2378 ,
3843 2330 3952 2385 qna

2375 2392 2492 2448 Chii
2513 2404 2723 2466 portus,
2758 2392 2906 2468 cujus
2923 2393 3158 2450 AElisnus
3185 2392 3284 2469 (N.
3322 2397 3429 2450 An.
3460 2411 3553 2461 η,
3577 2395 3680 2469 30)
3705 2400 3951 2455 meminit

2377 2482 2476 2549 (In
2503 2480 2638 2535 Chio
2653 2518 2670 2546 ,
2701 2480 2902 2553 inquit,
2932 2477 3002 2535 ad
3031 2490 3250 2553 pormm
3275 2480 3607 2537 nominatum
3647 2482 3940 2565 Γερόντων,

2376 2585 2594 2639 magnus
2629 2568 2866 2622 cicurum
2887 2578 2966 2621 est
2997 2567 3222 2639 piscium
3247 2584 3529 2636 numerus,
3561 2586 3698 2643 qnos
3731 2570 3850 2625 Chii
3877 2572 3948 2627 ad

2374 2656 2618 2711 solatium
2640 2656 2923 2711 senectutis
2938 2665 3118 2710 exacta
3135 2665 3283 2711 aetate
3299 2654 3515 2711 affectos
3539 2656 3720 2731 alunt)
3737 2698 3752 2724 ,
3771 2656 3946 2715 adhue

2374 2743 2600 2800 dubium
2615 2745 2745 2812 erit,
2767 2746 2824 2800 in
2845 2761 2953 2818 quo
2974 2743 3190 2817 Bospori
3216 2742 3334 2799 loco
3350 2744 3434 2799 ille
3461 2743 3636 2799 fuerit.
3670 2746 3945 2815 Quamob-

2373 2851 2486 2888 rem
2507 2851 2632 2889 cum
2661 2832 2976 2889 sententiam
3009 2850 3182 2887 meam
3218 2832 3558 2888 fluctuantem
3595 2832 3752 2887 nullis
3783 2852 3939 2889 anco-

2371 2922 2445 2975 ris
2483 2920 2714 2977 retinere
2752 2930 2910 2993 queat
2943 2930 3130 2995 portus
3167 2920 3396 2985 Senum,
3433 2920 3578 2973 bunc
3620 2938 3730 2975 non
3765 2922 3944 2977 minus

2373 3008 2636 3063 incertum
2661 3025 2822 3079 quam
2844 3006 3106 3073 Plinium,
3137 3006 3230 3077 qui
3253 3005 3401 3060 illum
3434 3004 3734 3061 introduxit
3747 3046 3765 3075 ,
3785 3007 3944 3063 relin-

2371 3113 2478 3167 quo
2495 3136 2511 3161 ,
2545 3112 2740 3167 meque
2771 3092 2840 3149 ad
2862 3093 3176 3167 Dionysium
3192 3133 3209 3161 ,
3239 3092 3383 3148 velut
3401 3092 3470 3147 ad
3489 3093 3710 3150 helicem
3735 3106 3938 3162 nautae,

2369 3180 2541 3251 dirigo
2559 3220 2575 3247 ,
2601 3181 2953 3235 certissimum
2987 3180 3210 3252 Bospori
3236 3180 3796 3250 circumnavigata-em
3823 3200 3940 3237 om-

2367 3266 2518 3321 nium
2561 3283 2744 3322 senum
2764 3304 2782 3331 ,
2818 3264 2913 3337 qui
2941 3267 3240 3339 Bosporum
3274 3264 3590 3334 navigarunt
3608 3263 3718 3335 jam
3764 3265 3888 3320 inde
3910 3286 3943 3324 a

2365 3352 2533 3407 minis
2555 3350 2752 3415 Severi,
2773 3350 3198 3423 qui-Byzantium
3223 3359 3279 3403 et
3297 3348 3584 3422 Bosporion
3613 3350 3727 3405 loca
3753 3353 3943 3407 evertit

2365 3448 2418 3492 et
2441 3436 2744 3508 longissima
2768 3436 2984 3505 caligine
3007 3432 3365 3490 circumfudit.

2436 3526 2483 3580 A
2503 3522 2696 3577 dextro
2713 3539 2886 3576 cornu
2907 3524 3051 3575 sinus
3070 3519 3368 3577 Lasthenici
3384 3522 3740 3593 septingentos
3758 3539 3939 3595 pessus

2365 3629 2644 3688 progessus
2689 3628 2842 3679 sum,
2891 3628 3059 3684 usque
3102 3609 3172 3665 ad
3209 3610 3384 3663 rivum
3429 3607 3658 3664 hiberno
3699 3618 3940 3683 tempore

2366 3702 2617 3757 fluentem
2659 3719 2759 3775 per
2789 3700 2966 3755 vicum
3005 3716 3256 3771 magnum
3271 3738 3289 3765 ,
3325 3714 3484 3770 quem
3529 3697 3867 3753 Neochorion
3912 3712 3930 3738 ¹

2365 3790 2626 3865 appellent
2641 3830 2658 3857 ,
2695 3807 2762 3844 ex
2789 3806 2854 3845 eo
2889 3788 3034 3861 quod
3067 3798 3304 3842 recenter
3327 3784 3554 3840 habitari
3581 3793 3784 3857 coeptus
3819 3788 3888 3841 sit
3917 3805 3932 3843 τ

2363 3898 2428 3934 ex
2461 3878 2613 3952 cujus
2651 3880 2770 3935 rivo
2803 3876 3095 3951 procedens
3135 3874 3276 3929 mille
3315 3884 3368 3929 et
3399 3872 3715 3946 quingentos
3749 3890 3934 3946 passus

2365 3966 2540 4021 inveni
2575 3966 2742 4020 flexus
2763 3964 3042 4037 angulum,
3068 3980 3178 4035 quo
3203 3961 3348 4015 littus
3373 3975 3598 4033 pergens
3625 3956 3692 4013 ad
3725 3958 3934 4032 plagam

2363 4054 2782 4128 septentrionum
2817 4053 3042 4107 vicinam
3078 4050 3220 4106 ortui
3249 4046 3504 4102 solstitiali
3530 4048 3838 4101 incurvatur
3863 4044 3933 4099 ed

2365 4157 2608 4196 occasum
2635 4139 2978 4196 solstitialem.
3028 4140 3188 4193 Hunc
3219 4136 3470 4207 angulum
3501 4136 3786 4208 piscatores
3815 4134 3930 4207 jam

2365 4227 2625 4301 appellant
2661 4230 2930 4282 Comatam
2943 4266 2958 4290 ,
2991 4242 3116 4279 cum
3136 4234 3310 4279 tamen
3336 4220 3658 4294 jampridem
3685 4218 3928 4293 hujusce-

2363 4311 2508 4369 modi
2532 4312 2692 4368 erbor
2707 4312 2850 4367 nulla
2871 4312 2946 4366 ibi
2968 4311 3224 4366 exstitisse
3244 4308 3452 4363 dicatur
3491 4305 3584 4363 sed
3603 4304 3763 4361 fuisse
3801 4307 3928 4362 olim

2365 4400 2527 4473 liquet
2547 4419 2614 4455 ex
2641 4401 2916 4473 DionysiO.

2359 4828 2546 4895 γνῶναι
2582 4824 2723 4885 ποίας
2760 4822 2862 4877 ἐστὶ
2892 4821 3140 4893 δυνάμεως
3161 4818 3218 4873 τὸ
3259 4818 3538 4891 ἔκτῦπωμα,
3581 4817 3918 4889 παρεκοιμήθη

2355 4908 2426 4975 τῷ
2451 4903 2616 4976 τόπῳ,
2650 4902 2785 4969 κτλ,
2817 4901 3007 4974 quibus
3035 4902 3158 4955 item
3187 4898 3254 4954 sd
3283 4898 3599 4954 Lasthenem
3620 4899 3794 4952 sinum
3829 4895 3928 4950 du-

2353 4984 2552 5047 cimur3
2573 4982 2700 5036 huic
2717 4981 2856 5035 enim
2881 4978 3148 5052 adjacebat
3179 4978 3484 5050 Amphiarai
3507 4976 3819 5041 delubrum3
3854 4974 3923 5030 ab

2353 5060 2677 5132 Amphiarao
2711 5068 2884 5113 sutem
2921 5058 3128 5113 oracula
3153 5067 3386 5129 petentes
3421 5056 3776 5127 ἔγκοιμηθῆναι
3813 5055 3924 5108 sive

2355 5137 2626 5193 incubasse
2647 5147 2864 5193 constat.

2429 5234 2477 5271 1.
2505 5216 2864 5291 Neochorion]
2893 5218 3049 5270 Nunc
3069 5224 3284 5287 quoque
3316 5214 3577 5277 leui-Koi,
3605 5212 3642 5267 i.
3674 5229 3724 5265 e.
3751 5226 3920 5265 novus

2352 5315 2514 5370 pagus
2531 5336 2546 5361 ,
2573 5316 2604 5352 a
2625 5296 2919 5351 Soleimano
2937 5293 3238 5350 aedificatus.
3265 5294 3336 5349 V.
3363 5293 3616 5347 Hammer
3647 5294 3916 5346 Constant.

2353 5394 2406 5431 u.
2430 5374 2486 5429 «1.
2512 5380 2725 5449 Bos-por.
2756 5386 2794 5430 t.
2821 5376 2892 5436 11,
2920 5392 2974 5447 p.
3009 5378 3113 5438 240

3623 5466 3652 5509 Α
