4584 6284
2201 476 2617 543 EUsTATflu

818 595 912 651 τοῦ
934 590 1177 673 Τίγριος,
1212 596 1287 663 εἷς
1309 596 1376 669 ἣν
1405 596 1562 667 αὐτὸς
1588 608 1726 678 μετὰ
1759 605 1956 665 πολλοῦ
1979 604 2260 689 φερόμενος
2285 617 2383 671 τοῦ
2475 632 2635 668 eursu
2662 632 2676 669 :
2703 635 2861 689 quem
2875 620 2930 674 in
2957 621 3126 679 lacum
3149 626 3260 698 ipse
3285 631 3448 685 multo
3470 634 3767 697 ferturcum
3791 642 4014 717 fragore,

816 676 1013 760 ψόφου,
1044 680 1133 738 καὶ
1172 681 1312 742 κατὰ
1348 684 1521 765 μυχὸν
1561 692 1657 761 τῆς
1714 688 1920 767 λίμνης.
1972 696 2045 761 ὡς
2086 697 2133 753 οἱ
2162 697 2386 759 παλαιοί

813 766 1003 846 φασιν,
1028 770 1099 837 εἰς
1136 768 1375 851 βέρεθρον
1406 773 1694 850 ἐμπεσὼν,
1742 778 1832 837 καὶ
1864 780 1949 837 ἐπὶ
1992 780 2127 840 πολὺ
2158 785 2382 863 ἐνεχθεὶς

811 853 1075 932 ὑπόγεως,
1108 859 1197 916 καὶ
1222 849 1367 925 αὖθις
1405 860 1669 942 ἀνίσχων,
1697 864 1788 923 καὶ
1816 866 2075 935 διασώσας
2092 868 2151 929 τὸ
2181 874 2379 953 ῥεῖθρον

759 961 787 1002 5
812 942 995 1022 ἀμιγὲς
1022 942 1107 1003 διὰ
1134 942 1232 1018 τὴν
1260 946 1393 1025 ἄγαν
1423 946 1676 1025 ὀξύτητα,
1703 955 1992 1035 παραρρέει
2023 958 2083 1016 τὸ
2108 962 2257 1033 σῆμα
2286 964 2383 1032 τῆς

810 1031 1185 1111 Σεμιράμιδος,
1198 1034 1289 1093 καὶ
1316 1036 1368 1094 ἐν
1390 1036 1534 1119 δεξιᾷ
1551 1040 1688 1119 ἔγων
1710 1040 1806 1114 τήν
1828 1044 2249 1123 Μεσοποταμίαν
2271 1047 2378 1117 ἐξί-

806 1143 924 1193 ησιν
965 1122 1037 1188 εἷς
1097 1122 1187 1181 τὸν
1242 1125 1503 1205 Περσικὸν
1561 1129 1786 1191 κόλπον.
1867 1130 1936 1193 ‘0
1977 1132 2033 1193 δὲ
2068 1136 2381 1218 Γεωγράφος

808 1211 934 1291 φησὶ
962 1210 1052 1270 καὶ
1083 1210 1339 1293 Ἀρσηνὴν
1359 1220 1633 1279 καλεῖσθαι
1660 1222 1756 1291 τήν
1783 1232 1995 1303 νιτρῐτιν
2016 1224 2211 1297 ταύτην
2239 1227 2382 1287 Θω-

808 1306 935 1357 νῑτιν
950 1346 967 1375 ,
994 1300 1085 1358 καὶ
1113 1302 1340 1372 πολλοὺς
1366 1303 1508 1385 ἔχειν
1530 1308 1743 1389 ἰχθύας,
1772 1310 1975 1393 ῥήττειν
2005 1310 2061 1370 δὲ
2108 1313 2200 1382 τὰς
2228 1318 2384 1389 ε’σθῆ-

731 1402 783 1444 10
809 1411 903 1456 τας
936 1389 1025 1448 καὶ
1055 1389 1273 1460 διαξέειν
1292 1437 1309 1467 ,
1354 1396 1445 1453 καὶ
1485 1397 1679 1457 ἄποτον
1714 1397 1855 1478 ἔχειν
1887 1398 1947 1459 τὸ
1974 1399 2131 1481 ὕδωρ.
2215 1404 2379 1481 Λέγει

808 1476 863 1535 δὲ
900 1476 993 1535 καὶ
1038 1476 1178 1538 οὕτω
1206 1484 1443 1563 σφοδρῶς
1483 1484 1784 1545 διαὸάλλειν
1830 1487 2008 1547 αὐτόθι
2045 1489 2131 1547 τὸν
2159 1490 2377 1571 Τίγριν,

808 1563 947 1623 ὥστε
976 1565 1071 1637 τὴν
1104 1566 1329 1646 λίμνην,
1362 1571 1601 1652 ἁλμυρὰν
1628 1565 1789 1635 οὖσαν
1818 1575 1905 1633 καὶ
1948 1575 2195 1657 ἄνιχθυν,
2242 1583 2377 1658 γλυ-

794 1656 832 1680 ”
850 1658 956 1715 ιῖαν
985 1655 1040 1713 ἐν
1066 1653 1235 1737 τούτῳ
1253 1662 1328 1736 τῷ
1352 1658 1500 1740 μέρει
1527 1662 1761 1741 γίνεσθαι
1786 1663 1875 1723 καὶ
1899 1665 2093 1744 ἰχθύων
2116 1666 2312 1748 πλήρη.

888 1736 1019 1802 εὈτι
1066 1743 1421 1825 δευτερεύουσι
1471 1748 1605 1825 μετὰ
1656 1748 1773 1817 τούς
1812 1750 2062 1820 Ἰνδικοὺς
2108 1756 2378 1832 ποταμοὺς

730 1842 781 1884 ,5
810 1826 1094 1909 Εὐφράτης
1110 1830 1201 1891 καὶ
1222 1832 1424 1913 Τίγρις,
1443 1836 1534 1893 καὶ
1558 1836 1637 1895 ὅτι
1652 1838 1841 1914 μείζων
1864 1840 2141 1921 Εὐφράτης
2159 1842 2372 1924 Τίγριος

810 1914 1009 1995 ῥέοντος
1035 1918 1142 1979 ἀπὸ
1170 1922 1385 2004 Νιφάτα
1414 1921 1593 2005 ὄρους,
1624 1925 1716 1986 καὶ
1738 1928 1903 1986 πλείω
1930 1928 2140 1999 διέξεισι
2168 1930 2370 2013 χώραν.

805 2002 1074 2085 Ἐνεχθεὶς
1111 2006 1165 2067 δὲ
1192 2010 1282 2069 ἐπὶ
1308 2011 1628 2073 Σελεύκειαν
1654 2013 1715 2073 τὸ
1747 2018 1848 2075 τῶν
1895 2016 2154 2096 βασιλέων
2178 2019 2370 2099 χειμά·

804 2091 947 2171 διον,
992 2096 1047 2153 ἐν
1076 2094 1425 2169 Ἐκὸατάνοις
1475 2099 1578 2183 γὰρ
1618 2102 1830 2184 θερίζειν
1866 2107 2052 2165 ἐκεῖνοι
2097 2106 2364 2185 λέγονται,

802 2182 1055 2242 συνάπτει
1078 2186 1155 2264 τῷ
1192 2186 1443 2269 Εὐφράτῃ
1482 2190 1741 2263 πλησίον,
1770 2192 1860 2253 καὶ
1904 2195 2163 2267 ποιεῖτὴν
2193 2202 2366 2277 ῥηθεῗ·

721 2282 777 2324 ιο
800 2292 898 2329 σαν
920 2272 1339 2351 Μεσοποταμίαν
1365 2276 1493 2357 πρὸς
1511 2280 1691 2342 αὐτόν.
1774 2282 1926 2343 Μετὰ
1945 2282 2001 2343 δὲ
2028 2283 2116 2343 τὸν
2144 2286 2365 2365 ῥηθέντα

800 2357 1046 2439 Νιφάταν
1073 2357 1232 2429 Ἄὸος
1256 2362 1374 2443 ὄρος
1390 2410 1407 2443 ,
1438 2364 1492 2435 ἐξ
1529 2360 1591 2425 οὗ
1628 2372 1656 2428 ὃ
1682 2370 1957 2450 Εὐφράτης
1986 2397 2042 2431 τε
2084 2372 2189 2454 ῥέει
2210 2374 2302 2434 καὶ
2337 2380 2366 2435 ὁ

776 2448 1171 2527 προειρημένος
1201 2450 1435 2531 Ἀράξης.
1524 2454 1695 2517 Ῥεέιν
1720 2457 1779 2517 δέ
1804 2482 1961 2539 φησιν
1990 2465 2019 2521 ὅ
2044 2462 2195 2529 αὐτὸς
2218 2464 2360 2523 Γεω-

791 2536 990 2619 γράφος
1015 2536 1104 2598 τὸν
1140 2542 1423 2621 Εὐφράτην
1454 2542 1539 2602 διὰ
1562 2546 1728 2623 μέσης
1760 2550 1849 2619 τῆς
1873 2546 2212 2629 Βαὸυλῶνος,
2244 2552 2298 2608 ἐν
2325 2544 2364 2631 ᾖ

788 2626 877 2685 καὶ
900 2630 928 2684 ὁ
954 2626 1255 2704 θαυμαστὸς
1280 2630 1572 2709 κρεμαστὸς
1595 2638 1794 2711 κῆπος,
1817 2635 1939 2717 περὶ
1960 2626 2019 2696 οὗ
2048 2636 2354 2717 ῥηθήσεται.

706 2731 760 2772 2⁸
788 2713 901 2774 Καὶ
929 2713 1211 2795 Ἡρόδοτος
1238 2716 1296 2776 δέ
1316 2740 1473 2800 φησιν
1497 2719 1579 2781 ὅτι
1604 2721 1661 2780 τὸ
1693 2721 1849 2798 μέσον
1877 2728 1973 2796 τῆς
1994 2726 2309 2794 Βαὸυλῶνος
2332 2731 2360 2785 ὃ

782 2799 1070 2885 Εὐφράτης
1098 2802 1337 2883 διείργει,
1361 2805 1415 2873 ὃς
1435 2807 1540 2887 ῥέει
1570 2806 1666 2885 μὲν
1691 2806 1743 2877 ἐξ
1769 2808 2051 2889 Ἀρμενίων
2082 2812 2244 2891 μέγας
2284 2812 2357 2871 ὢν

780 2889 870 2948 καὶ
901 2888 1062 2969 βαθὺς
1084 2892 1175 2951 καὶ
1202 2891 1369 2972 ταχὺς
1387 2940 1404 2967 ‚
1452 2894 1618 2969 ἐξίησι
1645 2895 1701 2957 δὲ
1730 2901 1801 2965 εἰς
1839 2898 1935 2971 τὴν
1964 2898 2223 2981 Ἐρυθρὰν
2256 2902 2353 2961 θά-

778 2978 1003 3039 λασσαν.
1086 2979 1155 3042 ‘0
1179 2980 1235 3040 δὲ
1258 2981 1414 3050 αὐτὸς
1430 2985 1523 3043 καὶ
1542 2986 1695 3045 ναυσὶ
1716 2987 1936 3068 περατὸν
1962 2990 2050 3050 τὸν
2073 2990 2354 3071 Εὐφράτην

778 3066 1005 3145 ἱστορεῖ,
1036 3067 1131 3126 καὶ
1158 3066 1277 3149 ὅρον
1310 3071 1466 3130 αὐτὸν
1498 3061 1631 3131 εἶναι
1665 3074 1911 3145 Κιλικίας
1944 3076 2037 3134 καὶ
2078 3076 2355 3157 Ἀρμενίας

698 3166 754 3209 8⁰
779 3152 931 3233 φησί.
1017 3154 1133 3225 Τὴν
1160 3155 1215 3214 δὲ
1235 3157 1519 3235 εἰρημένην
1541 3159 1837 3221 Βαὸυλῶνα
1860 3163 2096 3241 μεγάλην
2116 3164 2241 3224 ποτὲ
2263 3190 2355 3245 γε-

777 3240 1000 3319 νομένην
1030 3242 1249 3323 ὕστερον
1276 3247 1619 3323 ἔρημωθῆναί
1648 3272 1797 3331 φασι.
1879 3251 2032 3311 Φασὶ
2054 3252 2109 3311 δὲ
2132 3254 2224 3313 καὶ
2258 3254 2354 3327 τὴν

778 3329 928 3411 παρὰ
961 3333 1038 3409 τῷ
1074 3333 1126 3392 Τ
1130 3330 1263 3412 ίγρει
1312 3334 1503 3407 Νῖνον,
1534 3336 1669 3396 πολὺ
1711 3338 1870 3413 μείζω
1896 3341 1995 3408 τῆς
2040 3339 2355 3410 Βαὸυλῶνος

779 3406 940 3475 οὖσαν
958 3460 975 3489 ,
1011 3420 1361 3500 ἀφανισθῆναι
1411 3422 1503 3481 καὶ
1558 3420 1754 3498 αὐτὴν,
1798 3428 2195 3487 καταλυθέντων
2249 3435 2352 3489 τῶν

779 3504 1005 3583 Περσῶν
1022 3551 1039 3584 ‚
1072 3498 1135 3578 ἧς
1163 3512 1254 3566 τοῦ
1284 3508 1533 3585 μεγέθους
1561 3519 1778 3589 σημεῖον
1802 3512 1977 3587 τὸτῆς
2012 3514 2233 3584 κτίσεως
2266 3520 2354 3598 ἐρ-

700 3614 757 3656 as
779 3593 962 3670 γῶδες.
1051 3593 1280 3674 Λέγεται
1309 3596 1413 3678 γὰρ
1443 3599 1598 3669 Νῖνος
1626 3602 1967 3681 οἰκοδομῆσαι
1998 3601 2159 3677 αὐτὴν
2189 3608 2217 3664 ὃ
2246 3610 2352 3665 τῶν

778 3679 1065 3763 Ἀσσυρίων
1099 3684 1374 3763 βασιλεὺς,
1406 3689 1676 3770 μυριάδων
1702 3690 2094 3774 δεκατεσσάρων
2124 3699 2354 3775 συνεχῶς

779 3771 942 3843 αὐτὴν
972 3774 1332 3853 ἐργαζομένων
1361 3777 1451 3835 ἐπὶ
1470 3775 1564 3850 ἔτη
1593 3778 1752 3842 ὀκτώ.
1840 3782 2004 3865 Σοφοὶ
2024 3780 2080 3841 δὲ
2105 3786 2154 3842 οἱ
2177 3785 2350 3845 Βαὸυ-

776 3858 975 3932 λώνιοι,
1006 3860 1119 3934 καὶ,
1149 3862 1515 3943 ὠςἩρόδοτος
1526 3866 1692 3945 λέγει,
1714 3871 1839 3949 παρ’
1863 3872 2037 3931 αὐτῶν
2066 3873 2116 3931 οἱ
2140 3868 2344 3947 Ἕλλη-

774 3971 854 4015 νες
880 3948 1075 4025 ἔμαθον
1101 3950 1261 4011 πόλον
1282 3952 1372 4011 καὶ
1396 3952 1641 4032 γνώμονα
1668 3956 1759 4015 καὶ
1776 3956 1842 4016 τὰ
1867 3957 2069 4020 δώδεκα
2096 3958 2232 4042 μέρη
2252 3966 2350 4035 τῆς

694 4056 747 4099 ιο
773 4035 995 4117 ἡμέρας.

847 4146 950 4189 ⁹⁹2.
984 4123 1115 4187 ’Ὄτι
1142 4127 1320 4188 καινὸν
1364 4135 1552 4211 σχῆμα
1580 4132 1642 4193 τὸ
1671 4160 1695 4185 σι
1718 4132 1815 4207 ὅση
1853 4136 1908 4195 δὲ
1938 4136 2221 4219 Εὐφράτου
2250 4142 2347 4201 καὶ

768 4213 979 4295 Τίγριος
1020 4215 1194 4286 ἐντὸς,
1219 4213 1431 4291 Ιταύτην
1462 4221 1632 4298 μέσην
1663 4222 1791 4305 φασὶ
1820 4228 2095 4303 ποταμῶν.
2123 4251 2150 4279 n
2234 4218 2343 4291 τἨν

766 4302 869 4383 γὰρ
897 4304 957 4361 τὸ
980 4304 1257 4364 ἀκόλουθον
1284 4304 1447 4374 οὕτως
1474 4311 1670 4383 εἰπεῖν,
1695 4308 1793 4381 ὅση
1819 4310 1875 4370 δέ
1896 4314 2037 4371 ἐστιν
2059 4314 2342 4397 Εὐφράτου

766 4392 857 4451 καὶ
874 4391 1088 4473 Τίγριος
1116 4393 1275 4469 ἐντὸς,
1312 4394 1447 4467 αὕτη
1470 4396 1681 4475 λέγεται
1706 4400 1839 4477 μέση
1857 4406 2132 4480 ποταμῶν.
2222 4404 2342 4476 Ση-

763 4657 914 4727 μέσον
948 4674 999 4711 ν.
1026 4657 1062 4713 l.
1088 4677 1174 4730 ap.
1197 4662 1262 4715 R.
1290 4660 1474 4732 steph.
1497 4662 1521 4732 11
1543 4692 1617 4703 -
1642 4678 1694 4720 1.
1718 4666 1804 4717 τοῦ
1819 4682 1929 4717 om.
1951 4669 2109 4721 CDL.
2131 4667 2154 4737 ΙΙ
2178 4696 2253 4743 -7-
2274 4683 2328 4723 2.

762 4742 936 4821 μυχῶν
966 4741 1140 4793 ΟΗΜ.
1162 4740 1186 4811 ΙΙ
1208 4770 1281 4781 -—
1310 4738 1363 4795 3.
1394 4740 1642 4812 βάραθρον
1663 4747 1800 4799 ΗΜ.
1824 4745 1849 4815 ss
1871 4774 1945 4787 -—-
1974 4748 2028 4801 5.
2059 4743 2242 4817 ἀμιγὴς
2270 4752 2332 4812 C,-

758 4815 841 4869 διὰ
860 4838 908 4872 τ.
930 4817 980 4869 ἅ.
1002 4817 1209 4887 ὀξύτητα
1223 4818 1397 4893 ἀμιγές
1412 4820 1487 4886 d,·
1512 4826 1656 4894 σῶμα
1678 4834 1748 4878 ιη.
1774 4824 1797 4895 ΙΙ
1831 4855 1904 4865 -
1930 4829 1984 4880 6.
2000 4823 2187 4888 ἑξίεισιν
2212 4830 2267 4883 C.
2303 4828 2325 4897 ΙΙ

756 4924 831 4939 -
850 4914 902 4967 7.
935 4896 987 4951 δὲ
1010 4916 1121 4959 orn.
1156 4904 1210 4954 C.
1234 4900 1257 4971 ΙΙ
1280 4903 1422 4956 -8.
1452 4902 1665 4973 νιτρίτην
1694 4902 1875 4969 codd.,
1900 4922 2016 4962 exc.
2052 4910 2149 4975 σῃ
2168 4904 2330 4960 Θωνί-

2471 932 2622 1003 aquis
2661 937 2768 988 suis
2802 938 2950 1007 puris
2976 938 3042 993 ab
3064 943 3208 994 omni
3231 946 3608 1017 permixtione,
3637 972 3734 1025 pro
3771 970 3848 1015 ter
3871 982 3952 1019 ma
3987 998 4009 1010 -

2473 1024 2597 1061 nam
2629 1008 2768 1065 illam
2795 1012 3108 1069 celeritatem
3125 1056 3141 1083 ‚
3170 1022 3411 1086 servatis,
3439 975 3790 1087 semiramidis
3823 998 4008 1096 mond-

2469 1096 2707 1139 mentum
2724 1090 3030 1159 praeterssuit
3045 1131 3061 1158 ‚
3089 1090 3367 1166 relictaque
3384 1096 3450 1150 ad
3469 1096 3705 1156 dextram
3726 1107 4007 1183 Mesopou.

2469 1159 2578 1215 mia
2599 1200 2614 1225 ,
2641 1163 2748 1217 exit
2763 1164 2819 1217 in
2846 1166 3072 1220 Pontum
3091 1170 3376 1227 Persicum.
3449 1176 3520 1227 At
3539 1192 3663 1229 vero
3680 1179 4018 1258 Geographus·

2471 1236 2550 1308 (p.
2581 1238 2681 1307 529
2700 1241 2722 1308 )
2742 1239 2923 1293 scribit
2939 1243 3187 1297 niti-osam
3209 1244 3346 1299 hano
3361 1248 3612 1303 Thonitin
3636 1256 3866 1312 Arsenen
3884 1278 4008 1333 quo·

2470 1328 2574 1379 que
2607 1316 2794 1377 vocari,
2822 1316 3116 1389 multosque
3136 1337 3248 1373 eam
3269 1322 3432 1392 pisces
3455 1322 3674 1389 habere;
3697 1344 4012 1405 purgataque

2469 1398 2716 1457 praeterea
2737 1399 2893 1461 atque
2913 1391 3206 1464 abstergere
3231 1407 3426 1462 vestes3
3448 1414 3636 1469 aquarn
3665 1400 3892 1475 denique
3922 1410 4010 1464 ha.

2471 1460 2594 1515 bere
2617 1466 2832 1518 minime
2849 1469 3087 1521 omnium
3106 1480 3278 1541 aptam
3305 1474 3474 1542 potui.
3549 1476 3693 1542 Quin
3717 1478 3871 1531 etiam
3893 1480 4016 1539 dicit

2470 1545 2616 1590 tanto
2637 1538 2708 1591 ibi
2728 1540 2926 1611 impetu
2943 1552 3153 1614 tamque
3168 1543 3461 1600 vehementi
3477 1547 3678 1617 Tigrim
3694 1568 4011 1621 percurrere,

2470 1621 2526 1663 ut
2548 1610 2718 1679 lacus,
2748 1617 2950 1668 tametsi
2978 1616 3060 1669 ille
3077 1616 3237 1671 salsus
3263 1620 3590 1691 pisciumque
3611 1640 3822 1695 expers,
3849 1637 4015 1684 tamen

2465 1684 2756 1741 dulcis'hac
2778 1689 2832 1742 in
2861 1700 3006 1761 parte
3039 1690 3324 1763 plenusque
3347 1695 3575 1765 piscibus
3597 1696 3708 1751 fiat.

2536 1762 2799 1816 secundas
2825 1764 2924 1817 sibi
2945 1776 3116 1837 partoe
3144 1784 3176 1818 a
3212 1767 3516 1823 fluminibus
3533 1770 3732 1825 Indicis
3757 1774 4019 1833 vindicant

2461 1842 2755 1913 Euphrates
2780 1855 2832 1899 et
2855 1847 3044 1917 Tigris.
3119 1847 3290 1918 Major
3311 1851 3602 1922 Euphrates
3621 1855 3768 1927 Tigri
3783 1897 3800 1923 ,
3825 1858 4017 1917 fluente

2461 1942 2494 1977 a
2517 1926 2740 1998 Niphata
2764 1938 2944 1983 monte
2957 1970 2973 1995 ,
3001 1940 3364 2004 terrarumque
3385 1944 3582 1989 tractus
3602 1939 3880 2011 ampliores
3898 1962 4017 2017 per·

2460 2013 2652 2077 ctu-rit,
2681 2012 2984 2087 delatusque
3025 2016 3313 2071 Seleuciam
3333 2059 3365 2084 ,.
3390 2037 3510 2091 quae
3536 2021 3758 2081 hiberna
3783 2039 3905 2083 sunt
3937 2049 4014 2085 re-

2458 2111 2584 2163 gum
2625 2095 2842 2169 (aestiva
2881 2116 3111 2171 namque
3149 2099 3430 2155 Ecbatanis
3470 2120 3621 2173 agere
3649 2108 3720 2161 illi
3746 2108 4012 2185 dicuntur)

2456 2180 2714 2250 contingit
2736 2181 2955 2253 propius
2969 2180 3284 2255 Euphratem
3302 2224 3317 2249 ,
3347 2182 3574 2256 facitque
3611 2204 3734 2242 cum
3760 2209 3826 2245 eo
3857 2210 4012 2264 quam

2455 2260 2688 2317 diximus
2714 2267 3164 2337 Mesopotamiam.
3243 2271 3314 2322 At
3346 2286 3472 2321 vero
3501 2280 3620 2341 post
3641 2270 3786 2327 illum
3821 2276 4014 2348 Nipha-

2455 2354 2560 2399 tam
2591 2346 2738 2402 Abus
2769 2366 2948 2414 mons,
2979 2368 3044 2404 ex
3087 2368 3198 2422 quo
3224 2360 3338 2404 tum
3377 2350 3672 2423 Euphrates
3713 2355 3863 2421 fluit,
3902 2369 4012 2415 tum

2453 2432 2651 2485 Araxes
2677 2432 2744 2487 de
2763 2452 2872 2505 quo
2893 2453 3053 2508 supra
3075 2433 3277 2489 dictum
3304 2446 3400 2491 est.
3477 2437 3520 2490 F
3522 2436 3666 2490 luere
3683 2449 3857 2493 autem
3877 2441 4014 2499 idem

2451 2516 2793 2590 Geographus
2818 2518 2884 2591 (l.
2917 2518 2988 2592 l.)
3017 2521 3091 2573 ait
3117 2520 3438 2592 Euphratem
3469 2540 3565 2594 per
3587 2520 3816 2577 mediam
3845 2526 4010 2599 Baby·

2449 2598 2658 2668 lonem,
2699 2603 2754 2657 iu
2783 2619 2888 2673 qua
2926 2601 3250 2657 admirabilis
3293 2604 3478 2658 hortus
3505 2605 3750 2676 pensilis,
3797 2606 3868 2661 de
3904 2628 4010 2681 quo

2450 2694 2648 2753 postea.
2725 2686 2810 2740 Ad
2831 2686 2944 2739 baec
2961 2685 3262 2741 Herodotus
3284 2686 3304 2760 (
3323 2704 3342 2740 ι
3355 2726 3372 2754 ,
3405 2686 3525 2760 180)
3549 2698 3773 2743 testatur
3789 2690 4010 2747 mediam

2449 2764 2631 2819 dirimi
2704 2767 3027 2839 Babylonem
3113 2768 3410 2840 Euphrate,
3481 2770 3573 2841 qui
3637 2789 3704 2824 ex
3751 2775 4010 2829 Armeniis

2449 2847 2608 2915 fluat,
2639 2867 2860 2920 magnus
2897 2850 3006 2922 jam
3044 2869 3106 2904 ac
3131 2850 3428 2923 profundus
3467 2862 3520 2906 et
3563 2853 3721 2918 celer,
3763 2866 4010 2928 exeatque

2447 2932 2502 2984 in
2557 2950 2703 2987 mare
2748 2934 3101 3005 Erythraeum.
3175 2933 3431 3006 Idemque
3482 2936 3642 2990 etiam
3689 2939 4011 3010 Euphratem

2447 3016 2672 3071 navibus
2699 3017 2980 3071 transmitti
3027 3028 3434 3083 commemorat,
3461 3020 3856 3093 terminumque
3890 3042 4006 3077 eum

2447 3116 2559 3152 esse
2589 3100 2782 3154 Ciliciae
2821 3110 2874 3153 et
2914 3102 3174 3154 Anneniae
3196 3100 3439 3156 affirmat.
3514 3102 3836 3175 Babylonem
3863 3124 4002 3172 vero,

2448 3200 2608 3254 quam
2635 3182 2896 3249 diximus,
2924 3200 3164 3254 magnam
3191 3184 3405 3253 quidem
3430 3186 3557 3241 olim
3573 3184 3733 3240 fuisse
3759 3202 4001 3256 narrant,

2445 3260 2540 3314 sed
2573 3260 2834 3315 desertam
2869 3271 3048 3333 postea
3095 3279 3158 3314 ac
3201 3260 3506 3318 desolatam.
3577 3265 3808 3319 Narrant
3850 3270 4002 3323 etiam

2443 3340 2645 3394 Ninum
2660 3340 2844 3394 urbem
2857 3339 3000 3411 apud
3009 3340 3231 3411 Tigrim,
3252 3340 3418 3395 multo
3443 3340 3698 3413 majorem
3718 3345 4006 3417 Babylone,

2445 3418 2614 3490 ipsam
2641 3437 2853 3491 quoque
2878 3419 3100 3473 deletam
3117 3459 3130 3481 ,
3159 3422 3351 3474 eversis
3377 3420 3539 3476 rebus
3563 3424 3848 3478 Persarum
3875 3445 3888 3480 :
3911 3444 4000 3480 eu—

2437 3495 2527 3568 jus
2558 3499 2772 3570 quidem
2794 3499 3168 3569 magnitudinis
3194 3512 3562 3571 argumentum
3589 3506 3876 3575 operositas
3894 3508 3999 3578 ipsa

2443 3576 2819 3633 aedificationis.
2896 3580 3084 3633 Fertur
3099 3578 3240 3633 enim
3257 3578 3537 3635 aedificasse
3556 3600 3672 3637 eam
3693 3584 3888 3652 Ninus,
3910 3604 3996 3640 rex

2443 3660 2778 3731 Assyriorum
2799 3699 2814 3726 ,
2844 3670 3056 3714 centum
3087 3668 3140 3713 et
3167 3658 3513 3733 quadraginta
3539 3660 3818 3719 hominum
3847 3666 3996 3719 milli-

2443 3736 2544 3793 bus
2571 3758 2784 3813 operam
2829 3738 3036 3794 assidue
3059 3756 3206 3793 suam
3235 3758 3400 3795 annos
3435 3751 3557 3795 octo
3581 3743 3638 3796 in
3661 3762 3781 3798 eam
3813 3746 3992 3800 urbem

2441 3819 2800 3875 aedificandarn
2841 3819 3280 3893 impendentibus.
3353 3822 3621 3894 Sapientes
3671 3842 3799 3880 vero
3830 3826 3996 3899 Baby·

2440 3898 2598 3966 lonii,
2623 3900 2691 3955 ab
2710 3901 2895 3972 iisque,
2935 3910 2994 3953 ut
3033 3899 3333 3955 Herodotus
3361 3904 3447 3970 (α,
3496 3903 3638 3975 109)
3679 3905 3786 3972 ait,
3827 3906 3988 3961 Graeci

2438 3980 2622 4052 polum
2644 3990 2698 4034 et
2740 3998 3004 4051 gnomona
3030 3991 3083 4034 et
3116 3979 3396 4035 duodecim
3445 3981 3550 4035 diei
3579 3992 3756 4054 partes
3795 3982 3986 4038 didice-

2441 4070 2585 4114 runt.

2512 4166 2636 4220 992·
2665 4150 2814 4203 Nova
2838 4148 2924 4202 illa
2951 4148 3116 4219 figura
3141 4165 3155 4201 :
3189 4147 3320 4216 Ὅση
3341 4148 3394 4201 δὲ
3423 4147 3674 4220 Εὐφράτου
3697 4150 3784 4203 καὶ
3805 4151 3994 4221 Τίγριος

2437 4237 2572 4300 ἐντὸς
2588 4278 2604 4305 ,
2649 4238 2827 4305 ταύτην
2875 4239 3024 4310 μέσην
3065 4236 3184 4309 φασὶ
3225 4242 3483 4307 ποταμῶν.
3571 4238 3992 4292 Consentaneum

2434 4342 2666 4397 namque
2691 4335 2802 4378 erat
2830 4325 2903 4378 ita
2928 4320 3102 4378 dicere
3126 4324 3251 4391 ιδση
3280 4324 3332 4378 δέ
3359 4322 3490 4378 ἔστιν
3517 4322 3776 4397 Εὐφράτου
3801 4324 3886 4377 καὶ
3909 4324 3992 4376 Τί-

2433 4432 2569 4483 γριος
2595 4411 2729 4475 ἔντος
2746 4410 2916 4479 ,αὕτη
2942 4411 3139 4483 λέγεται
3175 4411 3296 4483 μέση
3337 4415 3592 4481 ποταμῦν.
3663 4413 3868 4465 Verum
3895 4410 3994 4467 ob·

2421 4668 2610 4741 Γεωγρ.
2652 4666 2708 4723 d.
2744 4668 2766 4737 ΙΙ
2797 4696 2870 4707 -
2891 4670 2982 4730 24.
3021 4665 3050 4719 ὁ
3075 4663 3200 4719 add.
3231 4664 3378 4721 cml.
3414 4666 3437 4735 ΙΙ
3463 4693 3538 4705 -
3579 4668 3670 4720 26.
3702 4664 3799 4735 ρέει
3821 4664 3884 4716 δι’
3913 4661 3988 4735 Ἀρ

2421 4746 2491 4811 d‚·
2527 4744 2774 4818 Ἀρμενίου
2813 4744 2968 4815 vulgo
3005 4754 3125 4798 ante
3175 4744 3361 4799 Bernh.
3419 4744 3444 4815 ss
3487 4772 3561 4785 --
3587 4758 3678 4813 29.
3715 4740 3850 4795 εἶναι
3875 4760 3982 4799 om.

2422 4828 2577 4895 DLy.
2613 4827 2635 4896 n
2653 4854 2724 4866 —-
2743 4824 2829 4877 31.
2853 4823 2973 4895 φησι
2990 4828 3059 4887 0,·
3079 4820 3199 4893 τὴν]
3222 4822 3307 4877 τὸν
3325 4822 3510 4887 codd„
3535 4839 3652 4877 exc.
3671 4820 3981 4892 can—32.

2420 4905 2506 4959 τὸν
2525 4906 2694 4977 Τίγριν
2711 4903 2767 4959 d.
2795 4905 2816 4973 ss
2840 4932 2914 4945 -
2941 4904 3028 4959 33.
3050 4903 3386 4958 κατελθόντων
3418 4907 3544 4974 DLy
3564 4914 3617 4956 et
3647 4920 3760 4959 var.
3787 4903 3902 4958 leet.
3926 4902 3986 4956 in

752 4992 846 5041 την
864 4994 922 5033 τι.
963 4972 1156 5030 Ὦνῗτιν
1182 4982 1249 5035 F.
1278 4979 1300 5049 ΙΙ
1329 5000 1471 5050 -9,
1492 4980 1683 5052 ῥήττειν
1707 4985 2012 5055 HKMrdy,
2043 4985 2239 5057 ῥήστειν
2268 4992 2322 5051 C,
2423 4990 2488 5042 Y.
2523 4988 2625 5057 ΙΙ-
2645 4985 2731 5040 35.
2761 4984 2888 5056 γὰρ]
2912 4982 3035 5054 δέἃῖ
3068 4982 3223 5054 34⁶⁰?-
3247 4986 3360 5039 DL·
3391 4984 3500 5053 ΙΙ·-
3525 4982 3595 5051 37
3630 4982 3680 5036 Οἷ
3699 4980 3843 5053 00φοῖ
3857 4980 3976 5036 3⁶¹⁶·

748 5052 946 5125 ρυπτειν
978 5060 1101 5120 FL,·
1131 5056 1219 5129 δὲ]
1246 5077 1301 5112 τε
1328 5060 1485 5115 ch.
1535 5062 1556 5131 ΙΙ
1583 5092 1659 5104 -
1686 5063 1771 5117 13.
1795 5062 1849 5118 ἐκ
1870 5064 2048 5119 τούτου
2072 5069 2145 5120 Η.
2200 5066 2221 5137 ΙΙ
2254 5096 2329 5108 —-
2421 5068 2471 5121 (ι’.
2510 5066 2532 5137 ΙΙ
2559 5063 2812 5125 -38.ὧς
2833 5081 2940 5116 om·
2968 5080 3023 5126 ‘Y5
3049 5060 3195 5115 αὗτδν
3221 5066 3299 5117 K·
3329 5064 3350 5133 ΙΙ
3376 5066 3558 5127 -ίιῑο
3579 5062 3785 5128 ὅσΟῑΗὶ
3806 5059 3858 5113 δὲ
3875 5058 3976 5112 ἔπῑ

753 5136 841 5197 14.
871 5131 1231 5207 Ἶνδοιιςοιγ.
1258 5138 1379 5209 11-
1413 5144 1500 5196 16.
1528 5139 1745 5213 Νιφάτον
1767 5142 1824 5209 d,
1860 5142 2089 5217 Νιφάτως
2110 5150 2165 5201 c,
2196 5148 2219 5216 η
2250 5176 2327 5187 -
2414 5143 2570 5216 Εὗφρ.
2606 5149 2659 5198 c.
2697 5146 2719 5215 u
2750 5173 2825 5185 —
2846 5146 2936 5206 [ια.
2964 5142 3205 5215 Τίγρητος
3231 5145 3311 5207 Κε
3342 5142 3521 5209 ταύτην
3561 5140 3977 5213 μέσην-··Τῑτρῑος

746 5228 837 5268 21.
870 5212 1013 5277 Ἄδας
1035 5218 1100 5271 Κ
1100 5216 1202 5282 Ml,
1232 5216 1383 5289 ’Ἀμος
1409 5218 1522 5284 Hal,
1550 5219 1749 5293 Ἄθορος
1774 5228 1827 5288 C,
1856 5222 1994 5288 Ἄπιος
2016 5235 2164 5293 cett.;
2193 5224 2244 5289 ἐξ
2265 5222 2324 5279 οὐ
2415 5222 2552 5288 ἐντός
2573 5244 2682 5282 om.
2707 5229 2774 5288 C,·
2797 5224 2977 5292 ταύτην
2997 5224 3146 5295 μέσην
3166 5222 3221 5276 in
3239 5222 3424 5276 lacuna
3439 5240 3547 5275 0111-
3569 5225 3663 5286 K5
3683 5220 3805 5293 φασὶ
3825 5220 3970 5291 μέσην

752 5290 832 5345 καὶ
857 5291 886 5347 ὃ
916 5296 968 5350 C.
1002 5294 1025 5366 ΙΙ
1050 5326 1124 5337 —
1148 5312 1241 5354 22.
1274 5295 1499 5372 Ἇρράξης
1522 5299 1599 5366 εἰς
1640 5300 1699 5374 ὃ]
1729 5302 1811 5356 καὶ
1827 5321 1900 5376 5,-
1934 5302 2082 5377 φησὶν
2110 5303 2257 5359 αὐτὸν
2291 5304 2321 5359 ὃ
2411 5304 2485 5370 d,·
2515 5300 2578 5374 ἦν
2606 5304 2897 5379 γὰρ...μέση
2925 5308 3159 5376 ποταμῶν
3183 5320 3295 5358 om.
3321 5308 3382 5360 L.
3411 5303 3434 5375 ΙΙ
3462 5331 3536 5344 ·-
3565 5304 3660 5368 44·
3702 5298 3840 5363 ἕντῦς
3861 5315 3964 5353 ⁰¹¹²·
