4584 6284
1748 532 2103 597 ANAPLUS
2143 528 2472 593 BOSPORI
2514 528 2858 592 THRACH.
3837 544 3914 598 5⁹

689 674 844 731 nl.
892 677 971 729 De
1005 685 1173 747 portu
1218 671 1559 747 Ephesiorum
1606 681 1655 725 ee
1698 668 1761 723 de
1790 664 2145 742 Apamia-sio,-
2195 664 2259 719 cle
2351 678 2502 716 more
2549 662 2722 729 muri,
2775 678 2842 715 ex
2893 678 2955 715 ea
3003 662 3290 732 prasertim
3341 673 3521 735 parte,
3551 682 3670 737 quie
3707 666 3916 737 attingit

794 772 955 837 portu
986 761 1261 833 Lyciorum
1279 772 1331 815 ee
1351 760 1415 815 ele
1444 759 1831 832 Myrleanomm
1861 754 2149 811 domicilio.

1348 929 1451 989 Fr.
1499 937 1600 988 50.

764 1099 895 1151 Post
937 1094 1279 1169 Ephesiorum
1324 1104 1545 1167 portum
1565 1134 1582 1157 ,
1623 1092 1797 1165 inquit
1824 1090 2109 1162 Dionysius
2125 1130 2141 1155 ‚
2178 1100 2257 1145 ese

695 1183 1105 1259 Aphrodisium,
1121 1182 1472 1255 formidabili
1499 1193 1692 1237 tectum
1724 1178 2045 1256 pmipieio.
2124 1182 2258 1234 Post

689 1272 831 1327 laune
866 1284 945 1327 est
978 1285 1170 1345 portus
1194 1272 1502 1344 &vioe-um,-
1540 1269 1588 1325 is
1622 1272 1989 1325 subarenosum
2010 1267 2168 1323 litem
2204 1280 2257 1321 ee

696 1362 876 1418 sterile
897 1362 1079 1429 habet,
1110 1362 1164 1417 in
1184 1379 1359 1437 paruo
1383 1358 1593 1414 multitu
1615 1357 1768 1413 valde
1808 1356 1969 1411 bonus
1990 1367 2043 1411 et
2060 1354 2255 1430 firmus

698 1458 941 1521 tectusque
986 1460 1085 1505 est.
1158 1453 1330 1521 Super
1362 1446 1457 1501 hoc
1502 1456 1581 1501 est
1619 1444 1892 1517 Hyrloeum
1926 1442 2251 1499 domicilium

690 1552 897 1599 eorum,
927 1532 1021 1607 qui
1054 1534 1119 1589 ob
1145 1532 1451 1589 seditionem
1486 1550 1523 1587 a
1547 1530 1769 1603 Hyrloea
1792 1528 1847 1585 in
1876 1528 2097 1585 exilium
2128 1548 2254 1605 pro-

688 1621 825 1695 jecti
842 1621 941 1676 lucc
964 1621 1131 1677 solum
1161 1632 1441 1679 verterunt.

768 1710 903 1763 Cum
928 1726 995 1762 ex
1022 1709 1257 1781 Dionysii
1303 1706 1653 1781 descriptione
1670 1746 1685 1771 ‚
1717 1718 1831 1761 tum
1858 1724 1923 1761 ex
1956 1704 2041 1759 bis
2086 1706 2257 1759 nomi-

694 1794 856 1849 nibus
899 1795 955 1849 in
1002 1794 1143 1849 hunc
1186 1793 1327 1849 diem
1370 1794 1586 1849 retentis
1628 1794 1869 1867 perspexi
1902 1790 2255 1866 Ephesiorum

694 1892 905 1955 portum
924 1898 1034 1935 esse
1057 1880 1137 1935 vel
1154 1898 1276 1935 eum
1296 1920 1311 1947 ,
1338 1898 1497 1953 quem
1522 1880 1695 1935 Graeci
1716 1880 1829 1953 jam
1852 1878 2113 1954 appellant
2146 1897 2255 1933 ma·

688 1986 849 2039 gnam
863 1965 1171 2041 Apbosiatin
1190 1966 1365 2037 (hodie
1384 1965 1840 2039 Rafiah-Limnai),
1858 1965 1939 2021 vel
1952 1984 2073 2021 eum
2095 1984 2252 2039 quem

692 2074 911 2130 parvum
935 2058 1213 2111 nominant
1234 2056 1565 2129 Aphosiatin,
1599 2054 1679 2109 vel
1702 2066 1987 2129 utrumque
2029 2066 2253 2125 angusto

690 2144 1055 2217 promontorio
1094 2137 1344 2197 divisum.
1419 2144 1591 2199 Graeci
1636 2160 1803 2216 usque
1828 2142 1899 2198 ad
1938 2142 2079 2198 bane
2112 2142 2255 2199 diem

692 2228 965 2298 Myr-elium
999 2230 1261 2303 appellant
1286 2231 1461 2285 sinum
1488 2229 1705 2302 quidem
1726 2248 1951 2303 parvum
1968 2270 1985 2296 ,
2011 2228 2105 2283 sed
2131 2248 2255 2304 por-

692 2326 901 2371 tunsum
931 2333 993 2370 ee
1018 2316 1253 2389 primum
1290 2317 1453 2369 totius
1479 2316 1727 2390 Europaei
1754 2316 1944 2371 littoris
1974 2317 2249 2389 Bosporici

694 2404 1009 2458 intrantibus
1062 2405 1257 2459 ostium
1309 2405 1486 2459 Ponti.
1561 2406 1687 2473 Quo
1734 2404 1971 2474 cognito,
2026 2404 2255 2477 intelligo

692 2502 907 2565 portum
934 2491 1281 2564 Ephesiorum
1304 2490 1463 2545 ulium
1484 2508 1597 2545 esse
1618 2508 1727 2545 non
1750 2508 1902 2564 posse
1920 2508 2077 2563 quam
2096 2509 2219 2547 eum
2236 2532 2251 2559 ‚

693 2596 853 2651 quem
871 2576 1029 2650 vulgo
1056 2586 1365 2650 nuncupant
1386 2577 1719 2650 Aphosiatin.
1791 2578 1927 2632 Nam
1953 2595 1985 2634 a
2006 2595 2257 2651 promon-

695 2667 864 2733 torio,
886 2664 1032 2738 quod
1068 2684 1101 2721 a
1140 2664 1589 2739 septentrionibus
1634 2662 1833 2719 claudit
1864 2664 2048 2719 vallem
2093 2666 2259 2740 Chry·

692 2752 945 2821 son-thom,
976 2771 1145 2827 usque
1188 2751 1255 2807 ad
1302 2761 1515 2826 portum
1548 2751 1849 2825 Myrileium
1894 2751 2025 2805 nulli
2072 2762 2259 2825 portus

691 2851 814 2896 sunt
858 2840 958 2895 nisi
1003 2840 1303 2913 Apbosiatis
1344 2856 1565 2911 magnus
1592 2850 1645 2893 et
1689 2856 1902 2912 parvus.
1978 2839 2047 2893 Hi
2086 2840 2260 2914 cujus·

692 2927 838 2983 modi
900 2928 1035 2993 sint,
1080 2926 1194 3001 jam
1244 2925 1613 2999 designaturus
1658 2944 1798 2981 sum.
1874 2928 2048 2981 Littus
2093 2926 2260 2984 ferme

692 3028 891 3071 rectum
918 3016 1227 3089 procedens,
1241 3014 1387 3089 quod
1416 3014 1695 3069 intercedit
1726 3016 1861 3069 inter
1884 3014 2067 3070 vallem
2090 3016 2259 3090 Chry-

688 3104 921 3159 sorrboae
942 3113 995 3158 et
1012 3104 1439 3176 promontorium
1462 3102 1705 3157 dividens
1726 3121 1973 3175 magnum
2000 3104 2258 3177 Aphosia-

696 3193 775 3247 tin
819 3211 852 3248 a
891 3210 1056 3266 parvo
1108 3192 1393 3265 Apbosiate
1409 3236 1425 3259 ,
1470 3190 1693 3265 pedibus
1732 3192 1881 3248 obire
1922 3212 2031 3247 non
2072 3195 2253 3267 potui,

698 3288 911 3352 propter
935 3296 1079 3333 mare
1118 3280 1426 3351 contingens
1452 3279 1590 3334 imos
1624 3280 1889 3333 montium
1915 3278 2075 3333 clivos
2108 3279 2257 3335 valde

698 3382 927 3436 pronos3
961 3364 1053 3418 sed
1078 3376 1337 3437 quatenus
1369 3366 1535 3421 oculis
1580 3367 1915 3439 assequebar,
1942 3377 2063 3421 octo
2090 3368 2257 3423 stadia

698 3468 943 3524 superare
986 3470 1093 3507 non
1136 3452 1429 3509 videbatur.
1502 3454 1935 3509 Promontorium
1950 3494 1965 3521 ,
2022 3454 2167 3528 quod
2226 3474 2257 3511 a

702 3554 892 3609 magno
925 3537 1116 3593 dividit
1154 3558 1373 3612 parvum
1422 3539 1761 3612 Apbosiatjn,
1808 3542 1947 3596 inter
1988 3552 2256 3616 utrunque

700 3634 912 3699 portum
934 3636 1079 3699 patet
1102 3628 1157 3681 in
1182 3626 1509 3682 latitudinem
1536 3646 1787 3701 passuum
1818 3630 2029 3685 circiter
2052 3627 2253 3686 ducen-

701 3722 900 3769 torum.
970 3714 1167 3769 Totum
1224 3732 1437 3771 saxeum
1485 3716 1663 3771 existit
1711 3718 1932 3791 rupibus
1982 3718 2255 3791 paululum

702 3798 923 3854 einuosis
946 3800 1180 3855 eminens
1210 3801 1265 3855 in
1282 3820 1427 3856 mare
1442 3840 1459 3869 ,
1488 3799 1700 3858 directis
1725 3802 1793 3857 ad
1823 3802 2253 3877 perpendiculum

825 4026 933 4075 Mn
949 4026 1033 4076 &50
1059 4028 1287 4085 σκύλακες
1308 4028 1473 4087 πολιὴν
1497 4027 1757 4092 nipe-reum
1782 4030 2041 4093 θάλασσαν,

825 4094 917 4145 Μ’
937 4096 1067 4160 ἰχθὺς
1088 4096 1322 4161 ἱλαρός-τε
1344 4098 1487 4161 νομὸν
1511 4100 1741 4163 βοσιοῦσι
1764 4101 1844 4151 τὸν
1862 4100 2049 4163 αὐτόν.)

699 4182 1110 4252 ἅντικαταστῆοαι
1152 4185 1299 4241 πόλιν
1344 4185 1685 4259 ἐπιχειρήσας,
1727 4187 1809 4241 καὶ
1859 4189 2137 4261 διαμαρτὼν
2178 4194 2263 4259 τῆς

695 4261 911 4397 ἓπίέξ,
941 4265 1263 4328 συνοικίζεται
1298 4265 1598 4328 Βυζαντίοις.
1630 4266 1829 4322 Eadem
1852 4266 2087 4323 eodinus
2108 4285 2163 4340 p.
2202 4286 2257 4322 ιι

768 4384 780 4399 .
890 4360 984 4398 nu.

765 4424 857 4479 Fr.
886 4420 971 4479 50.
990 4441 1129 4479 —1.
1164 4425 1501 4496 Myr-lotum...
1546 4442 1581 4477 a
1621 4424 1880 4497 Myrlaea]
1926 4425 2013 4480 Sic
2062 4424 2263 4497 Gyllius

698 4498 752 4556 b.
780 4500 819 4556 l.
848 4500 916 4555 de
942 4519 1039 4557 suo
1065 4521 1207 4577 penu
1246 4504 1486 4578 scripsit3
1524 4501 1751 4559 debebat
1785 4502 1964 4559 saltem
1988 4505 2258 4577 Myr-lcum.

699 4598 735 4634 a
760 4580 977 4653 Myrlea.
1007 4584 1081 4638 At
1098 4582 1235 4638 infra
1264 4582 1378 4657 ipsa
1416 4583 1658 4655 Dionysii
1689 4582 1845 4637 verba
1866 4585 2085 4658 apponit
2112 4584 2259 4639 haec:

700 4656 773 4714 tx·
797 4658 927 4733 αὖτῷ
951 4660 1085 4737 [τῷ]
1122 4663 1287 4737 λιμένι
1316 4662 1509 4718 Λυκίων
1542 4661 1811 4735 Μυρῑλιιόν
1834 4662 1967 4729 ἔστι,
1990 4662 2069 4716 ad
2088 4663 2261 4737 ipsum

696 4750 907 4812 portum
922 4740 1193 4811 Lyciorum
1217 4740 1493 4814 Hyr-ileum
1519 4752 1617 4797 est.
1645 4744 1783 4797 Item
1801 4742 1857 4796 in
1882 4740 1949 4797 fr.
1982 4742 2043 4797 51
2076 4742 2263 4797 scribi·

703 4826 791 4871 tur
814 4834 829 4871 z
854 4821 985 4873 Post
1010 4820 1300 4892 Hyr-ileum,
1320 4838 1421 4876 nee
1438 4838 1547 4875 non
1566 4822 1621 4876 in
1645 4823 2028 4877 commentario
2050 4820 2119 4877 ad
2140 4840 2261 4877 uos·

700 4906 843 4952 trum
872 4896 1221 4971 fragmentum
1241 4900 1442 4973 Gyllius
1478 4900 1637 4956 modo
1655 4899 1931 4971 Myrileion
1950 4899 2113 4956 modo
2137 4905 2259 4973 My-

698 4975 909 5033 oeleium
945 4978 1177 5035 exhibet.
1207 4978 1477 5050 Quidnam
1499 4999 1599 5053 pro
1625 4998 1661 5035 a
1699 4980 1917 5053 Myrlea
1954 4982 2161 5054 Gyllius
2202 4984 2255 5037 in

694 5052 879 5109 codiee
904 5060 1158 5130 repererit
1198 5077 1307 5114 non
1348 5058 1529 5131 liquet.
1569 5060 1845 5131 Myrileion
1884 5062 1939 5114 in
1980 5062 2257 5131 Myrleium

695 5134 1066 5205 eon-igendum
1090 5156 1203 5193 esse
1228 5148 1434 5205 censet,
1464 5138 1597 5194 adeo
1633 5150 1691 5193 ut
1714 5138 1927 5211 Myrlea!
1969 5140 2257 5213 Bithynicae

694 5212 869 5266 exules
910 5213 979 5268 ad
1021 5219 1309 5289 Lyciorum
1351 5228 1567 5292 portum
1610 5218 1784 5274 sedem
1826 5219 1998 5275 fixisse
2033 5222 2252 5293 putandi

694 5292 816 5348 sint.
838 5294 971 5363 Quae
990 5297 1307 5352 ennendandi
1322 5300 1459 5354 ratio
1476 5301 1571 5354 etsi
1590 5300 1851 5356 lenissima
1878 5311 1975 5367 ast,
2006 5301 2149 5356 haud
2182 5314 2255 5357 ta-

700 5388 819 5426 men
848 5373 1121 5446 probanda
1150 5380 1281 5433 mihi
1308 5378 1533 5434 videtur.
1566 5379 1824 5435 Videlicet
1857 5380 2044 5435 Strabo
2065 5399 2119 5453 p.
2152 5384 2253 5453 3¹9

2351 766 2570 823 parvum
2596 748 2904 821 Aphoeiatin
2927 745 3126 801 directa
3143 787 3160 816 ,
3183 750 3400 820 praecis·
3421 752 3476 805 in
3501 752 3908 819 semicirculum,

2352 838 2406 891 in
2434 852 2630 891 conum
2659 834 2802 889 velut
2835 834 2998 888 turris
3029 834 3089 887 in
3127 843 3320 889 tectum
3351 834 3624 907 fastigiata.
3699 838 3784 895 Ab
3807 840 3914 896 hoe

2349 924 2714 997 promontorio
2759 922 2916 999 paulo
2961 920 3185 994 amplius
3235 922 3376 977 mille
3415 940 3597 997 passus
3641 942 3808 999 usque
3842 925 3911 982 ad

2348 1010 2774 1085 promontorium
2803 1008 2870 1065 ab
2897 1007 3140 1082 aquilone
3169 1006 3417 1063 claudens
3453 1026 3704 1081 magnum
3731 1010 3912 1086 Apho-

2349 1099 2503 1155 siatin
2516 1141 2532 1166 ,
2556 1097 2704 1155 littus
2727 1097 3026 1153 sabulosum
3045 1095 3284 1169 procedit
3305 1098 3361 1151 in
3383 1096 3608 1152 sormam
3625 1111 3912 1160 nautam.

2348 1188 2412 1241 In
2435 1187 2580 1241 bunc-
2618 1184 2865 1241 vallicula
2889 1186 2990 1240 etsi
3015 1182 3292 1249 desinunt,
3335 1202 3368 1237 a
3407 1182 3575 1237 ventis
3602 1193 3777 1239 tamen
3803 1204 3916 1243 non

2347 1273 2524 1329 minus
2553 1283 2730 1328 tutum
2753 1274 2926 1347 ipsum
2953 1280 3200 1344 pra-,stant
3227 1288 3388 1344 quam
3409 1268 3566 1325 colles
3593 1288 3606 1326 :
3639 1287 3747 1324 non
3773 1273 3916 1327 enim

2345 1360 2564 1417 dorsum
2593 1362 2788 1417 montis
2809 1370 3085 1435 penetrant
3100 1398 3118 1426 ,
3138 1369 3294 1431 atque
3315 1359 3474 1413 etiam
3497 1354 3916 1413 commodiorem

2347 1447 2658 1504 descensum
2695 1450 2750 1503 in
2793 1456 3007 1521 portum
3047 1444 3352 1519 praebebant
3406 1442 3538 1498 villis
3555 1484 3576 1515 ,
3608 1460 3740 1515 quas
3788 1443 3918 1499 olim

2349 1536 2507 1592 fuisse
2535 1538 2592 1592 in
2630 1536 2910 1611 supercilio
2949 1534 3160 1589 vallium
3208 1542 3424 1607 apparet
3461 1549 3526 1586 ex
3561 1528 3918 1587 fundamentis

2349 1622 2691 1679 aedificiorum
2708 1665 2725 1688 ,
2755 1622 2848 1678 ubi
2876 1621 3048 1676 fontes
3087 1638 3364 1693 perennes.
3439 1618 3876 1675 Promontorium
3894 1658 3914 1687 ,

2349 1729 2457 1785 quo
2481 1710 2592 1765 dixi
2615 1709 2787 1766 claudi
2815 1710 2959 1765 hunc
2985 1710 3160 1763 sinum
3178 1708 3246 1763 ab
3262 1706 3597 1781 aquilonibus
3613 1746 3630 1774 ,
3655 1705 3918 1761 excelsum

2347 1810 2428 1854 ast
2445 1840 2462 1866 ,
2481 1798 2718 1871 undique
2739 1814 2968 1873 praeeeps
2993 1807 3048 1851 et
3061 1806 3391 1869 proeruptum
3407 1834 3422 1861 ,
3441 1804 3492 1849 et
3519 1792 3664 1865 quod
3693 1791 3918 1865 pedibus

2340 1885 2494 1959 juxta
2537 1887 2682 1942 littus
2723 1886 2932 1941 circuiri
2979 1884 3186 1957 nequit,
3218 1893 3298 1937 ter
3343 1892 3493 1937 tanto
3533 1876 3820 1954 projectius
3858 1878 3918 1935 in

2347 1993 2491 2030 mare
2517 1992 2676 2048 quam
2721 1972 3142 2049 promontorium
3168 1967 3411 2024 dividens
3443 1984 3696 2039 magnum
3733 1965 3917 2041 Apho-

2347 2062 2500 2117 siatin
2524 2079 2556 2118 a
2574 2078 2740 2134 parvo
2772 2058 3066 2135 Aphosiati.
3140 2059 3287 2113 Inter
3301 2066 3516 2131 portum
3535 2053 3709 2125 magni
3733 2053 3918 2127 Apho-

2346 2148 2488 2203 siatis
2511 2157 2566 2203 et
2604 2146 2898 2219 Myrileium
2933 2146 3110 2199 sinum
3145 2140 3480 2198 intercedunt
3513 2139 3630 2214 plus
3675 2139 3918 2195 minusve

2347 2235 2493 2291 mille
2524 2246 2578 2291 et
2603 2233 2973 2309 quadringenti
2997 2250 3208 2307 passus,
3242 2240 3504 2305 quantum
3524 2228 3702 2283 metiri
3731 2230 3913 2302 potui,

2347 2320 2594 2379 incedens
2609 2322 2664 2379 iu
2683 2322 2845 2379 dorso
2865 2321 3058 2377 montis
3082 2339 3178 2395 per
3199 2319 3409 2375 semitas
3421 2327 3712 2391 pastorum,
3740 2313 3916 2371 densis

2346 2409 2578 2465 dumetis
2597 2410 2904 2483 implicatas.
2978 2410 3114 2463 Nam
3143 2406 3262 2462 clivi
3285 2403 3474 2461 excelsi
3495 2422 3525 2459 a
3549 2400 3830 2477 supercilio
3847 2400 3918 2458 ad

2347 2499 2494 2555 littus
2516 2498 2870 2573 praecipitibus
2896 2495 3118 2571 rupibus
3135 2494 3346 2568 abrupti
3365 2491 3668 2557 subsident,
3686 2500 3747 2545 ut
3773 2490 3918 2545 nulla

2349 2588 2434 2643 via
2468 2596 2661 2660 pateat.
2732 2590 2781 2642 A
2830 2584 3051 2641 meridie
3087 2582 3348 2639 clauditur
3383 2578 3756 2655 promontorio
3797 2588 3915 2634 toto

2354 2692 2511 2731 saxeo
2528 2714 2544 2740 ,
2575 2673 2721 2747 quod
2749 2674 2816 2729 al)
2841 2673 3089 2729 exteriori
3115 2682 3265 2745 perte
3291 2668 3450 2725 babet
3479 2684 3788 2723 eavernosas
3823 2684 3915 2721 ru-

2349 2781 2443 2837 pes
2467 2762 2568 2817 alte
2591 2772 2863 2830 sonantes,
2893 2778 3016 2815 eum
3053 2770 3182 2814 sunt
3213 2766 3578 2832 tempestates,
3616 2765 3677 2810 ut
3698 2765 3911 2829 praeter·

2351 2851 2650 2921 navigantes
2699 2848 2868 2920 ignari
2930 2856 3120 2921 putent
3175 2854 3562 2900 tormentorum
3607 2840 3914 2897 bellicorum

2352 2936 2586 2991 sonitum
2619 2952 2751 2989 esse.
2827 2933 2912 2990 Ab
2955 2932 3194 2987 interiori
3231 2941 3382 3005 parte
3421 2930 3599 2983 sinum
3628 2928 3916 2999 attingente

2349 3024 2582 3081 admittit
2607 3040 2855 3079 cavernas
2869 3062 2886 3090 ,
2929 3040 2960 3077 e
3004 3018 3199 3094 quibus
3223 3037 3332 3074 una
3366 3017 3524 3089 longa
3549 3026 3632 3072 est
3665 3015 3784 3089 plus
3829 3016 3915 3071 tri-

2348 3112 2493 3185 ginta
2521 3128 2734 3185 passus,
2792 3109 3043 3181 utrinque
3079 3107 3295 3181 precisa
3338 3104 3406 3162 ad
3443 3101 3880 3178 perpendiculum
3893 3143 3913 3169 ,

2347 3198 2498 3272 eujus
2515 3201 2618 3255 ima
2637 3198 2902 3273 depressio
2925 3194 3253 3253 tantumdem
3269 3204 3414 3268 patet
3435 3202 3692 3267 quantum
3711 3210 3918 3247 summa

2346 3285 2512 3343 labra.
2588 3287 2650 3339 In
2682 3284 2785 3340 boe
2823 3282 3191 3357 promontorio
3220 3282 3512 3336 etiamnum
3541 3288 3724 3333 extant
3766 3277 3920 3333 vesti·-

2346 3376 2430 3445 gia
2451 3370 2693 3446 quaedam
2722 3372 3066 3443 antiquorum
3092 3367 3434 3423 edificiorum
3450 3407 3466 3433 ‚
3487 3364 3722 3437 reliquias
3743 3362 3918 3419 domi-

2346 3460 2450 3515 cilii
2496 3458 2735 3532 Myrelei.
2805 3460 2870 3512 In
2907 3456 3234 3529 Dionysiano
3273 3452 3456 3509 codiee
3479 3450 3760 3524 legendum
3785 3462 3920 3525 puto

2343 3546 2520 3619 potius
2555 3543 2833 3615 Myrleium
2865 3559 3024 3616 quam
3067 3541 3371 3612 Myr-cloiam
3413 3560 3434 3594 :
3483 3556 3744 3611 nusquam
3774 3539 3918 3592 enim

2345 3632 2550 3706 reperio
2575 3630 2876 3703 Myoeleiam
2891 3670 2908 3696 ,
2934 3626 3030 3683 sed
3047 3625 3324 3701 Myrleiam
3343 3638 3384 3694 ¹,
3411 3624 3598 3680 urbem
3619 3622 3882 3697 Bithynia
3897 3664 3914 3693 ,

2347 3730 2525 3793 postea
2547 3717 2854 3792 appellatam
2882 3720 3188 3791 Apameam.
3262 3712 3564 3789 Myrleanus
3587 3712 3748 3783 igitur
3773 3712 3919 3767 sinus

2349 3806 2416 3861 ab
2443 3823 2630 3860 occasu
2659 3805 2956 3859 insinuatur
2997 3802 3053 3857 in
3083 3800 3264 3855 vallem
3281 3838 3297 3867 ,
3326 3816 3426 3874 per
3451 3816 3608 3871 quam
3647 3796 3921 3854 descendit

2347 4040 2468 4103 post
2501 4028 2818 4102 Phinopolin
2855 4034 3114 4080 memorat
3150 4023 3453 4078 Andriaoen
3489 4032 3550 4078 ut
3589 4020 3921 4095 Salmydesso

2348 4107 2488 4163 litori
2521 4106 2840 4180 proximam.
2864 4106 3016 4160 Hanc
3042 4121 3168 4158 vero
3189 4122 3221 4158 a
3241 4102 3527 4176 Lyciorum
3564 4111 3744 4175 portu,
3769 4099 3920 4175 cujus

2351 4188 2632 4259 Dionysius
2641 4186 2900 4250 meminit,
2921 4202 3028 4239 non
3047 4183 3310 4237 divensem
3327 4198 3441 4235 esse
3457 4197 3654 4235 nomen
3674 4188 3915 4238 testatur:

2351 4282 2474 4320 nam
2499 4263 2798 4321 Andriaeen
2841 4264 3084 4319 novimus
3107 4262 3164 4315 in
3197 4262 3357 4333 Lycia
3393 4270 3609 4333 portum
3646 4269 3701 4313 et
3739 4259 3922 4316 navale

2350 4347 2513 4419 Myra
2545 4362 2638 4399 seu
2676 4347 2952 4418 Myron-um
2987 4341 3150 4397 urbis.
3181 4342 3320 4395 Hinc
3363 4348 3550 4413 sponte
3573 4340 3807 4396 nascitur
3830 4358 3920 4397 su·

2351 4426 2516 4499 spicio
2532 4434 2624 4479 eut
2641 4442 2838 4479 nomen
2859 4427 2947 4492 τῆς
2969 4422 3214 4484 κατοικίας
3227 4462 3242 4487 ,
3264 4438 3384 4495 quae
3401 4437 3560 4493 supra
3585 4430 3802 4493 portum
3821 4420 3920 4476 sita

2351 4515 2482 4573 erat,
2511 4504 2842 4579 respondisse
2869 4502 3074 4559 nomini
3105 4501 3278 4569 urbis,
3319 4498 3469 4573 cujus
3507 4500 3564 4554 in
3609 4500 3772 4573 Lycia
3808 4503 3918 4558 An-

2351 4584 2528 4641 driace
2559 4596 2670 4640 erat
2695 4584 2875 4641 navale
2889 4624 2904 4651 ,
2926 4594 3017 4638 aut
3041 4592 3182 4637 certe
3199 4591 3383 4655 portus
3403 4580 3604 4635 accolas
3623 4579 3780 4634 fuisse
3800 4582 3919 4653 My-

2351 4685 2482 4722 raeos
2500 4668 2609 4720 sive
2635 4668 2920 4739 Myrenses.
2941 4666 3126 4736 Itaque
3151 4664 3208 4716 in
3235 4662 3492 4733 Dionysio
3511 4658 3610 4730 legi
3645 4657 3908 4715 debebat:

2351 4746 2426 4801 ἐπ’
2441 4745 2572 4819 αυτῷ
2589 4750 2661 4817 τῷ
2681 4745 2843 4818 λιμένι
2863 4744 3048 4799 Λυκίων
3069 4742 3300 4815 Μυραίων
3320 4738 3546 4795 κατοικὶα
3566 4736 3718 4802 ἐστὶν,
3740 4738 3920 4801 οἵτινες

2349 4826 2431 4879 διὰ
2459 4826 2630 4879 στάσιν
2659 4826 2831 4899 Μύρας
2853 4824 3137 4887 ἐκπεσόντες
3157 4822 3299 4894 δεῦρο
3330 4820 3715 4894 μετανέστησαν.
3740 4816 3783 4870 Ε
3809 4817 3918 4872 Μυ-

2348 4907 2498 4980 ραίων
2531 4904 2714 4960 scribe
2738 4904 3009 4978 Bynntini
3043 4902 3309 4957 linxerunt
3348 4898 3610 4972 Moplhtov
3643 4914 3740 4952 seu
3764 4896 3921 4969 Mops-

2346 4986 2521 5047 λαΐον,
2553 4984 2882 5040 notissimum
2921 4985 2982 5038 iis
3017 5000 3211 5037 nomen
3240 4980 3312 5035 ob
3338 4976 3919 5049 Constantinopolitana

2344 5064 2576 5139 Myr-elei
2593 5064 2905 5120 monasteria
2920 5073 2974 5118 et
2999 5061 3204 5136 palatia,
3229 5059 3297 5114 de
3323 5058 3518 5133 quibus
3536 5076 3588 5111 v.
3611 5056 3918 5127 Ducangius

2345 5146 2528 5201 Const.
2555 5142 2682 5199 Cbr.
2705 5144 2744 5202 l.
2773 5146 2826 5207 4,
2849 5160 2907 5215 p.
2935 5140 3033 5212 ¹⁵9
3052 5158 3130 5213 sq.
3156 5141 3439 5211 Lyciorum
3458 5146 3642 5210 portus
3660 5136 3790 5190 situs
3805 5141 3919 5187 erat

2344 5223 2414 5281 ad
2443 5222 2575 5279 hod.
2610 5218 3163 5296 Kory-helche-Kalessi.
3199 5218 3414 5273 Fluvios
3442 5217 3498 5270 in
3531 5226 3746 5290 portum
3785 5212 3916 5267 inci·

2346 5305 2478 5360 dens
2503 5313 2722 5359 vocetur
2755 5296 3354 5372 Bagl-scliewan-deresi.

2425 5400 2472 5437 1.
2493 5381 2798 5453 Myreleiam
2819 5379 2912 5435 sed
2937 5376 3245 5450 Myrleiam]
3273 5374 3607 5447 Legebaturz
3641 5371 3823 5435 Myrle.
3841 5386 3913 5422 em
