4584 6284
1764 552 2115 617 ANAPLUS
2162 554 2486 619 BosPotu
2526 558 2872 623 Tnssacn.

3835 583 3910 637 95

716 680 1007 737 Calchantis
1033 692 1187 739 vans.
1212 680 1317 738 Alii
1352 680 1501 735 aiunt
1527 698 1559 735 a
1585 680 1831 739 Chalcide
1870 683 2003 739 urbe
2034 684 2273 751 Euboeoe,
2365 685 2596 761 lamydes
2607 688 2982 745 OEalcedonias
2992 710 3150 765 quam
3166 696 3456 769 Byzantina.
3481 701 3568 755 Sic
3583 702 3726 759 enim
3745 703 3920 777 inquit

714 785 831 841 quoe
858 768 982 823 illuc
1012 768 1278 824 coloniam
1302 768 1543 823 misisset.
1620 768 1715 823 His
1740 768 1953 843 quidem
1994 772 2277 845 Dionysius
2363 776 2564 831 Varro:
2592 774 2794 845 Pagae-i
2817 776 3012 844 Samii,
3038 780 3268 853 Phry-gia
3289 794 3565 853 artagena,
3603 803 3758 858 grues
3795 789 3920 849 M,-

713 855 855 911 orbis
878 854 1175 931 descriptor
1204 860 1289 925 (v.
1315 856 1451 929 803)
1482 858 1775 913 consentire
1810 856 2036 928 videtur,
2064 860 2277 915 Chalce-
2363 859 2495 927 lica,
2523 860 2698 917 hoedus
2723 881 2790 917 ex
2811 864 3117 933 Ambracia,
3131 866 3367 942 pelamys
3399 870 3739 931 Chalcedona:
3751 918 3768 944 ,
3799 895 3920 936 mea..

710 940 898 998 donios
932 941 1203 1015 appellans
1238 934 1553 1004 Χαλκιδέας.
1594 944 1679 999 ille
1717 962 1843 1003 vero
1866 944 2077 1001 tradens
2105 964 2137 1001 a
2167 946 2273 1001 lilio
2360 968 2484 1003 rena
2517 950 2812 1017 Tartessia,
2838 951 2989 1006 aselli
3023 953 3339 1021 Perinuntit‘,
3377 968 3548 1013 ostrea
3591 963 3876 1021 Tarentina
3891 1007 3908 1031 ,

710 1029 1007 1085 Calchantis
1028 1030 1187 1095 vatis,
1224 1040 1400 1087 motus
1421 1029 1579 1087 fuisse
1610 1030 1818 1089 videtur
1850 1032 2117 1089 nobilitate
2154 1052 2271 1089 ora·

709 1118 991 1173 culorum⁹
1028 1118 1551 1175 Chalcedonicorum.
1580 1121 1833 1177 Arrianus
1855 1122 1879 1193 (
1886 1120 1903 1175 l
1916 1162 1931 1179 .
1960 1120 2033 1192 l.)
2062 1134 2267 1188 narrat,

711 1215 769 1260 ut
789 1205 921 1261 alter
944 1214 999 1261 et
1026 1205 1305 1261 vicesimus
1330 1204 1443 1261 dies
1464 1208 1703 1261 omnium
1740 1208 2001 1263 mensium
2038 1207 2271 1264 nefastus

713 1310 741 1345 a
771 1289 1282 1347 Chalcedonensibus
1308 1293 1573 1347 institutus
1592 1302 1669 1348 est
1692 1310 1759 1347 ex
1784 1310 1849 1349 eo
1883 1293 2026 1367 quod
2058 1293 2149 1350 illo
2184 1294 2271 1351 die

716 1396 833 1437 sum
860 1379 961 1435 alia
978 1377 1383 1453 haudquaquam
1402 1398 1649 1454 prospera
1669 1382 1805 1454 passi
1831 1382 1956 1445 sint,
1974 1393 2087 1437 tum
2105 1383 2269 1439 Phar-

712 1467 935 1523 ‘aabazns
960 1470 1115 1523 Persa
1150 1486 1331 1523 eorum
1366 1486 1557 1540 pueros
1586 1468 1837 1525 exciderit
1864 1479 1917 1525 et
1938 1472 2147 1543 penitus
2180 1490 2267 1527 ca-

716 1555 886 1611 strarit
904 1563 961 1609 et
998 1554 1196 1609 miserit
1232 1552 1299 1609 ad
1330 1554 1561 1609 Cat-ium.
1634 1554 1783 1610 Idem
1820 1557 1894 1611 ait
1926 1556 2173 1613 morbum
2208 1558 2263 1613 in

707 1640 1083 1696 Chalcedonios
1103 1642 1301 1696 sevisse
1326 1640 1503 1696 divina
1530 1642 1637 1710 ira,
1661 1640 1980 1717 eosdemque
2006 1660 2103 1699 sua
2138 1646 2261 1700 viri·

706 1727 773 1782 lia
802 1727 1103 1793 abscidisse,
1148 1728 1291 1801 quod
1329 1729 1576 1784 sacrificia
1603 1728 1844 1804 quodam
1892 1731 2257 1803 neglexissent.

704 1816 879 1871 Caecos
904 1814 1273 1871 Chalcedonios
1294 1816 1563 1871 oraculum
1586 1814 1719 1871 dixit
1738 1834 1801 1873 ea
1825 1816 1893 1873 de
1919 1835 2093 1885 causa,
2115 1818 2262 1891 quod

704 1905 1025 1975 Megarenses
1048 1904 1153 1959 buc
1182 1905 1413 1977 primum
1437 1904 1737 1977 navigantes
1760 1904 1951 1977 eligere
1976 1910 2261 1963 nescissent

700 1993 1066 2065 Bynntiorum
1102 1991 1273 2048 solum
1314 1992 1551 2049 uberius.
1630 1992 1933 2050 Herodotus
1971 1998 2069 2069 (4,
2119 1996 2257 2073 144)

698 2078 931 2145 similiter
950 2079 1133 2134 scribit
1167 2079 1529 2153 Megabyzum,
1554 2098 1677 2136 cum
1696 2080 2032 2139 intellexisset
2076 2082 2259 2141 decem

698 2176 749 2219 et
774 2178 973 2240 septem
1010 2178 1135 2223 ante
1168 2170 1320 2223 annis
1358 2166 1737 2225 Chalcedonios
1780 2187 1941 2244 quam
1982 2172 2259 2244 Byzantios

698 2252 881 2308 urbem
917 2253 1304 2310 chalcedonem
1322 2253 1645 2323 condidisse,
1673 2274 1835 2311 caecos
1862 2254 2087 2325 dixisse,
2110 2258 2257 2331 quod

698 2352 947 2415 prasente
970 2343 1185 2398 meliore
1202 2342 1319 2399 loco
1335 2343 1605 2417 elegissent
1622 2344 1874 2418 pejorem.
1896 2346 2253 2414 Chalcedonii,

700 2430 871 2500 inquit
911 2428 1290 2502 Theopompus
1346 2430 1447 2503 (fr.
1500 2432 1566 2485 5⁵
1606 2449 1670 2486 ex
1706 2432 1959 2487 Athenaeo
2002 2451 2057 2506 p.
2098 2434 2253 2505 526),

697 2514 1002 2587 priusquam
1026 2516 1399 2588 rempublicam
1424 2517 1847 2590 participassent,
1872 2522 2259 2577 communicas-

696 2608 915 2673 sentque
958 2618 1079 2655 cum
1128 2600 1369 2674 populari
1412 2601 1791 2673 gubernatione
1846 2606 2252 2677 Byzantiorum,

697 2705 881 2743 omnes
922 2688 1135 2761 quidem
1171 2690 1225 2742 in
1262 2688 1451 2744 officiis
1488 2691 1841 2762 institutisque
1878 2703 2019 2747 recte
2047 2693 2257 2749 vivendi

694 2788 873 2843 erant,
928 2788 1053 2849 post
1100 2796 1225 2830 vero
1270 2796 1425 2849 quam
1470 2776 1845 2833 democratiam
1886 2781 2256 2853 Byzantiorum

688 2874 1055 2934 gustaverunt,
1090 2865 1245 2918 vitam
1284 2863 1642 2935 quotidianam
1673 2865 1900 2921 maxime
1928 2865 2177 2939 frugalem
2204 2882 2257 2926 et

691 2956 1029 3022 temperatam
1074 2949 1203 3003 luxu
1242 2949 1543 3022 deliciisque
1570 2963 1921 3023 corruperunt
1960 2972 2025 3009 ac
2063 2953 2252 3029 depra-

688 3048 906 3103 varunt,
954 3036 1215 3110 simulque
1272 3047 1549 3091 evaserunt
1592 3040 1886 3110 sumptuosi
1928 3040 2255 3115 potandique

685 3136 933 3181 amantes.
1008 3128 1168 3181 Viros
1201 3127 1507 3182 excellentes
1545 3130 1841 3199 procreavit
1865 3130 2249 3201 Chalcedonia,

684 3232 715 3285 e
749 3214 941 3286 quibus
968 3214 1393 3286 Thrasymachus
1430 3214 1689 3287 sophista,
1720 3218 1813 3287 qui
1849 3218 2053 3289 primus
2078 3222 2253 3292 perio·

692 3297 816 3353 dum
850 3310 902 3353 et
926 3298 1099 3354 colum
1140 3298 1549 3365 demonstravit,
1594 3300 1885 3373 discipulus
1928 3304 2157 3358 Platonis
2200 3316 2247 3373 et

700 3383 937 3441 'socratis-
1013 3390 1260 3442 Recentoe
1280 3388 1542 3452 historici,
1578 3391 1670 3460 qui
1694 3398 1814 3443 ante
1836 3388 2247 3463 quadringentos

696 3490 853 3529 -tnnos
896 3474 1248 3545 scripserunt,
1296 3472 1511 3529 tradunt
1536 3492 1631 3530 sua
1670 3486 1821 3531 aetate
1864 3477 2246 3532 Chalcedonius

692 3577 795 3619 :tou
824 3558 950 3616 dare
990 3579 1199 3635 operam
1243 3563 1431 3627 literis,
1472 3562 1567 3617 sed
1609 3564 1937 3619 thunnorum
1966 3566 2241 3637 piscationi

690 3650 893 3721 artique
932 3658 1229 3705 ceterorum
1274 3652 1495 3724 piscium
1535 3652 1733 3707 retibus
1770 3664 1825 3707 et
1866 3652 2017 3708 lineis
2038 3654 2247 3727 capien-

688 3734 879 3790 dorum
897 3775 913 3801 ,
935 3736 1235 3809 victumque
1263 3736 1503 3791 manibus
1530 3756 1762 3810 quaerere
1780 3779 1793 3805 ,
1824 3756 2119 3813 parumque
2156 3752 2247 3795 aut

688 3820 819 3875 nihil
838 3840 1023 3877 curare
1036 3822 1208 3877 literas
1238 3843 1253 3880 ε
1276 3834 1330 3878 at
1346 3840 1489 3877 nunc
1508 3841 1574 3878 ne
1595 3826 1783 3896 piscari
1812 3824 2029 3897 quidem
2050 3828 2243 3895 sciunt,

684 3924 747 3960 ac
762 3908 939 3979 potius
956 3926 1107 3977 agros
1133 3907 1386 3963 duntaxat
1410 3908 1609 3973 colunt,
1636 3910 1873 3983 piscandi
1898 3910 2033 3967 adeo
2058 3913 2245 3983 ignari,

688 4005 747 4049 ut
784 3994 1017 4052 thunnos
1050 4007 1103 4050 et
1124 3996 1419 4069 pelamydes
1444 4015 1509 4052 ex
1532 3997 1652 4054 foro
1673 3999 2045 4071 Byzantiorum
2074 4019 2249 4056 emere

685 4082 913 4139 habeant
948 4102 1157 4139 necesse
1172 4124 1187 4149 ,
1217 4102 1337 4139 eum
1356 4084 1480 4140 olim
1500 4096 1702 4141 constet
1722 4090 1951 4143 notiores
1985 4088 2141 4144 fuisse
2162 4107 2252 4163 pe·

680 4290 775 4347 aab
794 4298 881 4347 τοῦ
907 4292 1226 4363 Χαλκηδόνος
1250 4300 1491 4369 ποταμοῦ·
1522 4296 1591 4360 ὡς
1610 4296 1663 4353 δί
1690 4298 1877 4373 ἴτεροι,
1906 4297 2003 4353 ἀπὸ
2029 4302 2116 4353 τοῦ
2144 4318 2250 4355 παι-

680 4373 761 4437 δὸς
786 4372 1076 4447 Κάλχαντος
1102 4380 1190 4430 τοῦ
1214 4376 1461 4451 μάντεως,
1504 4376 1703 4451 ὕστερον
1730 4382 1817 4433 τοῦ
1854 4378 2074 4451 Τρωικοῦ
2100 4378 2246 4433 πολί-

682 4454 2251 4611 &tentatam&mzssl‘ssxztsskxsszz

687 4614 1011 4681 ἐπεκάλεσαν,
1046 4615 1421 4691 emt-›pamm‹
1447 4615 1507 4671 τὸ
1530 4616 1815 4681 Βυζάντιον.
1858 4616 2051 4671 Eadem
2090 4616 2250 4673 Codi-

684 4712 785 4749 nus
808 4711 861 4766 p.
896 4696 952 4753 8.
977 4694 1058 4753 Cf.
1085 4695 1297 4751 Simeon
1320 4694 1608 4768 Logotbeta
1629 4696 1686 4751 in
1716 4695 1915 4751 Chron.
1946 4714 2047 4751 ms.
2081 4697 2245 4752 Paris.

687 4772 781 4828 fol.
806 4790 875 4844 72
896 4788 912 4827 ἓ
938 4772 1219 4847 Καλχηδὼν
1250 4774 1283 4844 ἡ
1314 4774 1537 4839 Βιθυνίας
1557 4815 1573 4841 ,
1608 4776 1675 4840 ὣς
1697 4776 1784 4849 μέν
1807 4776 1932 4839 τινίς
1950 4796 2094 4849 φασιν
2111 4817 2128 4844 ,
2154 4776 2249 4833 {neb

694 4850 986 4923 Κάλχαντος
1008 4854 1218 4925 φυγάδος
1242 4856 1329 4923 τῆς
1372 4852 1610 4923 Ἀττικῆς,
1649 4855 1715 4919 ὣς
1746 4854 1903 4929 ἕτεροι
1926 4856 2005 4925 δὲ,
2043 4856 2139 4913 {mh
2162 4863 2249 4928 τῆς

684 4930 993 5003 Νικομήδους
1015 4930 1225 5007 ἀδελφῆς
1249 4933 1377 4989 οὕτω
1413 4934 1685 5009 λεγομένης
1708 4933 1903 5005 ἰκτίσθη
1943 4935 2132 5011 ὀλίγοις
2156 4938 2245 5011 lp.-

683 5011 893 5083 προσθεν
916 5016 1004 5066 τοῦ
1030 5012 1291 5077 Βυζαντίου
1320 5016 1537 5086 χρόνοις.
1569 5016 1811 5071 Ceterum
1836 5026 2041 5071 constat
2067 5018 2123 5071 in
2150 5036 2251 5072 nu-

683 5090 785 5143 mis
807 5100 861 5145 et
880 5090 1043 5145 titulis
1062 5103 1114 5147 et
1132 5093 1474 5165 scriptoribus
1486 5094 1869 5167 antiquioribus
1888 5095 2035 5150 urbis
2052 5114 2247 5153 nomen

683 5184 794 5222 ease
837 5167 1159 5239 Καλχηδόνα.
1205 5172 1354 5226 Hanc
1396 5171 1617 5227 formam
1640 5182 1837 5246 spectat
1879 5174 2193 5247 etymologia
2217 5194 2248 5230 a

686 5245 981 5303 Calchantis
1016 5249 1233 5305 nomine
1273 5249 1449 5306 ducta.
1480 5249 1565 5306 Ad
1603 5250 1820 5307 eandem
1850 5263 1910 5307 ut
1934 5254 2094 5309 altera
2136 5266 2247 5329 ety-

686 5325 911 5399 mologia
934 5346 967 5383 a
991 5328 1173 5385 'fluvio
1194 5332 1353 5402 petita
1376 5330 1817 5399 accommodetur,
1848 5333 2037 5387 fluvius
2065 5332 2251 5405 Καλχίς

689 5405 767 5460 vel
790 5404 1067 5479 Καλχηδών
1088 5407 1342 5465 dicendus
1355 5422 1485 5477 erat,
1507 5412 1642 5467 sicut
1658 5412 1848 5467 dixisse
1870 5413 2076 5469 videtur
2093 5414 2254 5469 Strat-

2353 1036 2696 1109 peeeuneulus
2715 1035 2890 1101 Chius,
2921 1037 3059 1113 elops
3083 1039 3332 1106 Rhodius,
3362 1044 3506 1101 suan·
3525 1046 3723 1109 Cilices.
3752 1051 3912 1121 Quod

2357 1132 2532 1177 autem
2559 1124 2842 1197 Dionysius
2869 1123 3054 1191 tradit,
3091 1126 3420 1185 Chalcedone
3447 1132 3718 1191 oraculum
3753 1140 3912 1210 Apol·

2357 1207 2476 1263 linis
2500 1208 2660 1265 fuisse
2685 1227 2794 1265 non
2825 1208 3040 1265 inferius
3057 1212 3331 1287 Delphico,
3357 1217 3622 1274 lucianus
3641 1218 3694 1274 id
3719 1224 3909 1279 confir-

2357 1307 2492 1363 mat,
2535 1298 2954 1371 antiquissimum
2992 1299 3083 1373 qui
3125 1302 3334 1369 asserit,
3385 1320 3512 1361 cnm
3555 1305 3910 1368 Alexandrum

2353 1386 2426 1441 ait
2461 1379 2552 1439 τὸν
2591 1378 2934 1460 ψιυδόμαντιν
2959 1386 3254 1445 societatem
3293 1390 3468 1447 iniisse
3505 1410 3626 1447 cum
3659 1397 3910 1467 Byzantio

2353 1464 2584 1539 quodam
2633 1466 3030 1542 chronographo
3085 1469 3357 1536 scelerato,
3417 1472 3512 1544 qui
3564 1474 3912 1545 appellaretur

2354 1552 2640 1610 Cocconas.
2712 1554 2782 1609 Hi
2809 1571 2928 1608 cum
2953 1556 3088 1609 inter
3107 1573 3163 1610 se
3189 1558 3478 1627 cogitarent
3497 1556 3760 1632 Delphos,
3787 1562 3906 1619 Cla·

2355 1655 2486 1705 ron,
2527 1639 2745 1707 Delum,
2787 1638 3099 1695 Branchidas
3120 1640 3308 1697 divites
3328 1643 3492 1699 factos
3522 1662 3590 1699 ex
3619 1657 3732 1701 arte
3769 1648 3906 1705 divi·

2352 1724 2532 1791 nandi,
2559 1725 2944 1781 constituerunt
2957 1728 3334 1782 vaticinationis
3355 1729 3628 1785 oraculum
3655 1734 3900 1803 excitare,

2349 1828 2412 1866 ae
2443 1812 2678 1883 primum
2701 1810 3100 1867 considerarunt
3131 1810 3200 1867 de
3225 1812 3364 1871 loco.
3399 1816 3666 1873 Coeeonas
3693 1818 3900 1876 Chalce-

2346 1896 2540 1953 donem
2563 1896 2821 1972 probabat
2837 1897 3010 1953 locum
3035 1898 3374 1955 commodum
3395 1920 3506 1958 esse
3523 1906 3902 1963 mercatoribus

2347 1984 2694 2059 frequentem.
2738 1986 3032 2043 Alexander
3055 1986 3360 2060 preferebat
3389 1988 3576 2046 urbem
3616 1991 3904 2066 Paphlago·

2345 2074 2446 2129 niae
2471 2076 2797 2131 nominatam
2821 2074 2992 2131 Aboni
3035 2078 3255 2143 moenia,
3283 2076 3434 2151 cujus
3469 2082 3726 2136 sententia
3751 2082 3895 2139 vicit.

2347 2161 2524 2235 ltaque
2573 2161 2818 2235 profectis
2869 2163 2992 2235 ipsis
3038 2162 3422 2220 Chalcedonam
3467 2166 3593 2221 utile
3626 2169 3896 2243 quippiam

2343 2248 2472 2305 urbs
2508 2252 2614 2306 visa
2647 2261 2726 2306 est
2763 2250 2955 2307 habere
2991 2253 3042 2307 in
3069 2252 3321 2326 Apollinis
3347 2254 3578 2328 templo,
3621 2254 3768 2328 quod
3793 2256 3898 2313 illie

2343 2336 2764 2410 antiquissimum
2789 2348 2885 2393 est.
2917 2338 3142 2394 Tabulas
3163 2356 3322 2395 ereas
3343 2340 3650 2408 defodiunt,
3693 2344 3748 2399 in
3777 2347 3896 2417 qui·

2345 2424 2443 2479 bus
2467 2424 2780 2499 inscriptum
2802 2424 3129 2499 incisumque
3148 2437 3283 2491 erat,
3311 2438 3370 2482 ut
3393 2444 3554 2499 quam
3579 2444 3702 2485 mox
3727 2430 3898 2487 Ascle·

2344 2510 2460 2583 pius
2485 2528 2606 2565 cum
2633 2512 2747 2584 ipso
2761 2510 2992 2584 Apolline
3009 2522 3156 2585 patre
3179 2510 3450 2569 accederet
3469 2516 3524 2570 in
3547 2517 3796 2585 Pontum,
3827 2529 3890 2573 ut

2345 2608 2626 2669 occuparet
2649 2595 2824 2653 Aboui
2849 2598 3058 2653 moenia.
3155 2598 3351 2653 Harum
3389 2600 3686 2657 tabularum
3713 2602 3783 2659 de
3807 2604 3893 2659 in·

2345 2682 2544 2739 dustria
2579 2685 2908 2740 inventarum
2939 2682 3075 2740 fama
3111 2686 3286 2741 statim
3323 2686 3625 2761 Bithyniam
3669 2702 3722 2746 et
3747 2692 3888 2747 Pon-

2345 2780 2458 2825 tum
2479 2781 2753 2843 pervagata
2771 2771 3008 2844 pervenit
3027 2768 3200 2827 Aboni
3217 2774 3428 2840 moenia,
3445 2774 3653 2843 urbem,
3675 2786 3736 2832 ut
3755 2776 3888 2845 dixi,

2343 2856 2736 2932 Paphlagonia,
2777 2858 2990 2932 ejusque
3009 2858 3201 2915 incolas
3223 2860 3294 2916 ita
3331 2862 3499 2917 movit
3515 2902 3530 2926 ,
3553 2873 3616 2917 nt
3635 2862 3892 2937 templum

2343 2946 2600 3004 edificare
2618 2949 2870 3021 coeperint
2887 2988 2904 3014 ,
2929 2966 3038 3021 quo
3065 2947 3358 3005 Alexander
3375 2950 3644 3023 profectus
3671 2962 3768 3009 est.
3815 2956 3890 3009 At

2339 3038 2606 3093 Cocconas
2631 3035 2961 3093 Chalcedone
2984 3038 3234 3093 remansit
3257 3036 3488 3113 duplicia
3504 3039 3762 3115 planeque
3775 3060 3888 3097 am·

2338 3124 2494 3195 bigua
2535 3122 2746 3180 oracula
2791 3124 3028 3196 quaedam
3073 3124 3425 3181 conscribens.
3517 3126 3598 3181 Ex
3634 3127 3890 3201 Apollinis

2335 3210 2702 3265 Chalcedonici
2761 3210 2970 3283 tripode
3023 3230 3256 3265 manasse
3305 3211 3534 3267 arbitror
3577 3214 3848 3271 oraculum
3865 3258 3883 3281 ,

2337 3291 2485 3363 quod
2510 3292 2748 3347 Socrates
2777 3291 2862 3362 (4,
2888 3293 2948 3357 8)
2978 3307 3136 3344 sacre
3158 3290 3390 3346 historie
3421 3296 3752 3367 conscriptor
3781 3308 3886 3353 tra.

2334 3378 2438 3442 dit,
2470 3380 2560 3451 qui
2586 3396 2709 3433 cum
2735 3375 2968 3432 Valentis
2996 3376 3323 3449 imperatoris
3348 3375 3710 3451 indignatione
3741 3389 3885 3441 muri

2331 3464 2675 3523 Chalcedonis
2711 3473 3094 3529 everterentur,
3131 3462 3187 3515 in
3223 3460 3577 3517 fundamentis
3616 3464 3884 3518 inventam

2330 3572 2442 3610 ease
2467 3551 2598 3609 dicit
2621 3552 2848 3609 tabulam
2873 3550 3126 3626 lapideam
3143 3590 3158 3617 ,
3180 3567 3358 3605 versus
3384 3550 3740 3605 continentem
3762 3550 3886 3605 sub·

2332 3653 2602 3716 sequentes
2627 3656 2642 3695 ε

2455 3811 2655 3863 Ἀλλ’ὃττ
2675 3812 2732 3871 δὴ
2753 3810 2925 3875 νύμφαι
2953 3809 3168 3874 δροσιρὴν
3196 3812 3244 3839 ¹⁰
3262 3807 3386 3859 κατὰ
3409 3807 3528 3857 dero
3552 3809 3738 3873 χορείην

2453 3882 2730 3948 τιρπόμιναι
2747 3882 2996 3943 στήσονται
3013 3880 3256 3943 Comatae
3284 3876 3390 3929 m·
3417 3879 3580 3942 ἀγυιὰς
3599 3915 3614 3938 ,

2457 3954 2538 4005 καί
2561 3959 2714 4017 τεῖχος
2732 3954 2944 4017 amputo
2961 3950 3242 4001 πολύστονον
3261 3950 3450 4000 ἔσσεται
3474 3950 3621 4013 ἄλκαρ
3639 3962 3652 3974 ·

2455 4026 2513 4084 δὴ
2531 4025 2636 4076 trita
2665 4026 2806 4091 μύρια
2826 4026 2946 4089 φῦλα
2970 4023 3297 4085 πολυσπερέων
3314 4021 3568 4085 ἀνθρώπων

2457 4096 2597 4159 ἄγρια
2608 4132 2625 4158 ,
2649 4094 2967 4160 μαρμαίροντα
2979 4130 2993 4154 ,
3011 4094 3162 4153 κακὴν
3181 4091 3419 4155 tantvm
3439 4092 3582 4149 ἀλκὴν
3595 4128 3610 4151 ,

2336 4298 2402 4353 tis
2423 4298 2654 4353 comicus
2677 4296 2744 4351 ab
2763 4295 3020 4368 Hesychio
3044 4294 3281 4349 laudatus
3303 4311 3317 4348 ε
3348 4292 3548 4364 Κάλχας
3565 4292 3629 4364 (f.
3658 4292 3884 4365 Κάλχις).

2337 4376 2568 4451 Στράττις
2587 4375 2672 4431 τδν
2700 4376 2920 4449 ποταμόν
2942 4392 3082 4447 φησιν
3099 4375 3154 4439 ὃς
3174 4372 3279 4429 text
3299 4376 3383 4443 τῆς
3403 4372 3662 4439 Χαλκίδος,
3691 4373 3746 4427 in
3773 4375 3888 4445 qui-

2339 4459 2437 4513 bus
2479 4456 2660 4521 Χαλκίς
2705 4474 2808 4512 vox
2843 4454 3309 4511 chalcedoniorum
3345 4454 3614 4525 regionem
3659 4450 3885 4519 indicat,

2339 4554 2498 4611 quam
2536 4537 2822 4609 Dionysius
2872 4552 3078 4608 qnoque
3126 4534 3387 4605 Periegeta
3429 4550 3484 4589 v.
3527 4534 3627 4602 764
3671 4530 3888 4586 Χαλκίδα

2339 4617 2546 4690 ἄρουραν
2589 4626 2759 4671 vocat.
2788 4613 2988 4671 Ordine
3011 4616 3245 4680 inverso,
3270 4611 3564 4668 Calchantis
3591 4628 3784 4665 nomen
3830 4611 3888 4665 in

2341 4696 2553 4753 vetustis
2575 4696 2791 4751 Homeri
2815 4694 3079 4751 codicibus
3094 4690 3234 4749 haud
3251 4692 3429 4765 paucis
3451 4690 3713 4746 Χάλκαντα
3728 4688 3884 4744 scribi

2339 4776 2498 4832 refert
2521 4774 2823 4831 Eustatbius
2849 4772 2916 4829 ad
2939 4775 3100 4831 Hom.
3123 4791 3179 4847 p.
3217 4775 3320 4843 289
3340 4811 3355 4839 ,
3383 4771 3450 4828 38
3475 4788 3489 4825 :
3519 4768 3581 4824 Oi
3614 4767 3667 4824 δὲ
3687 4768 3892 4825 παλαιοὶ

2339 4856 2591 4931 εὑρεθῆναί
2613 4870 2755 4929 φασιν
2783 4854 2833 4910 ἐν
2857 4854 3124 4918 πολλοῖς...
3151 4852 3418 4925 Κάλχαντα
3453 4849 3715 4905 Χάλκαντα
3739 4847 3890 4920 λεγό-

2341 4955 2508 5011 μενον.
2543 4938 2566 5011 ΙΙ
2596 4967 2663 4980 -
2691 4955 2744 5008 9.
2781 4935 3150 5007 oraculorum]
3195 4936 3276 4988 De
3304 4930 3558 5005 Apollinis
3587 4930 3716 4985 vatis
3746 4930 3890 4986 cultu

2339 5016 2690 5072 Chalcedonio
2717 5015 2787 5070 ef.
2811 5014 3020 5071 Boeckh.
3056 5014 3112 5068 in
3143 5015 3202 5069 C.
3232 5014 3399 5067 Inscr.
3422 5020 3465 5066 t.
3495 5026 3559 5077 α,
3587 5027 3644 5081 p.
3674 5010 3799 5080 973.

2415 5113 2496 5152 10.
2523 5093 2763 5167 Δροσερὴν
2797 5096 2816 5166 ]
2860 5092 3126 5163 legebatur
3154 5092 3282 5163 ἱερὸν
3311 5088 3470 5161 (deb.
3509 5098 3650 5143 certe
3677 5086 3844 5161 ἱερὴν)
3869 5111 3886 5156 ;

2339 5173 2430 5230 sed
2453 5176 2564 5247 ipse
2587 5172 2790 5247 Gyllius
2813 5174 2891 5225 De
2915 5184 3117 5243 topogr.
3151 5172 3330 5225 Const.
3361 5168 3400 5223 l.
3431 5168 3492 5234 3,
3523 5184 3572 5232 c,
3601 5184 3632 5236 9
3651 5206 3666 5231 ,
3697 5168 3890 5221 iterum

2337 5274 2369 5310 e
2409 5256 2620 5309 Socrate
2658 5252 2928 5308 oraculum
2963 5250 3066 5304 hoc
3099 5265 3393 5323 apponens,
3439 5243 3672 5319 δροσερὴν
3711 5245 3887 5313 ἀεάἰι;

2339 5332 2472 5407 ἱερὴν
2495 5334 2686 5405 legitur
2702 5329 2839 5405 apud
2865 5330 3108 5385 Zonaram
3135 5339 3186 5383 et
3203 5328 3521 5383 Cedrenum.
3549 5326 3571 5397 u
3594 5356 3662 5367 —-·
3693 5341 3776 5379 ιι.
3801 5324 3890 5377 Καὶ

2341 5411 2578 5480 Σκυθικὴν
2609 5412 2750 5483 ete.]
2777 5411 2932 5465 Hunc
2958 5426 3161 5463 versum
3187 5407 3388 5480 Gyllius
3411 5406 3606 5461 omisit.
