4584 6284
1766 414 2118 477 ANAPLUS
2158 413 2484 477 BosPotu
2525 413 2872 477 Tflnacn.

754 550 861 613 vit,
898 567 1015 603 cum
1053 545 1424 601 deductoribus
1446 545 1659 601 colonia·
1694 544 1967 601 consilium
1980 544 2298 619 petentibus,

747 637 842 691 ubi
874 636 1149 691 conderent
1174 635 1369 700 urbem,
1395 633 1715 709 appellatam
1742 634 2047 701 Brumtium
2060 674 2077 697 ,
2115 632 2195 686 ita
2224 650 2301 686 re-

741 722 960 799 spondit
978 742 999 775 .-

868 866 1055 917 Ὀλὸιοι
1074 866 1119 915 οἳ
1146 862 1301 923 κείνην
1323 862 1457 913 πόλιν
1480 864 1630 931 ἀνέρες
1648 864 1917 925 οἰκήσωσιν
1932 898 1949 926 ,

864 938 1009 997 ἀκτῆς
1032 936 1252 1001 Θρηικίης
1271 938 1515 1000 στινυγρὸν
1534 935 1639 1000 παρ’
1659 936 1799 1001 ἀκρον
1823 936 1983 999 στόμα
2012 934 2194 986 Πόντου
2204 970 2222 995 ,

872 1008 963 1059 Μ’
984 1008 1117 1073 lxo-bg
1136 1008 1298 1073 ἱλαφὸς
1324 1020 1377 1056 τι
1395 1009 1534 1071 νομὸν
1552 1006 1779 1071 βόσκουσι
1793 1008 1872 1058 τὸν
1894 1006 2054 1059 αὐτόν.

748 1164 880 1215 Hoec
914 1158 1126 1233 quidem
1158 1157 1305 1214 dieta
1333 1170 1459 1212 sunt
1501 1155 1565 1212 de
1593 1176 1677 1222 re,
1728 1175 1843 1230 qua
1874 1154 2092 1211 accidit.
2155 1152 2305 1209 Cervi

748 1247 886 1302 enim
908 1258 1133 1321 tempore
1149 1247 1357 1301 hibet-ao
1377 1266 1443 1301 ex
1468 1246 1627 1301 silvis
1646 1242 1997 1300 descendentes
2015 1242 2304 1317 depascunt

742 1334 1039 1409 palustrem
1061 1332 1364 1389 arundimm
1380 1356 1400 1397 ‚-
1414 1333 1589 1407 pisces
1622 1350 1743 1387 vem
1769 1329 1931 1386 muris
1957 1342 2009 1387 et
2016 1329 2302 1403 fluminum

742 1418 1039 1495 participes
1061 1419 1116 1474 in
1151 1418 1533 1494 tranquillitate
1564 1416 1713 1473 sinus
1737 1416 1965 1474 &ratuni
1992 1415 2302 1471 delitescunt

743 1508 896 1582 pigri
910 1550 925 1573 ,
944 1526 999 1563 ιιι
1028 1508 1255 1563 ubertate
1263 1506 1456 1583 pabuli
1472 1506 1767 1576 deglutiunt
1781 1503 1914 1561 vadi
1935 1504 2155 1560 radices.

821 1597 947 1649 Hoc
965 1594 1175 1667 quidem
1203 1592 1501 1665 Dionysius.
1526 1592 1661 1647 Mihi
1688 1610 1811 1647 vero
1832 1593 2006 1665 potius
2028 1589 2298 1646 oraculum

750 1680 956 1736 videtur
982 1681 1125 1736 hunc
1162 1680 1337 1735 locum
1358 1698 1467 1735 non
1501 1678 1837 1745 intellexisse,
1870 1676 1963 1731 scd
1988 1686 2297 1751 promonto-

747 1770 884 1823 rium
904 1767 1216 1841 Bosporium
1232 1808 1249 1833 ‚
1266 1766 1360 1820 ubi
1385 1776 1682 1820 extremum
1696 1784 1755 1820 os
1780 1766 2019 1839 Bospori,
2044 1774 2102 1818 ut
2121 1774 2300 1835 postea

742 1855 1017 1911 admonuit
1025 1854 1213 1929 Apollo
1229 1854 1447 1910 coloniae
1460 1854 1770 1909 deductores
1785 1853 2029 1926 deceptos
2046 1852 2133 1907 itto
2150 1853 2298 1921 loc03

742 1946 965 2017 quicum
978 1942 1045 1998 ad
1055 1944 1301 1998 bassinus
1319 1952 1577 1998 extremas
1593 1941 1809 2016 paludes
1818 1952 2063 2015 pararent
2070 1940 2300 1997 condere

743 2030 1070 2103 Byzantium,
1095 2047 1285 2085 corvus
1304 2029 1481 2102 rapuit
1503 2029 1723 2083 victimae
1732 2038 1953 2102 partem,
1974 2044 2193 2099 eamque
2208 2026 2302 2081 de·-

744 2116 915 2171 serens
934 2115 1003 2171 ad
1029 2116 1453 2189 promontorium
1474 2114 1809 2187 Emporium,
1826 2112 2103 2169 declaravit
2116 2130 2302 2167 oracu-

746 2204 855 2260 lum
866 2202 1265 2277 praesigniflmoe
1277 2203 1588 2275 Bosporium
1602 2202 2043 2274 promontorium,
2061 2200 2206 2275 quod
2219 2200 2306 2255 de-

751 2292 869 2346 finit
888 2301 1183 2346 extremum
1211 2308 1271 2343 os
1294 2290 1542 2361 Bospori,
1572 2288 1663 2342 ubi
1680 2307 1803 2343 cum
1828 2299 1998 2344 essent
2017 2306 2231 2343 nemora
2252 2298 2308 2342 et

748 2396 857 2433 οη
892 2378 1053 2431 maris
1089 2374 1343 2447 palustres
1385 2391 1725 2447 compascua,
1768 2372 1953 2429 iisdem
1982 2374 2304 2446 pastionibus

750 2450 1091 2519 uescebantur
1110 2462 1249 2516 cervi
1271 2473 1325 2516 et
1344 2461 1529 2533 pisces.
1562 2461 1763 2515 Verum
1792 2471 1851 2515 ut
1876 2460 1943 2515 ab
1969 2460 2119 2515 initio
2140 2459 2306 2514 litoris

752 2548 995 2622 Europoei
1019 2566 1187 2621 usque
1208 2546 1277 2602 ad
1300 2546 1459 2601 finem
1481 2546 1657 2613 urbis,
1674 2566 1791 2619 quae
1816 2546 1941 2601 olim
1966 2546 2079 2601 loca
2098 2546 2311 2619 antiqua

750 2635 1020 2702 babuerit,
1047 2652 1229 2707 quaeve
1260 2651 1408 2687 nunc
1440 2650 1577 2687 nova
1611 2633 1798 2689 babeat
1829 2633 2051 2707 Bospori
2072 2651 2194 2699 ora,
2222 2631 2310 2687 de-

748 2722 939 2777 claravi
962 2738 977 2775 ε
1005 2724 1075 2776 ita
1104 2720 1352 2794 deinceps
1386 2738 1553 2795 usque
1592 2720 1659 2775 ad
1694 2723 1925 2795 Cyaneas
1946 2720 2213 2776 declarare
2244 2719 2312 2775 ab

749 2810 895 2865 urbis
929 2808 1036 2865 fine
1056 2809 1324 2864 constitui.
1356 2814 1404 2865 A
1431 2826 1541 2881 quo
1573 2807 1787 2881 quidem
1812 2808 1917 2864 fine
1944 2812 1997 2865 in
2027 2807 2312 2882 longitudi-

748 2916 871 2953 nem
896 2897 978 2951 bis
995 2896 1137 2952 mille
1152 2914 1401 2969 passuum
1419 2914 1691 2969 progressa
1715 2896 1783 2951 nd
1801 2896 2015 2962 fluum,
2041 2913 2151 2967 quo
2168 2896 2316 2950 sinus

750 2986 969 3041 tendens
1001 2984 1071 3039 ad
1092 3002 1337 3039 occasum
1368 2986 1672 3038 incurvatur
1696 2983 1764 3038 ad
1789 2984 2184 3057 septentriones,
2210 3000 2316 3037 ma·

750 3073 924 3127 ritima
958 3070 1199 3143 planities
1215 3070 1559 3126 continuatur
1587 3088 1709 3124 cum
1732 3072 1837 3124 ima
1855 3068 1997 3123 vallis
2028 3068 2242 3141 planitie
2258 3070 2312 3122 in

752 3158 833 3214 bis
858 3158 997 3213 mille
1037 3174 1285 3231 passuum
1316 3156 1701 3227 longitudinem
1740 3166 1793 3211 et
1830 3156 2161 3212 latitudinem
2186 3174 2317 3229 qua·

754 3246 1154 3317 dringentorum
1189 3256 1401 3319 patente
1413 3284 1430 3312 ,
1470 3255 1523 3299 et
1538 3243 1695 3317 paulo
1721 3242 1935 3316 quidem
1960 3242 2183 3317 amplius
2210 3260 2314 3315 qua

758 3334 901 3389 vallis
924 3335 1217 3388 insinuatur
1235 3334 1291 3388 in
1316 3332 1493 3406 plures
1518 3348 1679 3403 quam
1704 3328 2007 3403 quindecim
2034 3329 2312 3397 valliculas,

758 3420 883 3474 alias
898 3429 1061 3474 rectas
1078 3459 1094 3485 ,
1122 3418 1245 3473 alias
1268 3430 1604 3483 transversas,
1640 3433 1823 3471 omnes
1843 3417 1899 3470 in
1918 3434 2086 3471 unum
2104 3416 2318 3471 collium

756 3506 975 3564 dorsum
1006 3507 1318 3574 desinentes,
1346 3516 1533 3560 natura
1566 3502 1773 3560 favente
1806 3504 1971 3576 quieti
2000 3505 2167 3559 sinus.
2192 3506 2318 3559 Haec

758 3596 1025 3671 planities,
1050 3596 1159 3650 sive
1188 3595 1450 3650 maritima
1480 3593 1589 3648 sive
1614 3594 1669 3647 in
1694 3593 1877 3649 vallem
1894 3593 2181 3662 insinuata,
2209 3604 2320 3650 tota

763 3681 994 3739 aedificiis
1012 3681 1120 3735 sere
1136 3692 1391 3754 occupata
1410 3691 1491 3735 est
1509 3679 1823 3735 suburbanis
1838 3718 1856 3748 ,
1886 3681 2059 3738 vicum
2090 3680 2320 3735 efficien-

763 3768 906 3823 tibus
938 3768 1129 3840 partim
1162 3767 1217 3821 in
1250 3766 1465 3840 planitie
1492 3766 1685 3840 partim
1723 3767 1781 3821 in
1815 3766 2033 3821 collibus
2066 3768 2316 3840 positum,

766 3864 1019 3929 quattuor
1060 3853 1221 3908 millia
1258 3871 1505 3927 passuum
1543 3854 1767 3909 circuitu
1810 3856 2157 3929 complexum.
2199 3857 2320 3911 Non

767 3944 911 3997 enim
942 3940 1141 4013 ubique
1162 3940 1381 3996 aedificia
1404 3942 1542 3995 inter
1578 3958 1633 3995 se
1650 3941 1997 4010 continentia,
2016 3941 2109 3996 scd
2139 3961 2320 4016 sparsa

766 4038 1040 4099 vagantur.
1048 4028 1217 4082 Totus
1230 4026 1641 4082 aMechmetanis
1655 4027 1797 4082 vicus
1810 4026 2071 4083 habitatur
2084 4040 2125 4085 ¹.
2141 4031 2324 4102 ltaque

767 4111 1013 4167 undecim
1042 4112 1181 4167 aedes
1208 4110 1367 4167 babet
1387 4112 1693 4167 ceoemonioe
1716 4112 2104 4169 Mecbmetanae.
2128 4116 2324 4170 Earum

765 4201 949 4256 ceteris
963 4208 1214 4273 praestam
1240 4210 1373 4267 tres,
1389 4196 1457 4254 ad
1482 4216 1707 4271 quanam
1726 4200 2007 4255 maximam
2028 4202 2322 4257 Tui-corum

766 4306 859 4344 rex
880 4285 1215 4351 sam-ilicium,
1246 4284 1390 4358 quod
1413 4284 1719 4341 Corbanum
1740 4296 1948 4355 vocant,
1974 4286 2141 4343 sacen
2159 4288 2321 4356 solet,

770 4390 889 4430 cum
902 4374 1173 4448 quippiam
1191 4371 1417 4427 arduum
1444 4372 1762 4445 aggreditur.
1786 4377 1943 4430 Juxta
1961 4376 2085 4432 edis
2106 4380 2330 4434 vestibu-

776 4530 1103 4588 Euat-thium
1115 4527 1184 4584 sd
1198 4529 1358 4585 Dion.
1369 4530 1490 4584 Per.
1504 4530 1630 4597 803,
1645 4540 1696 4584 et
1712 4530 1767 4584 in
1780 4532 1981 4587 Cbron.
1993 4534 2324 4591 Constantio.

778 4612 1023 4666 Ceterum
1060 4608 1347 4680 Hesychius
1392 4618 1514 4680 post
1552 4608 1707 4664 verbu
1750 4610 1912 4683 στόμα
1941 4612 2131 4667 Πόντου
2166 4614 2326 4669 alium

780 4688 1068 4760 interponit
1091 4704 1297 4741 versum
1318 4702 1335 4741 ε
1366 4685 1485 4740 ἔνθα
1508 4686 1595 4741 δύο
1617 4688 1850 4753 σκύλακες
1880 4689 2057 4759 πολιὴν
2093 4692 2329 4749 λάπτουσι

780 4766 1054 4821 θᾶλασσαν.
1077 4765 1234 4819 Hunc
1257 4782 1465 4819 versum
1491 4776 1545 4821 et
1568 4778 1871 4838 sequentem
1900 4767 2019 4824 ἔνθα
2052 4769 2191 4842 ἰχθῦς
2222 4782 2326 4827 etc.

780 4844 921 4899 solos
946 4843 1196 4898 exhibent
1218 4842 1450 4899 Godinus
1475 4856 1528 4900 et
1549 4845 1747 4901 Chron.
1786 4848 2053 4905 (bunut.
2086 4851 2327 4923 Denique

780 4922 1077 4994 Stephanus
1096 4924 1222 4993 Byz.
1247 4932 1436 4995 praeter
1461 4934 1564 4978 tres
1604 4942 1778 4980 versus
1794 4966 1811 4992 ,
1839 4927 1931 4998 qui
1958 4927 2100 5001 apud
2128 4932 2328 5003 Diony·

781 5003 921 5055 sium
960 4999 1226 5071 leguntur,
1262 5011 1509 5073 quartum
1549 5002 1757 5074 subjicit
1794 5005 1937 5060 hunc
1976 5023 1989 5061 ε
2026 5007 2243 5063 στέλλειν
2284 5010 2330 5063 δ’

781 5080 850 5143 ὥς
874 5080 1063 5135 ὤκιστα
1079 5078 1163 5135 καὶ
1188 5078 1255 5145 εἰς
1273 5080 1421 5153 φρένα
1441 5082 1596 5136 πάντα
1616 5081 1850 5138 λαὸόντα.
1874 5086 1953 5140 De
1976 5086 2079 5141 alio
2096 5087 2328 5154 oraculo,

782 5177 895 5231 quo
920 5158 1097 5213 coloni
1122 5156 1379 5230 jubentur
1405 5160 1579 5215 sedem
1614 5178 1845 5233 quaererc
1884 5181 2140 5221 caecorum
2180 5166 2332 5219 terris

785 5240 1077 5308 adversam,
1108 5238 1228 5295 vide
1253 5242 1495 5297 Tacitum
1521 5244 1577 5297 in
1606 5244 1793 5299 Annal.
1834 5262 1923 5312 ια,
1955 5264 2014 5316 73
2044 5245 2162 5301 coll.
2188 5248 2330 5301 Stra-

3863 427 3934 477 2⁷

2390 544 2519 611 lum,
2543 554 2786 599 ornatum
2817 542 3102 600 duodecim
3121 545 3378 601 columnis
3401 546 3678 601 marmoris
3710 546 3943 614 Theboei,

2389 632 2546 685 situm
2575 642 2654 685 est
2673 630 3030 704 sepulchrum,
3061 630 3428 704 hemispherio
3452 630 3782 705 cylindraceo
3804 632 3946 687 clau·

2389 736 2526 784 sum,
2555 720 2731 774 ncscio
2767 716 2916 790 cujus
2945 718 3196 786 bominis,
3243 738 3402 793 quem
3434 720 3596 775 Turci
3643 720 3792 775 valde
3825 739 3946 776 san·

2389 814 2532 859 ctum
2553 804 2768 871 babent,
2797 814 2851 859 et
2867 806 3108 879 perpetui
3125 804 3325 859 sodales
3343 804 3600 861 Flamines
3619 806 3944 873 custodiunt,

2389 890 2882 947 circumiacentibus
2911 901 3090 945 noctes
3125 890 3342 963 diesque
3363 890 3582 965 amplius
3617 894 3946 965 septuaginta

2389 978 2649 1035 fiscalibus
2667 980 2830 1035 cereis
2846 1019 2863 1047 ,
2884 990 3082 1035 tectum
3113 996 3374 1053 purpura3
3399 978 3544 1035 hunc
3565 980 3728 1035 Turci
3759 991 3948 1037 vocant

2389 1067 2712 1125 Aibasarium
2728 1110 2744 1134 ,
2775 1087 2808 1123 a
2828 1085 2936 1141 quo
2958 1068 3104 1122 vicus
3121 1084 3314 1122 nomen
3341 1066 3558 1141 adeptus
3583 1078 3681 1123 est.
3710 1070 3854 1143 Soepe
3879 1070 3948 1125 ab

2388 1156 2470 1211 bis
2501 1156 2823 1211 Fluminibus
2855 1166 3223 1231 percunctatus
3263 1174 3409 1223 sum,
3447 1156 3538 1228 qui
3575 1167 3784 1211 sanans
3817 1169 3950 1212 essct

2389 1242 2717 1311 Aibasarius,
2759 1262 2790 1299 a
2825 1244 3018 1317 quibus
3063 1242 3194 1299 nihil
3225 1240 3368 1297 aliud
3393 1244 3603 1317 assequi
3636 1243 3806 1317 potui,
3845 1246 3946 1299 nisi

2387 1331 2714 1389 Aibasarium
2735 1332 2981 1406 appellari
3001 1332 3378 1387 Meehmetmae
3401 1332 3667 1403 religionis
3691 1350 3858 1387 unum
3881 1352 3946 1388 ex

2386 1418 2746 1487 assertoeibus,
2773 1420 2910 1473 inter
2935 1436 3070 1492 quos
3091 1428 3370 1473 numerant
3389 1428 3636 1490 tanquam
3650 1418 3946 1491 principem

2389 1506 2596 1561 Arium.
2623 1506 2838 1562 Graecus
2863 1504 3038 1561 nescio
3061 1505 3180 1577 quis
3213 1504 3342 1559 mibi
3369 1504 3713 1559 confirmabat
3739 1522 3850 1561 esse
3866 1524 3946 1561 se·

2386 1592 2664 1665 pulchrum
2703 1592 2835 1658 Job,
2861 1592 2954 1647 scd
2995 1593 3126 1647 nihil
3160 1611 3226 1647 ex
3264 1593 3618 1647 monumentis
3655 1592 3947 1649 litterarum

2385 1678 2680 1753 proferebat
2693 1719 2710 1747 ,
2742 1680 2796 1733 in
2832 1678 3025 1753 quibus
3056 1678 3313 1733 duntaxat
3346 1680 3444 1751 legi
3472 1678 3758 1734 Arcadium
3786 1680 3950 1753 impe-

2387 1776 2612 1822 ratorem
2647 1784 2764 1821 ossa
2805 1766 3058 1821 Samuelis
3083 1764 3352 1840 prophetae
3379 1784 3408 1819 a
3442 1764 3624 1820 Judaea
3646 1766 3947 1821 Constanti·

2389 1854 2619 1929 nopolim
2640 1854 2989 1922 transtulisse,
3017 1865 3122 1909 tam
3141 1852 3374 1909 hilariter
3401 1851 3611 1907 obviam
3635 1852 3734 1907 illis
3763 1871 3948 1925 proce·

2387 1941 2541 1997 dente
2565 1941 2761 2016 populo
2786 1959 2946 2015 quam
2971 1943 3014 1997 si
3045 1940 3334 1997 Samuelem
3363 1942 3622 1995 viventem
3651 1954 3944 1997 cernerem.

2389 2030 2616 2101 Quidam
2665 2030 2896 2086 afferunt
2936 2030 3270 2086 Aibasarium
3313 2030 3486 2085 victum
3525 2028 3836 2102 appellatum
3879 2030 3948 2085 ab

2390 2118 2522 2188 Agio
2543 2115 2730 2171 Basilio
2746 2156 2763 2183 ,
2787 2116 2880 2171 scd
2905 2116 3110 2171 nullum
3131 2134 3196 2169 ex
3215 2115 3375 2169 literis
3391 2114 3693 2188 producunt
3715 2116 3948 2170 testimo·

2389 2204 2557 2259 nium.
2581 2202 2716 2258 Mihi
2741 2203 2917 2276 potius
2937 2203 3084 2257 locus
3109 2201 3198 2256 hic
3225 2218 3370 2257 sacer
3391 2200 3547 2255 fuisse
3581 2199 3790 2255 videtur
3823 2201 3948 2257 divo

2390 2291 2670 2357 bismanti,
2713 2301 2772 2345 ut
2821 2290 3058 2345 litteratis
3102 2288 3412 2343 testimoniis
3456 2287 3728 2343 ostendam
3758 2289 3814 2343 in
3859 2288 3951 2343 de-

2392 2379 2673 2451 scriptione
2689 2378 2855 2432 urbis.
2876 2377 2962 2433 Ab
2986 2378 3091 2431 hoc
3105 2379 3224 2431 vico
3239 2393 3404 2449 usque
3425 2374 3494 2431 ad
3511 2377 3644 2431 ostia
3664 2376 3947 2431 fluminum

2395 2481 2487 2519 ora
2519 2464 2665 2518 sinus
2693 2464 2748 2517 in
2777 2463 3156 2536 septentriones
3189 2462 3322 2516 flexa
3363 2462 3685 2535 aliquantum
3719 2463 3948 2534 spatium

2395 2548 2632 2623 procedit
2656 2550 2823 2605 hortis
2843 2548 3084 2623 frequens
3106 2558 3161 2604 et
3184 2547 3414 2604 edificiis
3437 2546 3594 2621 paulo
3611 2549 3746 2603 ultra
3765 2550 3950 2603 castel·

2397 2637 2506 2691 lum
2527 2654 2676 2710 aquae
2701 2636 2975 2691 defluentis
2992 2653 3057 2689 ex
3084 2634 3228 2689 collis
3248 2634 3394 2690 valde
3414 2634 3568 2709 proni
3595 2634 3772 2690 medio
3791 2636 3948 2703 clivo,

2399 2722 2490 2778 ubi
2517 2742 2660 2778 sacer
2681 2722 2798 2777 sons
2815 2722 3060 2795 perennis
3085 2722 3220 2788 fluit,
3245 2738 3401 2793 quem
3423 2720 3752 2776 circumdant
3765 2720 3952 2777 funda·

2400 2820 2575 2865 menta
2597 2811 2826 2883 antiquae
2842 2808 2966 2863 ardis
2983 2848 2998 2875 ,
3019 2824 3178 2881 quam
3199 2805 3378 2877 vulgus
3399 2807 3704 2861 Graecorum
3731 2808 3953 2880 appellat

2399 2896 2570 2950 divam
2584 2896 2864 2960 Photinen,
2894 2912 3016 2949 cum
3038 2904 3212 2948 tamen
3231 2893 3286 2947 in
3304 2891 3408 2947 boc
3428 2892 3654 2948 locoaut
3672 2910 3780 2948 non
3799 2893 3954 2965 longe

2401 2994 2604 3039 remmo
2627 2984 2784 3038 fixisse
2810 2982 3047 3037 videatur
3083 2979 3220 3036 odes
3253 2978 3363 3035 divi
3392 2982 3594 3035 Cosmae
3625 2990 3680 3035 ct
3710 2982 3954 3036 Damiani

2400 3088 2464 3124 ex
2488 3070 2748 3143 Procopio
2761 3080 2804 3136 ¹,
2841 3086 2962 3123 cum
2994 3068 3069 3121 ait
3090 3065 3161 3122 ad
3196 3066 3354 3121 finem
3375 3066 3519 3121 sinus
3559 3066 3616 3119 in
3641 3066 3758 3120 loco
3783 3066 3954 3121 arduo

2403 3165 2457 3209 et
2480 3155 2814 3210 vehementer
2835 3153 3046 3209 sublimi
3079 3151 3332 3226 templum
3368 3150 3502 3205 divis
3536 3152 3738 3205 Οωιιιω
3773 3162 3825 3206 ct
3855 3155 3958 3207 Da·

2403 3242 2580 3295 miano
2591 3237 2702 3312 jam
2719 3239 2786 3295 ab
2803 3239 3032 3311 antiquis
3061 3255 3228 3311 usque
3261 3234 3582 3311 temporibus
3609 3238 3954 3293 constitutum

2405 3326 2559 3382 fuisse
2575 3366 2591 3393 ,
2628 3324 2776 3401 quod
2813 3328 2988 3381 statim
3016 3323 3224 3379 videtur
3248 3322 3315 3378 ab
3343 3321 3752 3395 ingredientibus
3779 3324 3954 3378 sinum

2403 3416 2579 3470 Ceras.
2602 3417 2635 3470 J
2636 3415 2928 3470 ustinianus
2949 3414 3231 3486 imperator
3249 3410 3456 3466 babitus
3471 3409 3688 3465 medicis
3697 3408 3808 3483 jam
3829 3412 3955 3466 vici-

2403 3520 2503 3559 nus
2525 3501 2591 3557 ad
2611 3499 2963 3569 moriendum,
2983 3499 3225 3555 divorum
3243 3498 3484 3572 precibus
3504 3507 3754 3563 servatus,
3781 3509 3841 3553 ut
3857 3498 3956 3553 illis

2405 3590 2622 3663 gratiam
2647 3588 2882 3657 resen-net,
2919 3587 3172 3661 templum
3193 3586 3288 3641 illis
3318 3603 3521 3641 sacrum
3541 3584 3812 3640 immutata
3848 3587 3956 3658 pri·

2411 3680 2546 3735 stina
2569 3677 2766 3745 forma,
2799 3694 2916 3749 quae
2931 3674 3191 3747 -ignobilis
3216 3683 3325 3728 crat
3343 3684 3394 3729 et
3420 3674 3714 3727 ornamenti
3745 3690 3952 3747 expers,

2404 3767 2623 3843 pulchre
2655 3776 2710 3821 et
2749 3764 3023 3837 magnifice
3057 3762 3388 3829 instauravit,
3420 3771 3474 3815 et
3495 3761 3756 3815 luminum
3784 3761 3954 3834 splen·

2407 3857 2536 3913 dore
2561 3855 2853 3911 illustravit.
2897 3852 2963 3908 Id
3005 3851 3257 3925 templum
3300 3850 3343 3904 si
3390 3849 3524 3903 sorte
3547 3851 3839 3904 accuratius
3866 3869 3957 3904 cx·

2409 3944 2616 4017 quirem
2660 3940 2814 4009 velis,
2857 3939 2978 3994 vide
3009 3938 3259 4011 Anthymi
3299 3936 3538 4009 martyris
3572 3935 3736 3991 aedem
3753 3975 3770 4002 ,
3800 3954 3958 4009 quam

2409 4029 2694 4101 Procopius
2741 4026 2895 4100 ponit
2930 4044 2961 4079 e
2995 4024 3206 4095 regione
3239 4024 3297 4076 in
3331 4022 3504 4078 littore
3535 4022 3801 4076 ulteriore.
3839 4023 3958 4079 Jam

2409 4125 2583 4171 autem
2626 4132 2659 4169 a
2703 4111 2850 4167 fonte
2886 4110 3022 4165 divoe
3055 4109 3290 4164 Photinae
3323 4106 3390 4162 ad
3416 4108 3550 4162 ostia
3593 4107 3870 4161 fluminum
3907 4115 3961 4161 et

2409 4200 2832 4278 promontorium
2858 4198 3132 4270 Semystra
3153 4192 3412 4249 ambulavi
3441 4194 3646 4247 circiter
3675 4192 3814 4247 mille
3842 4210 3962 4267 pas·

2412 4310 2519 4348 sus.
2539 4292 2649 4347 Cur
2667 4306 2792 4345 vero
2814 4297 3030 4343 vocetur
3046 4286 3335 4358 Semystra,
3363 4294 3416 4337 et
3441 4282 3632 4355 quibus
3656 4281 3961 4335 nominibus

2412 4378 2733 4454 appellentur
2765 4375 3002 4440 flumina,
3027 4372 3308 4445 Dionysius
3331 4368 3604 4443 Byzantius
3625 4367 3800 4423 docet.

2407 4537 2546 4591 bone
2580 4553 2636 4608 p.
2671 4536 2804 4597 320.
2833 4530 3054 4605 Polybio
3097 4532 3128 4595 l.
3148 4567 3165 4595 ,
3198 4528 3264 4592 43
3301 4538 3354 4582 et
3377 4524 3548 4581 Plinio
3578 4524 3642 4591 5,
3671 4543 3721 4579 c.
3754 4525 3842 4581 32.
3875 4523 3960 4581 Cf.

2409 4626 2522 4670 not.
2546 4614 2616 4669 ad
2641 4614 2709 4670 t'r.
2750 4616 2834 4670 18.
2862 4641 2937 4654 —
2961 4612 3026 4665 In
3066 4625 3221 4664 versu
3249 4604 3480 4661 secundo
3516 4604 3776 4677 στινυγρὶιν
3817 4603 3965 4660 dedit

2409 4693 2660 4766 Bergkius
2686 4693 2986 4748 Commeat.
3014 4688 3135 4744 crit.
3163 4704 3226 4751 α.
3254 4703 3310 4758 p.
3341 4706 3404 4757 93
3435 4682 3847 4758 bsspbvlpraebent
3873 4702 3960 4738 co·

2411 4773 2553 4828 dices
2593 4771 2841 4847 Stephani
2880 4780 2933 4825 et
2971 4768 3239 4841 Dionysii3
3279 4763 3420 4838 apud
3460 4763 3688 4837 Hesycb.
3727 4761 3917 4833 legitur
3945 4779 3960 4817 z

2413 4850 2561 4920 ἀκτῆς
2585 4849 2814 4924 Opuntiae
2838 4848 2884 4903 τ’
2911 4846 3133 4919 lvo-(pov.

2488 4948 2535 4985 ι.
2565 4930 2728 4985 Vicus
2761 4946 2904 4983 nunc
2943 4926 3084 5000 Ejub
3121 4936 3356 4981 vocatur.
3394 4925 3466 4979 V.
3505 4922 3776 4975 Hammer.
3811 4926 3963 4975 Cons-

2415 5008 2756 5083 tantinopolis
2783 5005 2894 5061 und
2909 5004 3001 5060 det·
3025 5008 3304 5078 Bosporus,
3333 5016 3465 5061 tom.
3490 5018 3540 5066 1,
3576 5018 3634 5073 p.
3655 4999 3843 5069 ²¹·37·
3872 4998 3962 5053 ubi

2416 5088 2678 5143 uberrime
2702 5085 2769 5140 de
2793 5085 2896 5139 hoc
2919 5084 3036 5139 loco
3061 5084 3371 5156 exponitur.

2483 5182 2536 5223 α.
2579 5166 2648 5221 V.
2679 5166 2962 5236 Procopius
2989 5166 3069 5217 Dc
3103 5162 3206 5221 aed.
3259 5184 3314 5239 1,
3351 5177 3415 5238 6,
3451 5158 3748 5227 Ducangius
3789 5156 3968 5208 Ooust.

2415 5246 2607 5303 Christ.
2641 5245 2734 5301 lib.
2764 5248 2814 5309 4.
2844 5261 2899 5316 p.
2931 5247 3049 5299 182.
