4584 6284
763 467 881 519 430
2092 446 2617 507 AGATHEMERI

762 590 853 647 λον
875 587 1062 647 στάδια
1085 578 1155 646 λ’·
1181 584 1269 647 ἐπὶ
1296 585 1357 646 τὸ
1386 582 1673 665 (Αἰγαῖον)
1697 582 1971 665 Ἀργιννον
1994 583 2079 642 διὰ
2099 589 2189 643 τοῦ
2220 585 2317 645 Αἰ·
2350 620 2360 641 .

760 675 915 755 γαίου
943 675 1128 736 στάδια
1152 674 1223 755 φ’·
1248 674 1337 734 ἐπὶ
1368 672 1425 735 τὸ
1446 673 1753 755 Ἐρυθραῖον
1800 674 2092 752 Κορυναῖον
2123 673 2316 732 στάδια

764 764 861 825 κε’·
887 762 975 825 ἐπὶ
992 762 1183 836 mim,
1216 764 1375 843 ἄκρον
1415 763 1573 839 Χίου,
1610 762 1796 821 στάδια
1824 761 1890 819 ν’·
1919 758 2007 819 ἐπὶ
2034 761 2318 834 Μελανέα,

764 850 921 933 ἄκρον
968 850 1207 929 Λὲσὸου,
1250 848 1440 909 στάδια
1483 850 1580 909 υν’·
1630 850 1717 908 ἐπὶ
1742 848 1802 907 τὸ
1848 846 2063 927 Σίγριον
2108 847 2320 909 Λέσὸου

700 958 730 996 e
760 939 951 1001 στάδια
979 938 1051 1023 φ’·
1078 939 1149 1008 εἰς
1190 936 1412 1000 Τένεδον
1455 941 1609 1008 νῆσον
1639 937 1827 995 στάδια
1853 934 1948 995 υν’·
1999 936 2071 1003 εἰς
2108 936 2318 1014 Σίγειον

760 1027 951 1089 στάδια
981 1025 1043 1108 ρ’·
1076 1026 1164 1088 ἰπὶ
1190 1026 1363 1103 στόμα
1385 1024 1590 1087 Πόντου
1615 1024 1800 1083 στάδια
1831 1022 1939 1103 βψ
1964 1022 2051 1082 ἐπὶ
2076 1024 2318 1105 Κάραμ-

763 1116 844 1176 ew
865 1116 1053 1177 στάδια
1074 1112 1207 1199 ,6ω’·
1238 1114 1327 1175 ἐπὶ
1361 1113 1529 1189 στόμα
1551 1112 1848 1179 Μαιώτιδος
1867 1110 2059 1171 στάδια
2091 1110 2199 1193 βιρ’·
2228 1112 2318 1173 ἐπὶ

758 1204 960 1268 Τάναῖν
989 1204 1176 1263 στάδια
1213 1198 1337 1283 ,βσ’.

758 1425 1050 1497 proximam
1072 1424 1120 1477 ei
1149 1422 1368 1477 insulam
1396 1420 1717 1489 Arginusam
1757 1418 1887 1474 dicit
1910 1420 2111 1475 Plinius
2141 1421 2193 1486 5,
2226 1422 2316 1488 38,

764 1506 883 1576 137,
913 1504 1005 1575 qui
1038 1506 1313 1573 Argennon
1342 1500 1560 1573 appdlat
1587 1516 1747 1553 unam
1786 1518 1853 1553 ex
1890 1499 2076 1553 insulis
2101 1499 2319 1572 Mycalae

756 1582 1121 1655 promontorio
1145 1578 1627 1651 adjacentibus.·}l—
1646 1595 1669 1632 1
1681 1618 1695 1631 .
1723 1576 1933 1650 Αἰγαῖον
1952 1596 2051 1633 cur
2070 1578 2321 1651 adjecerit

754 1672 957 1725 auctor,
988 1678 1095 1715 non
1122 1660 1410 1731 perspicio;
1440 1675 1561 1712 nam
1599 1658 1655 1711 in
1683 1658 1859 1727 AEgaeo
1884 1658 2019 1711 mari
2062 1676 2319 1730 promon-

753 1741 949 1795 torium
972 1738 1103 1805 hoc,
1126 1738 1281 1793 sicuti
1303 1737 1519 1791 alterum
1538 1734 1801 1809 1Ἇργιννον
1824 1735 2107 1791 Lesbicum
2122 1772 2143 1805 ,
2158 1739 2318 1791 situm

753 1818 911 1872 fuisse
935 1815 1272 1890 sequentibus
1296 1816 1465 1870 verbis
1490 1814 1573 1868 διὰ
1598 1818 1689 1871 τοῦ
1712 1814 1917 1888 Αἰγαίου
1950 1826 2140 1889 sponte
2167 1815 2319 1871 intel-

752 1896 956 1969 ligitur3
982 1905 1103 1951 nata
1129 1912 1234 1951 vox
1261 1894 1420 1950 suerit
1441 1912 1507 1948 ex
1534 1904 1783 1967 sequente
1804 1894 2041 1966 Αἰγαίου.
2071 1895 2318 1949 Ceterum

750 1994 816 2031 ex
850 1976 956 2032 hoc
988 1974 1105 2031 loco
1147 1984 1295 2047 patet
1328 1992 1433 2031 sec.
1473 1972 1869 2029 Artemidorum
1900 1990 2049 2028 mare
2087 1974 2318 2027 icarium

753 2054 965 2110 nonnisi
1004 2052 1063 2107 id
1088 2051 1193 2107 dici
1221 2051 1370 2125 quod
1404 2062 1483 2107 cst
1506 2070 1539 2106 a
1564 2050 1787 2106 meridie
1826 2051 2003 2105 lcarioe
2040 2051 2314 2123 semique,

754 2132 884 2189 illud
911 2151 1039 2189 vero
1062 2130 1207 2205 quod
1232 2134 1371 2187 inter
1396 2131 1609 2187 Samum
1644 2140 1700 2186 et
1722 2130 1915 2185 Chium
1942 2140 2022 2185 cst
2047 2129 2282 2184 medium
2297 2170 2314 2197 ,

756 2216 934 2288 AEgaeo
959 2214 1252 2281 accenseri,
1276 2210 1404 2266 dum
1424 2211 1567 2285 apud
1592 2210 1929 2267 Ptolcmaeum
1966 2210 2117 2265 lcnrii
2158 2212 2317 2265 maris

756 2312 879 2368 pars
902 2305 1002 2353 cst.
1030 2298 1340 2366 Argennum
1364 2291 1579 2365 quidem
1604 2292 1715 2366 ipse
1744 2290 1903 2347 etiam
1930 2290 2239 2346 Ptolemaeus
2261 2291 2317 2345 in

756 2372 919 2445 AEgaei
941 2373 1103 2427 maris
1127 2389 1223 2426 ora
1246 2380 1506 2436 recenset,
1534 2368 1629 2425 sed
1655 2368 1713 2425 id
1739 2388 1803 2425 ex
1829 2387 2010 2424 errore
2056 2368 2148 2424 illo
2184 2387 2314 2442 pen·

756 2450 882 2519 det,
900 2468 1009 2524 quo
1020 2449 1440 2526 promontorium
1460 2450 1562 2504 hoc
1585 2449 1761 2522 posuit
1774 2448 1845 2503 ab
1864 2448 2110 2521 Erythris
2135 2465 2316 2503 versus

756 2530 998 2597 boream,
1026 2548 1091 2585 co
1115 2529 1224 2584 fere
1248 2530 1303 2583 in
1326 2528 1441 2583 loco
1468 2527 1562 2583 ubi
1587 2546 1693 2583 sec.
1727 2527 2036 2582 Strabonem
2060 2538 2170 2582 erat
2199 2528 2315 2581 Me-

754 2614 881 2664 laena
909 2628 1038 2674 aera,
1072 2609 1339 2663 Mimantis
1363 2608 1803 2681 promontorium.
1847 2606 2171 2662 Artemidori
2196 2623 2314 2661 sen-

753 2690 965 2743 tentiam
990 2689 1147 2743 etiam
1171 2688 1371 2742 Plinius
1394 2688 1511 2743 loco
1539 2704 1700 2759 supra
1732 2685 1997 2758 adscripto
2024 2683 2135 2754 (ad.
2162 2688 2193 2754 S
2224 2690 2314 2757 ¹7)

752 2767 948 2823 indicat
960 2809 975 2833 ,
1001 2767 1093 2822 ubi
1118 2765 1328 2839 Epheso
1343 2766 1411 2821 ad
1428 2767 1617 2821 Delum
1634 2784 1729 2839 per
1748 2783 1892 2819 mare
1912 2765 2146 2836 AEgaeum
2170 2766 2317 2819 navi·

749 2850 857 2920 gari
884 2848 1033 2902 dicit.
1106 2862 1245 2902 -2.
1271 2846 1343 2919 φ’]
1360 2847 1435 2901 sic
1450 2845 1659 2902 codices
1685 2846 1788 2900 mei
1814 2844 2108 2910 omnent->¹
2130 2845 2308 2912 editt„

747 2928 900 2983 male.
936 2930 959 2997 ΙΙ
994 2957 1069 2969 -
1112 2924 1425 2999 Ἐρυθραῖον]
1466 2923 1823 2998 Ἐρυθραίωνῗ.
1858 2925 1881 2995 ll
1908 2952 1985 2966 -—·
2002 2924 2311 2997 Κορυναῖον]

746 3009 822 3061 sic
866 3010 1118 3062 ABCDE
1130 3046 1145 3068 ,
1197 3005 1465 3076 Κορυκαῗον
1515 3004 1691 3068 editt„
1738 3002 1885 3075 quod
1927 3004 1983 3057 in
2028 3002 2312 3075 Κωρυκαῗον

746 3083 1137 3140 emendandum
1182 3102 1295 3138 esse
1342 3085 1543 3157 putavit
1578 3082 1960 3149 nortmannus,
1992 3099 2314 3156 quamquam

746 3164 846 3219 hoc
870 3165 1295 3237 promontorium
1313 3205 1328 3229 ,
1358 3162 1424 3217 ab
1451 3167 1702 3234 Argenno
1742 3160 2019 3217 meridiem
2053 3172 2109 3217 et
2132 3172 2313 3217 ortum

744 3260 924 3299 versus
949 3242 1105 3315 longe
1133 3242 1377 3298 dissitum
1395 3283 1411 3309 ,
1437 3260 1467 3297 a
1495 3252 1677 3297 nostro
1702 3240 1820 3296 loco
1844 3258 2065 3314 prorsus
2089 3251 2169 3295 cst
2190 3241 2314 3297 alie-

746 3340 893 3380 num.
918 3324 1079 3378 Mitto
1100 3322 1247 3395 quod
1268 3323 1528 3395 Corycum
1546 3340 1723 3395 prom.
1746 3321 2000 3376 Teiorum
2018 3360 2035 3387 ,
2058 3338 2169 3375 non
2190 3338 2316 3377 vero

745 3403 1138 3476 Erythraeorum
1164 3421 1279 3459 esse
1298 3422 1331 3458 a
1350 3404 1501 3459 Livio
1524 3403 1615 3473 37,
1644 3418 1711 3457 12
1734 3400 1950 3458 dicitur.
1998 3402 2314 3474 Corynaeum

744 3492 991 3555 tanquam
1033 3482 1303 3538 Mimantis
1338 3500 1513 3557 prom.
1564 3490 2010 3537 commemoratur
2042 3479 2185 3554 apud
2211 3481 2314 3536 Pli-

745 3562 894 3616 nium
915 3564 967 3629 5,
985 3564 1073 3630 31,
1104 3567 1236 3631 1163
1260 3562 1403 3637 apud
1425 3562 1618 3618 Melam
1644 3578 1773 3616 vero
1798 3563 1877 3631 (1,
1903 3561 1994 3633 17)
2014 3558 2235 3633 legitur:
2259 3560 2316 3617 ia

751 3640 869 3715 ipsa
899 3641 1339 3716 (Erythraeorum)
1356 3641 1640 3717 peninsula
1659 3652 1740 3697 ese
1765 3646 1970 3714 eoque.
2012 3642 2184 3697 Situm
2210 3643 2315 3698 Co·

748 3740 982 3795 rynaeum
1027 3721 1183 3778 fuisse
1216 3722 1377 3779 debet
1415 3722 1485 3779 ad
1517 3731 1721 3796 partem
1748 3721 2167 3793 angustissimam
2196 3720 2315 3778 freti

750 3802 886 3856 inter
910 3803 1263 3858 coutinentem
1310 3813 1366 3859 et
1408 3800 1603 3857 Chium
1649 3800 1875 3857 insulam
1921 3800 2310 3858 intercedentis.

748 3882 873 3936 Haec
911 3892 1083 3937 autem
1125 3878 1355 3936 efficitur
1379 3890 1494 3937 acte
1519 3900 1551 3937 e
1576 3881 1878 3937 continente
1911 3882 1968 3935 in
1996 3899 2141 3935 mare
2184 3901 2313 3955 pro-

748 3958 878 4031 iecte
902 3960 1140 4035 duosque
1175 3959 1404 4015 habente
1441 3961 1645 4033 apices,
1684 3979 1915 4033 quorum
1956 3960 2197 4016 australis
2234 3973 2315 4016 est

750 4045 1050 4113 Argennum
1084 4042 1509 4113 promontorium
1526 4080 1543 4110 ,
1574 4040 1707 4096 alter
1732 4042 1789 4095 in
1824 4039 2041 4095 boream
2076 4052 2314 4113 spectans

746 4120 984 4193 Chioque
1026 4119 1210 4175 insula
1233 4119 1513 4194 proximus
1540 4120 1856 4194 Corynaeum
1881 4136 1968 4193 pr.
1991 4136 2103 4174 csse
2133 4118 2310 4175 debet.

750 4202 1003 4263 Distantia
1036 4206 1178 4261 inter
1204 4214 1492 4278 utrumque
1529 4204 1823 4261 secundum
1850 4206 2079 4279 optimas
2110 4205 2312 4260 tabulas

750 4285 979 4342 nauticas
1003 4284 1281 4342 intercedit
1299 4282 1591 4340 stadiorum
1612 4285 1823 4341 circiter
1843 4284 2029 4357 viginti
2053 4285 2309 4358 quinque,

751 4362 881 4419 adeo
902 4364 1043 4420 utin
1083 4363 1433 4437 Agathemero
1456 4381 1557 4436 pro
1582 4364 1826 4419 codicum
1868 4381 2095 4419 numero
2134 4376 2314 4437 aperte

751 4452 1003 4516 corrupte
1015 4440 1116 4498 20¹
1130 4443 1282 4515 (270)
1302 4442 1639 4498 smibendum
1658 4454 1791 4498 essct
1807 4442 1913 4501 ΚΕ.
1926 4444 2118 4499 Nescio
2138 4454 2313 4499 tamen

751 4540 821 4577 an
847 4522 987 4582 banc
1010 4540 1221 4597 quoque
1247 4521 1573 4591 distantiam,
1604 4525 1756 4579 sicuti
1778 4534 1977 4579 ceteras
2006 4523 2281 4597 plerasque
2294 4564 2311 4591 ,

744 4598 893 4671 justo
911 4600 1164 4674 majorem
1185 4600 1549 4659 Artemidorus
1572 4601 1749 4658 fecerit
1764 4642 1781 4669 ,
1806 4612 1859 4657 et
1873 4620 1975 4675 pro
1998 4600 2079 4658 oo'
2096 4604 2318 4675 scripse-

750 4678 826 4733 rit
850 4678 918 4734 ο’.
950 4682 1077 4750 Quo
1108 4697 1354 4737 concesso
1368 4722 1383 4745 ,
1408 4698 1611 4737 summa
1652 4678 1941 4736 stadiorum
1986 4681 2318 4752 colligeretur

759 4758 951 4825 18060,
981 4777 1097 4833 quoe
1121 4758 1187 4815 ad
1228 4778 1343 4815 eam
1386 4778 1542 4833 quam
1582 4760 1788 4831 codices
1827 4760 2025 4835 babent
2066 4760 2310 4833 (18056),

749 4838 995 4910 proxime
1004 4838 1293 4897 accederet.
1313 4840 1398 4895 Ab
1418 4844 1665 4914 Argenno
1682 4841 1737 4896 in
1755 4838 1948 4895 Chium
1969 4838 2160 4895 Strabo
2173 4850 2316 4895 recte

748 4928 1027 4993 computat
1066 4917 1229 4975 stadia
1272 4923 1360 4987 60,
1388 4920 1762 4992 Agathemerus
1783 4937 1816 4974 a
1836 4919 2095 4992 Corynaeo
2118 4919 2188 4976 50
2213 4936 2316 4973 nu-

748 5007 919 5052 merat
931 5037 949 5066 ,
976 5016 1041 5053 ec
1058 5016 1241 5073 reapse
1277 4998 1345 5053 ab
1364 4998 1466 5053 boc
1481 4998 1846 5073 promontorio
1864 4997 2109 5070 trajectus
2130 4997 2314 5053 decem

748 5072 860 5129 fere
875 5076 1061 5133 stadiis
1072 5078 1288 5134 brevior
1304 5087 1400 5135 est.
1431 5079 1547 5151 11-
1562 5079 1616 5134 3.
1637 5077 1731 5153 κε’]
1757 5078 1833 5132 oo'
1857 5076 2017 5133 codd.
2041 5078 2181 5132 Vide
2194 5087 2312 5133 not.

744 5164 920 5211 antec.
948 5155 1071 5229 ΙΙ-
1090 5158 1280 5231 Φλίον]
1301 5156 1557 5212 Honestior
1583 5158 1767 5215 Strabo
1786 5156 1962 5212 babet.
1993 5158 2180 5229 Itaque
2206 5174 2318 5211 sus·

744 5233 889 5305 picio
929 5235 1270 5293 subnascitur
1293 5238 1349 5292 in
1372 5236 1577 5293 ΦΑΙΟΝ
1604 5248 1759 5293 tatere
1786 5234 1999 5291 ΕῙΔΙΟΝ
2012 5275 2027 5302 ,
2056 5252 2316 5309 reponen-

2403 578 2570 635 stadia
2593 580 2726 644 33ος
2755 578 2823 633 ad
2851 580 3055 634 (iot-sim
3076 578 3242 634 stadia
3269 596 3401 647 1⁰03
3426 580 3493 635 ad
3519 583 3814 637 Samiorum
3833 588 3975 639 Am-

2403 660 2579 732 pelum
2606 658 2774 714 stadia
2819 659 2918 725 30;
2959 658 3029 713 ad
3067 659 3368 730 Argennum
3415 678 3512 733 per
3551 662 3784 732 AEgaetma
3821 682 3974 719 mare

2404 740 2571 795 stadia
2605 740 2739 805 500;
2779 738 2848 792 ad
2887 737 3282 812 Erytbraeorum
3322 740 3640 811 Corynaeum
3665 740 3832 796 stadia
3855 742 3969 808 253

2405 815 2474 871 ad
2511 816 2721 873 Phlium
2750 815 3136 889 (Posidium)
3179 818 3299 873 Chii
3333 820 3768 891 promontorium
3792 820 3970 875 stadia

2407 894 2502 961 503
2532 893 2600 949 ad
2625 895 2918 950 Melaneum
2955 894 3224 965 (Maleam
3239 900 3308 967 Ρ)
3343 895 3500 951 Lesbi
3527 902 3962 969 promontorium

2405 972 2571 1027 stadia
2597 973 2700 1038 450
2716 993 2732 1040 ;
2751 974 2818 1029 ad
2840 975 3072 1045 Sigrium
3085 975 3240 1029 Lesbi
3265 974 3434 1030 stadia
3448 976 3582 1041 5003
3611 975 3975 1033 adTencdum

2405 1052 2628 1106 insulam
2669 1052 2834 1107 stadia
2868 1052 3004 1121 45ος
3041 1053 3111 1108 ad
3151 1056 3362 1126 Sigeum
3405 1054 3573 1110 stadia
3618 1072 3750 1123 1003
3789 1057 3859 1112 ad
3903 1078 3972 1113 os

2403 1132 2560 1186 Ponti
2603 1129 2768 1185 stadia
2802 1131 2971 1199 2500,
3013 1132 3081 1187 ad
3107 1132 3391 1188 Carambin
3415 1132 3582 1188 stadia
3609 1138 3752 1191 2800
3767 1158 3784 1205 3
3814 1137 3879 1192 ad
3906 1156 3974 1194 os

2402 1209 2664 1265 Maeotidis
2683 1209 2852 1265 stadia
2872 1210 3044 1278 ²50⁰?
3071 1211 3139 1267 ad
3155 1214 3359 1267 Tanain
3387 1213 3556 1268 stadia
3583 1230 3747 1271 2200.

2406 1421 2644 1496 dumque
2685 1440 2796 1477 esse
2830 1421 2912 1479 ἐπὶ
2963 1425 3281 1499 [Ποσ]είὸιον.
3311 1428 3518 1481 Incerta
3545 1436 3720 1481 tamen
3759 1445 3844 1481 res
3867 1440 3970 1484 ωε.

2405 1503 2543 1557 Nam
2566 1502 2686 1558 Chii
2702 1502 2831 1558 illud
2849 1506 3268 1577 promontorium
3282 1506 3454 1577 ipsum
3474 1524 3687 1579 quoque
3703 1505 3976 1581 duplicem

2405 1583 2608 1654 apicem
2661 1584 2880 1649 emittit,
2907 1601 3135 1656 quorum
3173 1584 3412 1639 australis
3435 1584 3715 1651 Ποσείδιον,
3758 1598 3975 1659 septen—

2405 1661 2668 1727 trionalis,
2706 1678 2771 1717 xo
2800 1661 2910 1717 fere
2935 1660 3114 1717 stadiis
3151 1662 3218 1717 ab
3241 1662 3407 1717 altero
3431 1663 3664 1730 distans,
3693 1667 3785 1737 qui
3821 1685 3974 1722 nunc

2409 1742 2534 1813 Cap.
2561 1738 2626 1793 de
2657 1744 2744 1794 See
2770 1740 2960 1797 Helene
2998 1752 3232 1808 vocatur,
3259 1741 3420 1795 Φλίον
3465 1742 3570 1811 (vel
3612 1743 3736 1799 sort.
3779 1745 3971 1821 Φαὼν)

2404 1816 2510 1873 dici
2523 1820 3132 1891 Ροωίι.11-·3.Μελανέα]
3150 1820 3337 1875 Strabo
3346 1838 3403 1893 p.
3424 1826 3528 1890 617
3553 1824 3702 1893 (527,
3723 1824 3792 1878 23
3811 1823 3973 1897 Did.)

2405 1908 2662 1953 memorat
2686 1898 2908 1966 Μαλίαν,
2931 1898 2990 1953 ‘rb
3015 1900 3308 1955 νοτιώτατον
3329 1900 3515 1955 Mesoa
3543 1899 3711 1972 ἄκρον,
3741 1904 3822 1973 (C.
3848 1904 3976 1959 th'-

2406 1987 2531 2031 τουπ
2557 1980 2799 2033 Bouroaem
2815 1978 2925 2034 sive
2953 1983 3010 2036 C.
3029 1978 3200 2035 uarie
3227 1980 3336 2034 sive
3356 1983 3411 2035 C.
3434 1983 3592 2051 lem),
3612 2000 3644 2035 a
3665 2000 3774 2053 quo
3797 2001 3974 2056 usque

2401 2043 2468 2109 ad
2486 2056 2714 2128 sigrium
2727 2058 2924 2113 aseait
2941 2056 3108 2113 stadia
3125 2058 3367 2130 560(500
3380 2058 3609 2138 Δῃὼ.)
3623 2060 3773 2115 Idem
3789 2080 3944 2134 prom

2402 2136 2458 2189 in
2498 2135 2761 2191 Ptolemaei
2789 2136 2950 2194 codd.
2990 2137 3066 2206 (5,
3096 2154 3150 2203 2,
3176 2155 3233 2211 p.
3271 2137 3397 2211 323)
3421 2148 3478 2193 et
3505 2138 3658 2213 ‘apud
3701 2141 3867 2197 schol.
3898 2142 3968 2197 ad

2404 2216 2674 2289 Aristoph.
2702 2218 2843 2275 nan.
2875 2236 2928 2275 ν.
2959 2218 3029 2273 30
3051 2217 3218 2273 Μανία
3249 2228 3488 2286 vocatur,
3511 2230 3568 2274 et
3611 2219 3790 2275 Μαλέα
3825 2222 3972 2294 apud

2403 2296 2653 2369 Xenoph.
2669 2296 2802 2355 Heu.
2835 2313 2884 2364 1,
2906 2302 2960 2362 6,
2983 2302 3074 2355 26.
3093 2296 3240 2353 Idem
3257 2337 3274 2365 ,
3294 2298 3554 2371 suspicor,
3571 2300 3730 2355 etiam
3751 2300 3974 2368 Μαλόιιις

2401 2374 2676 2431 dicebatur
2717 2378 2792 2447 (et
2829 2376 3102 2431 Maloentis
3124 2375 3381 2449 Apollinis
3412 2374 3594 2432 sanum
3634 2378 3863 2453 habuit),
3899 2383 3972 2437 si'-

2403 2454 2509 2508 cuti
2534 2453 2811 2527 Mytilencs
2834 2465 3052 2527 portum
3079 2454 3338 2511 borealem
3361 2456 3700 2529 Thucydides
3726 2462 3816 2525 41,
3849 2460 3901 2526 3,
3932 2466 3968 2527 4

2401 2543 2455 2587 et
2475 2538 2530 2600 4,
2549 2538 2582 2587 6
2599 2532 2828 2597 Μαλέαν,
2851 2533 3152 2589 Aristoteles
3167 2536 3270 2603 (De
3293 2536 3482 2608 ventis)
3503 2546 3680 2589 autem
3699 2536 3972 2593 Μαλοίντα

2400 2611 2643 2684 appellat.
2667 2610 2818 2667 Haud
2841 2611 3105 2666 diversum
3133 2629 3304 2684 prom.
3332 2614 3505 2667 notari
3533 2632 3722 2668 censeo
3749 2615 3804 2669 in
3831 2620 3972 2688 Aga·

2401 2689 2640 2745 themero
2655 2731 2671 2757 ,
2689 2691 2784 2745 ubi
2809 2692 3000 2763 corrigi
3026 2690 3180 2745 velim
3203 2690 3436 2747 Μαλέαν.
3459 2694 3639 2764 11-4.
3655 2692 3754 2767 υν’]
3777 2695 3971 2752 Strabo

2399 2787 2432 2823 a
2457 2770 2594 2825 Chio
2616 2769 2748 2825 urbe
2772 2769 2842 2824 ad
2867 2770 3098 2825 Lesbum
3135 2788 3246 2825 csse
3268 2770 3449 2842 prodit
3475 2770 3642 2825 stadia
3667 2774 3791 2838 400,
3819 2776 3971 2846 quod

2399 2846 2536 2903 bene
2553 2848 2779 2922 quadrat
2797 2866 2922 2903 cum
2943 2846 3122 2903 stadiis
3143 2844 3268 2915 450,
3289 2866 3409 2920 quae
3431 2846 3557 2902 inde
3576 2867 3609 2902 a
3627 2849 3780 2905 Pblio
3801 2868 3972 2925 expu-

2399 2936 2478 2982 tat
2498 2926 2887 2986 Artemidorus.
2907 2928 2932 3000 11
2949 2926 3092 2982 -τδ
3105 2967 3122 2994 ,
3142 2925 3286 2999 quod
3305 2937 3523 2982 estante
3543 2927 3763 3001 Σίγριον,
3781 2929 3970 2987 addidi

2397 3024 2466 3062 ex
2487 3010 2556 3083 Γ.
2588 3008 2612 3079 [Ι
2637 3036 2712 3050 -
2732 3008 2782 3064 5.
2807 3006 2878 3080 φ’]
2909 3004 2988 3081 «ρξ’
3013 3006 3220 3063 Strabo.
3257 3006 3660 3073 Artemidorus,
3687 3018 3753 3063 ut
3774 3009 3970 3067 lineam

2399 3100 2560 3155 quam
2584 3084 2814 3138 maxime
2838 3094 3034 3139 rectam
3063 3084 3408 3151 describeret,
3443 3085 3604 3139 misso
3638 3084 3808 3140 Malea
3843 3106 3970 3159 pro-

2400 3164 2699 3228 montorio,
2728 3181 2760 3218 a
2782 3162 2918 3217 Chio
2943 3166 3120 3218 statim
3150 3162 3218 3216 sd
3256 3163 3486 3234 sigrium
3523 3162 3772 3237 progredi
3808 3166 3970 3222 debe-

2401 3242 2510 3297 bat.
2539 3241 2703 3312 Quod
2731 3241 3013 3314 quominus
3038 3240 3220 3296 fecerit
3241 3239 3576 3315 impedivisse
3599 3241 3812 3302 videtur
3839 3244 3969 3301 falsa

2400 3320 2470 3375 de
2496 3320 2653 3376 Lesbi
2677 3320 2846 3391 figura
2861 3319 3071 3393 opinio;
3093 3337 3216 3375 nam
3237 3320 3293 3374 in
3315 3319 3581 3375 Ptolemaei
3600 3319 3790 3376 tabulis
3805 3323 3970 3379 Malia

2399 3410 2454 3455 et
2477 3401 2708 3473 sigrium
2733 3400 2790 3454 in
2810 3398 3000 3455 eodem
3021 3397 3315 3455 meridiano
3335 3398 3405 3454 ad
3439 3398 3761 3455 occidentale
3782 3400 3969 3457 insnlae

2401 3481 2535 3537 latus
2555 3481 2726 3555 posita
2743 3489 3032 3549 sunt,cum
3052 3480 3244 3554 quibus
3257 3479 3441 3535 confer
3457 3477 3603 3553 quod
3627 3480 3816 3535 Strabo
3833 3480 3970 3536 dicit

2403 3562 2560 3617 Lesbi
2601 3558 2784 3616 insulae
2822 3558 3203 3633 longitudinem
3241 3558 3504 3634 pertinere
3539 3576 3572 3612 a
3596 3556 3755 3613 Malia
3792 3556 3863 3614 ad
3887 3560 3971 3615 Si·

2401 3642 2577 3714 grium
2591 3682 2608 3709 ,
2664 3640 2737 3696 ita
2795 3650 2856 3695 ut
2899 3638 3130 3712 sigrium
3173 3640 3244 3694 sit
3295 3636 3477 3693 insulae
3538 3639 3968 3710 promontorium

2400 3722 2629 3777 maxime
2669 3718 2876 3776 boreale
2887 3758 2904 3787 ,
2933 3737 3001 3775 ex
3041 3718 3254 3791 regione
3295 3718 3525 3791 positum
3575 3717 3726 3772 Lecti
3753 3727 3808 3771 et
3843 3720 3968 3774 Asai

2398 3796 2676 3871 Troadis..
2697 3798 2878 3873 -υνΊ
2900 3797 2968 3854 56
2991 3816 3066 3855 m.
3087 3816 3143 3871 p.
3172 3799 3320 3869 (448)
3343 3795 3482 3851 stad.
3511 3812 3616 3850 sec.
3647 3794 3880 3851 Plinium
3909 3797 3966 3865 5,

2403 3879 2493 3953 39.
2513 3878 2538 3951 ΙΙ
2565 3907 2640 3921 -
2653 3876 2825 3951 Σίγιον
2849 3877 3380 3950 monnau—64⁹]
3403 3876 3679 3935 consentit
3695 3874 3896 3931 Plinius
3923 3876 3962 3933 l.

2399 3958 2436 4015 l.
2469 3960 2492 4031 ΙΙ
2514 3957 2816 4031 -Πόντου]
2843 3962 3068 4032 ποταμοῦ
3094 3962 3164 4015 Β.
3191 3959 3214 4030 ΙΙ
3236 3988 3310 4000 -
3324 3954 3442 4031 ,βφἹ
3469 3953 3548 4029 βρ’
3565 3960 3676 4012 CD.
3701 3956 3967 4010 Numerus

2401 4040 2541 4095 2500
2562 4039 2719 4093 etiam
2741 4038 2797 4092 in
2820 4041 2851 4108 ς
2875 4054 2940 4111 19
2964 4050 3019 4094 et
3037 4037 3179 4112 apud
3197 4036 3427 4094 Plinium
3449 4036 3696 4091 recurrit.
3715 4034 3970 4090 Similiter

2398 4118 2666 4183 Isidorus,
2696 4117 2790 4189 qui
2827 4118 2884 4171 in
2925 4116 3102 4172 multis
3137 4134 3260 4172 cum
3304 4113 3646 4171 Artemidoro
3674 4113 3829 4179 facit,
3854 4130 3962 4169 sec.

2398 4200 2630 4254 Plinium
2658 4196 2713 4263 5,
2736 4201 2826 4263 44,
2858 4200 2889 4267 ς
2919 4197 3039 4265 150,
3072 4215 3104 4252 a
3142 4198 3296 4267 Sigeo
3331 4192 3400 4249 ed
3425 4192 3812 4249 Chalcedonem
3852 4210 3968 4248 esse

2399 4279 2537 4334 dixit
2549 4278 2786 4334 cccxn
2801 4276 3099 4351 (perperam
3125 4276 3466 4331 cccxxxn
3482 4272 3646 4344 smig.
3662 4289 3729 4325 ex
3743 4288 3854 4327 uno
3871 4290 3970 4329 co·-

2399 4358 2535 4432 dice)
2563 4376 2641 4413 m.
2663 4375 2720 4430 p.
2736 4358 2901 4429 (2496
2925 4354 3113 4428 ποτὶ).
3130 4355 3302 4410 Mirus
3328 4364 3502 4409 tamen
3524 4352 3608 4407 his
3628 4352 3767 4406 inest
3790 4368 3964 4419 error,

2399 4457 2570 4512 quum
2587 4434 2942 4510 computande
2963 4433 3181 4490 fuissent
3197 4450 3305 4489 non
3323 4431 3486 4497 2500,
3505 4430 3599 4486 sed
3623 4429 3760 4487 1500
3775 4429 3966 4497 stadia,

2399 4528 2534 4592 quot
2559 4517 2657 4573 ἀπὸ
2693 4518 2782 4584 τῆς
2813 4514 3045 4588 Τρωάδος
3078 4512 3158 4569 ἰπὶ
3179 4514 3239 4569 ‘rb
3263 4512 3528 4575 Βυζάντιον
3555 4520 3972 4589 rede-numerat

2399 4598 2594 4654 Strabo
2647 4614 2702 4669 p.
2739 4596 2836 4657 124
2865 4594 2956 4664 (ex
2989 4590 3363 4660 Eratosthene,
3391 4601 3454 4645 ut
3479 4588 3731 4661 videtur).
3763 4590 3968 4647 Forsan

2399 4676 2596 4731 nostris
2616 4673 2794 4729 subest
2814 4672 3184 4745 perantiquum
3199 4669 3458 4725 librorum
3474 4665 3968 4725 Artemidorcorum

2401 4755 2610 4809 vitium.
2641 4752 2760 4824 11-
2777 4768 2829 4821 7.
2853 4747 2979 4823 ,fit-»¹1
3001 4749 3199 4805 Eodem
3222 4749 3385 4804 modo
3402 4746 3588 4804 Strabo
3604 4788 3619 4815 ,
3648 4746 3743 4819 qui
3761 4764 3793 4801 a
3807 4746 3966 4801 Ponti

2401 4852 2497 4890 ore
2533 4830 2834 4888 Heracleam
2865 4828 3019 4895 1500,
3047 4830 3174 4885 hinc
3198 4828 3266 4884 ad
3295 4827 3594 4884 Carambim
3637 4827 3776 4884 1300
3797 4825 3966 4882 stadia

2399 4922 2651 4970 recenset.
2664 4911 2816 4984 ss—8.
2835 4908 2953 4983 ,βσἸ
2979 4911 3057 4965 sic
3089 4912 3348 4973 BCDEF,·
3371 4908 3490 4985 ,βσί
3505 4911 3582 4971 A,-
3617 4904 3759 4982 ,βχᾶ
3785 4905 3961 5001 editt-3

2399 4988 3967 5147 321}esstsszt‘llzlfmssngsgtgsujssgsgep'inssguffiffig'ppffss

2401 5150 2576 5208 media
2600 5152 2656 5207 in
2683 5146 2950 5205 codicibus
2991 5146 3307 5223 quibusdam
3335 5144 3568 5217 neglecta
3593 5160 3706 5198 esse
3747 5160 3812 5197 ex
3841 5160 3959 5214 sqq.

2401 5232 2629 5306 colligas.
2657 5226 2829 5288 Stadia
2867 5228 2951 5305 βσ’
2973 5228 3133 5285 habes
3157 5227 3312 5283 etiam
3341 5229 3372 5295 S
3405 5242 3470 5295 ¹9
3496 5234 3550 5278 et
3579 5240 3666 5295 ap.
3697 5221 3962 5287 Plinium,
