4584 6284
1957 560 2183 621 omns
2222 560 2703 625 DESCRIPTIO.

865 692 1036 759 Νῆσοι
1064 688 1109 747 δ’
1133 687 1298 757 ἑξείης
1328 691 1652 763 Γυμνήσιαι·
1681 686 1808 767 ἄγχι
1835 685 1890 747 δὲ
1919 689 2137 761 Βοῑῐσος,

865 776 1060 853 Σαρδώ
1087 777 1137 835 τ’
1167 776 1420 855 εὐρυτάτη
1441 776 1533 833 καὶ
1555 774 1813 855 ἐπήρατος
1825 778 1897 835 εἶν
1921 775 2009 834 ἁλὶ
2032 777 2254 856 Κύρνος,

862 864 930 937 ἥν
955 864 1020 944 ῥά
1049 887 1106 923 τε
1139 864 1371 943 Κορσίδα
1399 868 1562 943 φῶτες
1589 863 1870 943 ἐπιχθόνιοι
1891 862 2178 923 καλέουσιν·

755 972 836 1013 too
863 951 963 1028 ὕλῃ
995 952 1040 1011 δ’
1069 951 1374 1032 ἀμφιλαφὴς
1401 950 1540 1018 οὔτις
1565 952 1730 1025 τόσον,
1751 949 1902 1009 ὅσσον
1924 950 2114 1023 ἐκείνη.

863 1044 914 1103 Τ
915 1039 982 1112 ὴν
1005 1040 1060 1099 δέ
1087 1038 1200 1119 μετ’
1223 1042 1416 1101 Αἰόλου
1437 1041 1535 1100 εἰσὶ
1556 1039 1854 1121 περίδρομοι
1877 1042 1950 1099 εῑν
1975 1038 2062 1097 ἁλὶ
2083 1042 2253 1111 νῆσοι,

865 1130 1064 1189 Αἰόλου
1091 1128 1444 1201 Ἱπποτάδαο,
1471 1127 1750 1211 φιλοξείνου
1781 1128 2055 1208 βασιλῆος,

871 1216 1091 1288 Αἰόλου,
1120 1215 1173 1283 ὃς
1195 1214 1362 1287 θηητὰ
1389 1219 1502 1294 μετ’
1533 1214 1774 1295 ἀνδράσιν
1802 1214 1992 1293 ἔλλαχε
2023 1216 2164 1293 δῶρα
2183 1256 2200 1289 ,

865 1304 1133 1384 κοιρανίην
1159 1304 1362 1381 ἀνέμων
1387 1300 1694 1363 κλονεόντων
1717 1304 1763 1361 θ’
1785 1300 2074 1377 ἱσταμένων
2097 1323 2174 1359 τε.

758 1413 838 1455 tes
869 1391 1046 1453 Ἑπτὰ
1061 1391 1118 1451 δέ
1137 1393 1184 1450 οἱ
1201 1392 1290 1452 ταί
1301 1390 1508 1469 γἐἷσίν,
1518 1390 1777 1467 έπιῖονυμοι
1789 1388 2002 1469 ἀνδράσι
2017 1387 2253 1462 Πλωταί,

865 1480 1053 1540 οὔνεκα
1079 1480 1270 1558 μέσσον
1299 1478 1476 1560 ἔχουσι
1493 1478 1768 1557 περίπλοον
1794 1476 2154 1559 ἀμφιέλικτον.

865 1567 1124 1648 Τρινακίη
1153 1567 1199 1627 δ’
1223 1566 1310 1626 ἐπὶ
1330 1572 1477 1646 τῇσιν
1499 1566 1628 1645 ὑπὲρ
1653 1564 1806 1623 πέδον
1829 1565 2134 1637 Αὖσονιήων

866 1656 1164 1727 ἐκτέταται,
1193 1656 1470 1735 πλευρῇσιν
1495 1656 1582 1711 ἐπὶ
1607 1652 1774 1733 τρισὶν
1799 1656 2046 1725 ἑστηκυῖα
2063 1676 2078 1689 ·

863 1745 1000 1825 ἄκρα
1028 1741 1086 1802 δέ
1109 1746 1158 1804 οἱ
1183 1742 1429 1823 Πάχυνός
1455 1764 1508 1799 τε
1534 1740 1771 1820 Πελωρίς
1792 1764 1850 1800 τε
1871 1740 2078 1811 Λιλόὸη
2103 1762 2186 1800 τε.

701 1907 1046 1979 Nicephorus.
1075 1906 1154 1961 Cf.
1186 1905 1322 1963 Pliu.
1347 1906 1398 1970 3,
1428 1922 1484 1958 ιι
1509 1909 1624 1975 §77
1653 1920 1665 1957 :
1691 1903 1923 1957 Baliares
1938 1903 2122 1973 sunda
2157 1903 2260 1955 bel-

699 1985 888 2039 licosas
928 1985 1100 2042 Groect'
1136 1982 1452 2053 Gymnasias
1483 1982 1680 2037 dixere.
1716 1985 1736 2053 ΙΙ
1769 2012 1840 2024 --
1878 1981 1931 2035 δέ
1966 1982 2166 2053 Βοῦσος]
2207 1980 2259 2035 st

701 2064 884 2127 Βαΰσος
903 2062 990 2129 (K,
1009 2061 1062 2116 δὲ
1079 2062 1291 2123 Βοῦσσος
1307 2066 1396 2117 BC
1395 2065 1506 2115 A'oe
1519 2083 1540 2124 ,·
1557 2061 1600 2113 δ’
1623 2060 1860 2123 Ἔὸουσος
1871 2060 2255 2131 Bernhardyus.

699 2140 856 2215 Apud
883 2139 1198 2195 Strabonem
1235 2155 1448 2211 quoque
1472 2156 1528 2211 p.
1563 2139 1869 2192 123·omnes
1895 2138 2100 2193 codices
2125 2156 2260 2211 pra·-

697 2220 823 2274 bent
862 2220 1029 2282 Βόσος.
1061 2218 1310 2274 Similiter
1333 2219 1390 2271 in
1427 2218 1658 2271 nummis
1695 2216 1946 2272 Cabiricis
1979 2234 2174 2273 nomen
2200 2217 2264 2271 li-

698 2299 1094 2373 byphoenicium
1141 2297 1304 2352 modo
1346 2296 1534 2367 legitur
1575 2296 1822 2353 J·Busim
1867 2294 2192 2369 (nvn-m),
2219 2296 2258 2349 i.

697 2399 747 2433 e.
796 2386 944 2447 νῆσος
991 2378 1197 2441 xit-30³2,
1249 2381 1543 2442 πιτυοῦσσα,
1594 2374 1753 2430 modo
1802 2376 2010 2429 brevius
2057 2374 2256 2433 Busim.

703 2462 893 2514 Forma
927 2459 1192 2530 phoenicia
1225 2468 1305 2511 cst
1343 2454 1560 2511 bmsim.
1595 2457 1733 2510 Hinc
1761 2454 2126 2527 explicandum
2151 2472 2263 2509 esse

701 2538 850 2609 quod
893 2535 1036 2608 apud
1067 2534 1364 2590 Diodorum
1395 2535 1446 2600 5,
1498 2539 1561 2589 16
1599 2534 1788 2606 legitur
1811 2534 2014 2607 Ἔρεσος
2037 2551 2260 2600 nomen,

703 2626 886 2689 utpote
913 2633 945 2669 a
972 2632 1127 2681 ἶς’-ι)
1175 2615 1416 2686 (βέροσος)
1456 2614 1702 2681 ductum,
1755 2624 1930 2669 censet
1973 2615 2266 2668 Movet-sius

702 2694 939 2750 Phoenix.
965 2704 1006 2747 t.
1026 2711 1079 2761 α,
1099 2712 1154 2768 p.
1183 2698 1288 2749 ⁵86
1307 2706 1442 2759 not-3
1464 2693 1844 2765 Wesselingius
1861 2692 2020 2748 scrib.
2040 2691 2266 2763 conjecit

703 2773 914 2837 Ἔδεσος
961 2772 1042 2828 vel
1081 2773 1322 2837 Ἐὅουσος
1368 2775 1390 2843 ΙΙ
1432 2802 1507 2815 -—
1544 2772 1666 2838 458.
1717 2772 1970 2845 εὐρυτάτη]
2021 2770 2264 2826 Sardinia

699 2854 900 2908 Timeo
921 2852 1140 2924 aliisque
1161 2862 1274 2906 erat
1297 2852 1524 2906 maxima
1548 2850 1840 2906 insularum
1864 2852 2022 2905 maris
2043 2851 2260 2906 interni.

701 2933 769 2986 V.
803 2942 937 2987 tom.
975 2948 1026 2997 1,
1056 2948 1114 3004 p.
1161 2936 1249 3001 96.
1279 2933 1302 3001 ΙΙ
1325 2962 1396 2972 -
1417 2930 1670 3001 ἐπήρατος]
1698 2932 2273 2987 ABCDFHKMNOY

708 3009 1100 3083 UXeegltqurt,
1133 3009 1484 3081 Pamphrast„
1526 3008 1672 3073 Ald.;
1711 3009 1904 3082 ἄπειρος
1929 3013 2000 3076 Ε,
2021 3007 2264 3079 ἀπείριτος

695 3092 856 3145 ceteri
873 3130 890 3156 ,
934 3089 1194 3161 probante
1232 3087 1586 3159 Bernhardyo.
1630 3090 1704 3142 Ut
1743 3090 1977 3162 Cyrnum
2023 3086 2262 3159 ἐπήρατον

702 3170 1013 3243 Dionysius,
1039 3170 1116 3222 sic
1137 3167 1430 3221 Sardiniam
1453 3168 1796 3221 Callimachus
1821 3170 1878 3222 in
1915 3166 2031 3224 Del.
2061 3184 2124 3221 αι
2159 3166 2263 3239 ἱμε-

703 3252 902 3319 ρόεσσαν
949 3246 1098 3301 dicit.
1135 3249 1156 3317 ΙΙ
1185 3277 1258 3289 -
1287 3248 1410 3317 459.
1459 3246 1695 3319 Κορσίκαν
1743 3250 1886 3303 varia
1929 3246 2082 3302 lectio
2117 3247 2262 3320 apud

703 3326 1053 3381 Eustatbium.
1079 3328 1327 3395 11-460.
1345 3328 1522 3380 τόσσον
1548 3330 1616 3392 G,
1645 3326 1828 3395 έκείνης
1855 3328 2012 3388 ΗΟζ.
2038 3326 2121 3381 Cf.
2145 3328 2262 3382 Cal-

701 3406 958 3460 limachus
993 3405 1179 3475 hymn.
1225 3406 1282 3458 in
1320 3404 1490 3478 Apoll.
1543 3410 1612 3469 42
1655 3422 1670 3459 ε
1713 3406 1864 3478 τέχνῃ
1902 3405 1948 3458 δ’
1985 3404 2264 3479 ἀμφιλαφὴς

703 3484 833 3547 οὔτις
856 3483 1002 3537 τόσον
1046 3485 1196 3536 ὅσσον
1226 3480 1496 3538 Ἀπόλλων.
1533 3484 1556 3555 ΙΙ
1584 3488 1707 3550 462.
1746 3482 2042 3539 ‘lm-cabaa
2081 3488 2157 3550 C,
2179 3506 2260 3559 φι-

704 3563 904 3627 λοξένου
938 3561 1024 3616 Ud
1053 3561 1170 3616 Ald.
1206 3564 1230 3632 ss
1260 3564 1471 3627 -464,
1500 3562 1762 3633 κοιρανέειν
1787 3580 1898 3617 var.
1927 3560 2044 3617 lect.
2073 3580 2160 3637 ap.
2190 3566 2256 3619 R.

703 3655 759 3699 et
797 3646 868 3699 Η.
911 3642 1233 3715 Stephanos;
1275 3642 1599 3714 κλονεόντων]
1633 3647 1730 3695 τῶν
1771 3640 1952 3697 ἀέντων
1989 3662 2066 3697 οε.
2109 3642 2263 3699 Hunc

707 3740 918 3778 vet-sum
942 3722 1122 3777 omisit
1141 3740 1193 3793 q.
1233 3723 1254 3791 ΙΙ
1277 3752 1348 3763 -
1365 3721 1488 3787 465.
1511 3722 1564 3775 δέ
1589 3721 1656 3793 οἱ]
1680 3722 1732 3775 δέ
1754 3740 1830 3774 τοι
1853 3725 2264 3778 Auxoam-

707 3804 788 3858 ταί
813 3803 885 3875 γ’]
903 3801 988 3855 ταί
1006 3802 1051 3853 δ’
1063 3802 1190 3857 NXe
1205 3812 1260 3855 et
1276 3818 1526 3873 supr.scr.
1545 3804 1620 3866 0,-
1633 3803 1905 3873 μετώνυμοι
1919 3802 2259 3875 ε.-Πλωταί]

709 3880 868 3954 Apud
881 3881 1100 3935 Homer.
1113 3878 1304 3951 odyss.
1327 3897 1410 3946 10,
1431 3880 1462 3933 3
1478 3879 1656 3935 AEolus
1671 3879 1990 3953 Hippotades
2003 3881 2262 3936 habitasse

707 3959 906 4013 dicitur
929 3958 1106 4030 πλωτῇ
1132 3957 1205 4012 ἐνὶ
1231 3962 1386 4031 νήσῳ.
1411 3957 1659 4013 Similiter
1685 3959 1990 4031 Apollonius
2025 3960 2264 4015 Rhodius

707 4040 950 4104 Hieram,
974 4055 1140 4092 unam
1175 4055 1240 4091 ex
1267 4037 1402 4091 AEoli
1427 4036 1611 4091 insulis
1627 4077 1643 4103 ,
1669 4038 1933 4110 Hephaesti
1964 4037 2228 4095 officinam
2245 4081 2260 4106 ,

705 4116 986 4189 πλαγκτὴν,
1019 4117 1132 4183 vel,
1159 4118 1204 4171 si
1225 4116 1356 4172 fides
1376 4128 1511 4172 eset
1535 4116 1742 4171 scholiis
1763 4118 2074 4173 Florentinis
2089 4158 2104 4184 ,
2134 4118 2266 4174 πλω-

705 4196 796 4265 τὴν
821 4197 988 4267 dix-it,
1019 4195 1076 4249 id
1103 4207 1182 4251 est
1207 4207 1474 4250 natantem
1489 4236 1504 4263 ,
1533 4198 1668 4251 sicut
1699 4196 1806 4251 Nili
1843 4196 2062 4251 insulam
2099 4216 2266 4271 quau-

703 4276 826 4331 dam
867 4272 1072 4341 πλωτήν
1119 4274 1258 4328 dixit
1299 4273 1603 4329 Herodotus
1653 4292 1708 4341 α,
1764 4275 1881 4329 ι56.
1925 4277 2064 4331 Hinc
2110 4278 2268 4348 igitur

703 4356 968 4430 profectus
995 4355 1284 4425 Dionysius
1300 4394 1314 4417 ,
1343 4355 1526 4408 nescio
1553 4372 1712 4426 quem
1740 4364 2006 4409 auctooem
2027 4366 2263 4422 secutus,

700 4446 902 4507 septem
944 4431 1080 4487 AEoli
1121 4432 1347 4496 insutas,
1387 4450 1517 4503 quas
1561 4434 1818 4506 posterior
1861 4444 1982 4487 zetas
2020 4438 2263 4505 agnovit,

703 4512 912 4576 Πλωτὰς
935 4512 1114 4565 vomu-i
1141 4508 1304 4575 dicit,
1330 4512 1464 4565 sicut
1492 4511 1801 4583 Apollonius
1823 4511 2060 4567 Rhodius
2085 4532 2138 4580 a,
2161 4520 2266 4587 296

700 4592 845 4645 canit
867 4606 884 4645 t
907 4590 1188 4662 Στροφάδας
1217 4588 1271 4643 δὲ
1297 4588 1632 4659 μετακλείουᾶ
1658 4589 1906 4662 ἅνθρωποι
1941 4591 2134 4659 Νήσους
2157 4598 2269 4649 τοῖο

705 4671 756 4742 γ’
780 4671 938 4738 ἕκητι,
949 4670 1100 4741 πάρος
1115 4667 1366 4732 Πλωτὰς
1386 4667 1642 4733 καλέοντες
1659 4668 1748 4739 (cs.
1771 4670 1908 4725 Ptin.
1929 4675 1983 4735 4,
2017 4689 2080 4743 ι9
2102 4678 2132 4743 5
2151 4673 2262 4744 55).

703 4750 952 4804 Ceterum
985 4746 1199 4813 Πλωτὴν
1241 4766 1420 4802 rocem
1457 4749 1662 4803 varium
1696 4749 1752 4802 in
1781 4749 2000 4805 modum
2047 4754 2266 4810 Homeri

707 4832 1016 4901 interpretes
1038 4828 1380 4901 explicarunt.
1406 4828 1707 4881 Eustathius
1731 4826 1799 4905 ad
1822 4830 1982 4883 Hom.
2019 4849 2073 4903 p.
2106 4836 2261 4899 ι644,

704 4913 776 4980 47
804 4926 818 4963 2
843 4906 1026 4974 Πλωτὴ
1049 4909 1080 4974 ἢ
1105 4908 1226 4961 κατά
1253 4927 1300 4962 τι
1321 4908 1484 4980 κόριον
1510 4908 1668 4981 ὄνομα
1691 4908 1723 4976 ἢ
1749 4907 1782 4975 ἡ
1809 4910 2004 4982 κειμένη
2030 4909 2080 4963 έν
2111 4911 2262 4966 πλεο-

705 4988 866 5058 μένοις
891 4988 1058 5048 τόποις
1081 4988 1162 5039 καὶ
1180 4985 1260 5038 διὰ
1280 4991 1424 5040 τοῦτο
1445 4988 1817 5059 γνωριζομένοις
1831 5009 1844 5021 ·
1871 4988 1980 5042 κατ’
2001 4989 2182 5053 ἄλλους
2208 4991 2261 5046 δέ

701 5066 880 5137 φράσαι
905 5063 940 5131 ἡ
967 5066 1337 5135 προσπλεομένη
1363 5065 1441 5119 ὕπ’
1477 5064 1757 5137 ἀνθρώπιον·
1785 5066 1818 5135 ἢ
1854 5067 2018 5131 ἄλλως
2055 5068 2088 5136 ἡ
2127 5090 2261 5141 περι-

700 5143 949 5215 πλεομένη
991 5143 1160 5215 κύκλῳ
1201 5144 1284 5197 καὶ
1323 5143 1390 5215 μὴ
1425 5145 1550 5199 κατὰ
1591 5144 1675 5207 τὰς
1707 5145 1860 5209 ἄλλας
1901 5141 2024 5199 οὖσα
2069 5148 2261 5221 πλήρης

697 5218 898 5293 ὓφόλων
927 5228 1137 5295 πατρῶν.
1167 5220 1473 5295 Ἀρίσταρχος
1499 5222 1580 5291 δέ,
1603 5224 1745 5297 φασί,
1773 5222 1972 5291 πλωτὴν
2003 5224 2141 5298 λέγει
2169 5246 2258 5299 φο-

695 5298 852 5372 ρητὴν
883 5301 969 5356 καὶ
993 5296 1102 5356 οἶον
1119 5304 1496 5376 περιφερομένην
1517 5304 1550 5371 ἢ
1571 5305 1795 5377 συνεχείᾳ
1811 5311 2020 5376 σεισμῶν
2039 5307 2070 5372 ἢ
2091 5306 2258 5371 ἄλλως

727 5386 932 5436 πωσοῦν·
971 5382 1038 5445 ὡς
1059 5382 1178 5437 ποτὲ
1207 5382 1293 5437 dv
1327 5382 1377 5438 ἔν
1407 5382 1582 5449 δεξιοῖς
1605 5382 1806 5455 ὁρᾶσθαι
1829 5386 1989 5457 μῷεσι
2003 5424 2021 5451 ,
2048 5384 2168 5441 ποτὶ
2204 5384 2258 5440 δὲ

3766 578 3876 634 181

2348 701 2605 774 Deinceps
2624 712 2747 756 sunt
2766 700 2943 757 insula
2973 704 3271 771 Gymnesiae
3282 724 3301 773 ς
3330 722 3496 779 prope
3518 705 3615 761 has
3634 707 3802 761 Busus

2346 806 2410 843 ac
2434 790 2788 861 patentissima
2808 789 3043 845 Sardinia
3064 802 3117 845 et
3132 792 3367 847 amabilis
3382 792 3439 847 in
3458 795 3591 847 mari
3612 794 3845 866 Cyrnus,

2348 894 2504 947 quam
2527 875 2743 949 quidem
2764 874 3017 947 indigene
3044 876 3279 931 homines
3295 879 3561 933 Corsicam
3578 879 3869 953 appellant;

2346 962 2485 1016 silvis
2506 973 2682 1017 autem
2707 972 2909 1017 tantum
2929 974 3185 1035 quantum
3210 963 3296 1017 illa
3320 963 3552 1019 abundat
3574 964 3735 1019 nulla.

2348 1052 2521 1119 Quam
2544 1059 2662 1121 post
2686 1048 2819 1103 AEoli
2844 1059 3135 1121 sequuntur
3156 1049 3337 1104 insule
3360 1066 3459 1122 per
3491 1068 3637 1105 mare
3668 1051 3896 1105 circum·

2348 1136 2481 1190 AEoli
2510 1134 2850 1208 Hippotadae,
2874 1134 3140 1208 hospitalis
3167 1137 3403 1207 tyranni,
3714 1137 3893 1208 [susm

2346 1222 2502 1289 AEoli,
2518 1223 2609 1295 qui
2621 1221 2913 1295 spectabilia
2924 1222 3061 1277 inter
3077 1222 3315 1276 homines
3332 1238 3553 1275 munera
3570 1216 3783 1278 sortitus
3796 1235 3893 1291 est,

2348 1320 2623 1364 ventorum
2640 1306 2915 1365 arbitrium
2927 1347 2943 1375 ,
2963 1308 3241 1363 turbentne
3260 1326 3327 1363 an
3350 1319 3755 1380 componantur.

2345 1400 2435 1451 Eae
2448 1408 2572 1452 sunt
2583 1408 2755 1451 autem
2764 1406 2977 1469 septem,
2990 1396 3145 1452 Plotoe
3158 1394 3225 1449 ad
3242 1395 3481 1451 homines
3494 1398 3892 1467 cognominatoe,

2344 1482 2490 1558 quod
2511 1482 2871 1539 intermediam
2886 1492 3131 1556 prestant
3142 1483 3523 1553 navigationem
3542 1484 3685 1537 varia

2343 1570 2969 1628 conversione.Trinacria
2980 1568 3171 1625 deinde
3188 1570 3320 1624 ultra
3338 1571 3605 1641 regionem
3625 1574 3899 1627 Ausonum

2344 1670 2423 1714 est
2443 1668 2681 1732 porrecta
2696 1698 2712 1722 ,
2739 1657 2907 1711 tribus
2928 1658 3106 1711 innixa
3127 1656 3393 1710 lateribus.

2342 1747 2523 1818 Capita
2541 1753 2665 1799 sunt
2680 1745 2821 1797 enim
2839 1742 3110 1814 Pachynus
3135 1752 3187 1795 et
3208 1741 3403 1797 Peloris
3428 1743 3731 1815 Lilybeque.

2348 1902 2399 1955 ἔν
2428 1900 2693 1975 ἀριστεροῖς
2710 1940 2725 1967 ,
2769 1900 2940 1955 ὁποῖον
2975 1900 3039 1967 δή
3077 1919 3125 1954 τι
3165 1898 3249 1953 καὶ
3288 1899 3397 1972 περὶ
3435 1898 3599 1967 Δήλου
3625 1900 3893 1971 ἱστόρηται.

2348 1985 2431 2035 Ex
2474 1980 2555 2034 his
2590 1997 2831 2052 quanam
2868 1978 3164 2052 probaverit
3201 1979 3515 2051 Dionysius,
3562 1979 3725 2051 liquet
3761 2000 3791 2035 e
3818 2000 3893 2035 vs.

2348 2066 2471 2127 466.
2514 2059 2759 2115 Similiter
2782 2058 2945 2114 schol.
2988 2058 3233 2131 Apollon.
3263 2058 3302 2115 l.
3338 2058 3377 2114 l.
3406 2056 3617 2121 Πλωτὰς
3636 2076 3746 2112 esse
3770 2058 3900 2113 dicit

2346 2140 2431 2203 τὰς
2475 2139 2865 2212 περιπλεομένας.
2910 2140 3093 2210 Inepta
3128 2156 3251 2191 sane
3292 2137 3405 2192 haec
3427 2137 3705 2210 explicatio
3722 2176 3736 2203 ‚
3768 2137 3898 2193 nibil

2346 2230 2520 2273 temen
2546 2218 2697 2272 video
2724 2234 2818 2271 cur
2838 2235 2869 2271 a
2893 2216 3145 2289 Dionysio
3169 2216 3391 2271 alienam
3418 2226 3471 2271 et
3497 2233 3707 2270 versum
3731 2220 3837 2281 466
3867 2234 3899 2270 a

2348 2299 2683 2370 grammatico
2713 2295 2941 2369 quodam
2978 2295 3217 2351 additum
3250 2314 3362 2350 mse
3395 2312 3521 2349 cum
3556 2294 3900 2369 Bernhardyo

2348 2391 2609 2453 putemus.
2647 2380 2669 2449 l!
2698 2408 2773 2419 —-
2795 2382 2919 2443 466.
2950 2375 3149 2449 μέσσον]
3181 2376 3325 2449 μέσον
3354 2374 3524 2448 Βάᾳε.
3562 2375 3763 2430 Insulas
3790 2376 3900 2431 illas

2349 2469 2547 2530 septem
2570 2456 2881 2512 intermedio
2913 2457 3081 2529 spatio
3106 2457 3227 2509 satis
3266 2454 3443 2529 amplo
3476 2456 3707 2527 separari
3740 2454 3897 2526 dicit,

2349 2548 2411 2592 ut
2444 2537 2658 2608 singule
2698 2537 2897 2608 possint
2934 2535 3382 2605 circumnavigari.
3416 2534 3709 2607 περίπλοκον
3740 2538 3845 2598 Ηζ.
3872 2538 3895 2607 ΙΙ

2349 2644 2423 2657 -
2462 2620 2584 2685 467.
2629 2615 2905 2685 Τρινακρίη.
2950 2610 3420 2681 ΕΧόᾰςΙιΗηιοι-ιν,
3462 2612 3723 2684 Τρινακίνη
3766 2618 3829 2669 C.
3872 2616 3895 2683 ΙΙ

2350 2695 2512 2767 τῇσιν]
2537 2696 2693 2747 τοῖσιν
2721 2696 2877 2757 CDc,·
2900 2690 2979 2747 ἐπὶ
3002 2692 3145 2747 πέδον
3168 2710 3205 2764 q
3222 2701 3278 2745 et
3296 2710 3353 2755 e,
3374 2689 3524 2761 cujus
3552 2709 3733 2763 margo
3760 2691 3895 2765 ὑπὲρ.

2360 2774 2383 2843 ΙΙ
2410 2771 2689 2839 Αὗσωνήων
2728 2775 2803 2835 D,
2829 2770 3075 2826 Αὔσονίων
3100 2773 3175 2825 Η.
3205 2770 3229 2839 ΙΙ
3258 2798 3333 2811 --
3366 2772 3491 2833 468.
3532 2772 3781 2843 τρισσῇσιν
3823 2769 3903 2827 ἐπὶ

2351 2851 2582 2923 πλευραῖς
2602 2854 2729 2916 Ml,-
2752 2852 2998 2923 τρισσῇσιν
3019 2849 3175 2903 etiam
3197 2848 3255 2901 in
3272 2846 3444 2921 edeoq.
3460 2848 3701 2903 varietas
3717 2850 3905 2923 procul

2351 2930 2517 2985 dubio
2540 2930 2703 3003 petita
2722 2947 2754 2984 e
2772 2948 2847 2984 vs.
2874 2932 2997 2995 242,
3023 2938 3269 2983 monente
3285 2928 3679 3001 Bernhardyo.11
3702 2928 3902 3001 ἑστηυῖα

2350 3010 2461 3075 Ac,
2489 3007 2722 3064 έστακυῖα
2744 3027 2788 3065 ε.
2815 3010 3039 3081 11-469.
3064 3008 3185 3080 ἄκρη
3210 3010 3271 3065 Ν
3291 3028 3335 3073 e,
3366 3008 3489 3083 ἄκρῃ
3508 3028 3563 3083 q.
3582 3012 3645 3064 In
3676 3010 3903 3083 Πάχυνος

2350 3086 2525 3142 media
2560 3088 2845 3159 corripitur
2868 3089 3025 3142 etiam
3060 3105 3112 3141 v,
3146 3091 3269 3156 471,
3298 3086 3389 3141 sed
3418 3098 3559 3142 recte
3591 3090 3904 3162 producitur

2352 3183 2429 3221 vs.
2458 3170 2556 3234 86;
2584 3166 2769 3236 Λιλόὸη
2807 3168 2881 3241 τε]
2910 3166 3060 3234 Διὸόη
3085 3185 3138 3221 τε
3178 3168 3323 3238 (mgo
3359 3166 3545 3236 Λιλῦὃη
3572 3169 3651 3237 τε)
3676 3187 3721 3233 r,
3749 3170 3899 3239 Λιὸὖη

2348 3246 2542 3300 omisso
2568 3266 2621 3301 τε
2656 3244 2690 3298 b
2728 3250 2926 3318 (margo
2962 3246 3113 3313 Διὸόη
3158 3247 3253 3315 τε).
3295 3246 3553 3300 vitiosam
3588 3246 3901 3319 scripturam

2348 3323 2583 3396 produnt
2602 3325 2759 3379 etiam
2781 3342 2895 3397 quat
2916 3322 3158 3394 leguntur
3173 3324 3227 3376 in
3250 3324 3426 3395 Etym-
3450 3325 3528 3378 M.
3559 3342 3613 3397 p.
3644 3325 3769 3395 659,
3794 3328 3854 3383 51
3883 3344 3897 3383 :

2348 3404 2597 3477 Πελωρίς,
2622 3407 2769 3471 νῆσος
2795 3402 2827 3471 ἢ
2850 3404 3013 3465 τόπος.
3055 3400 3302 3463 Διονῦσιος
3323 3402 3353 3454 ό
3376 3400 3683 3473 Περιηγητής
3724 3421 3739 3457 ς
3780 3425 3904 3478 γρα.

2346 3503 2487 3555 φεται
2502 3483 2555 3537 δέ
2576 3482 2661 3551 [δι’
2682 3482 2925 3553 ο]μικρόν,
2946 3481 3013 3543 ὥς
3032 3481 3089 3535 ‘eb
3113 3502 3136 3531 ι
3160 3478 3301 3550 Ἄκρα
3318 3481 3372 3534 δέ
3388 3480 3437 3533 οἳ
3460 3480 3683 3547 Πάχυνος
3698 3482 3903 3556 Πελορίς

2348 3582 2401 3617 τε
2428 3562 2559 3630 Ater,
2574 3580 2627 3615 τε
2650 3582 2673 3611 ν
2686 3602 2697 3613 .
2716 3560 2809 3613 Καὶ
2830 3560 2912 3631 [δι’
2927 3560 2989 3632 ω]
3008 3560 3133 3632 μέγα
3146 3598 3163 3624 ,
3178 3559 3244 3621 ὥς
3270 3558 3329 3613 το
3353 3558 3663 3632 Ἦνεμὸεσσα
3682 3560 3903 3635 Πελωρὶς

2350 3640 2397 3703 ἃς
2427 3638 2670 3708 Αὖσονίην
2697 3639 2963 3711 ὁρόωσα.»
3000 3637 3084 3693 Ad
3112 3653 3229 3709 quae
3250 3636 3556 3709 Sylburglus
3596 3654 3613 3693 Ξ
3658 3663 3681 3686 ⁸
3721 3641 3775 3694 Si
3799 3641 3899 3695 Ils·

2349 3720 2483 3791 λορίς
2502 3740 2531 3773 ο
2560 3720 2705 3774 brevi
2738 3718 3011 3791 legendum
3035 3719 3131 3781 sit,
3172 3717 3289 3771 talis
3326 3718 3586 3789 quaepiam
3611 3720 3901 3791 requiritur

2347 3801 2502 3855 lectio
2528 3818 2543 3854 ε
2570 3799 2773 3871 Πελορίς
2790 3799 2834 3852 τ’
2857 3797 3023 3853 αἰπεῖα
3045 3796 3177 3864 Δόὸη
3209 3816 3289 3860 τε,
3320 3796 3400 3849 vel
3436 3797 3615 3867 potius
3634 3796 3903 3853 additione

2350 3882 2405 3935 in
2419 3882 2593 3952 primo
2615 3878 2941 3933 hemistichio
2969 3876 3103 3932 facta
3125 3893 3139 3930 :
3161 3876 3285 3949 ἄκρα
3306 3874 3359 3927 δέ
3374 3874 3425 3928 οἱ
3447 3874 3635 3931 τελέθει
3656 3876 3899 3949 Πάχυνος,

2350 3959 2553 4031 Πιλορίς
2589 3977 2645 4013 τε
2683 3957 2812 4024 Auis»,
2854 3974 2925 4013 τε.
2972 3981 2996 4004 ι
3048 3952 3418 4028 Bernhardyus
3452 3972 3578 4010 vero
3608 3957 3681 4010 ita
3702 3956 3898 4013 habet:

2358 4066 2381 4087 ι
2408 4039 2511 4093 Alii
2533 4040 2615 4093 via
2636 4035 2984 4110 probabiliore
3008 4044 3221 4089 censent
3240 4033 3355 4089 haec
3379 4051 3410 4087 e
3440 4033 3626 4088 vitiosa
3645 4034 3902 4108 scriptura

2350 4128 2527 4172 ortum
2552 4117 2778 4189 cepisse;
2806 4114 3045 4187 equidem
3073 4113 3143 4168 ob
3168 4113 3331 4184 ipsam
3356 4112 3609 4167 orationis
3635 4111 3905 4185 indiligen-

2352 4198 2477 4251 tiam
2491 4214 2599 4250 non
2614 4207 2721 4250 tam
2734 4212 2945 4268 pravam
2956 4194 3291 4266 scriptionem
3314 4190 3395 4245 vel
3412 4192 3588 4263 potius
3606 4204 3901 4249 monstrum

2351 4276 2587 4331 lectionis
2622 4276 2731 4329 huc
2776 4273 3123 4328 amessiverim
3136 4310 3152 4336 ,
3198 4268 3292 4325 sed
3335 4268 3567 4325 arbitror
3608 4271 3903 4343 imperitam

2354 4355 2487 4410 male
2508 4355 2675 4409 feriati
2700 4352 3015 4425 grammatici
3044 4368 3286 4417 manum,
3312 4367 3431 4423 quae
3446 4350 3637 4422 passim
3662 4350 3717 4404 in
3742 4352 3906 4407 utilis·

2353 4436 2490 4490 simo
2512 4432 2885 4505 Lexieographi
2905 4430 3083 4485 labore
3110 4429 3459 4501 grassabatur,
3482 4427 3902 4487 emendationem

2352 4514 2571 4569 licentiae
2596 4530 2755 4585 quam
2784 4512 3070 4581 Periegetes
3094 4508 3195 4564 sibi
3220 4510 3407 4563 sumsit
3439 4518 3681 4565 tentasse.
3721 4510 3905 4583 Neque

2353 4595 2493 4648 enim
2517 4592 2806 4666 Spohnium
2833 4606 3046 4665 prorsus
3072 4588 3281 4643 videtur
3305 4588 3441 4643 ratio
3474 4586 3737 4655 fefellisse,
3771 4588 3902 4645 dum

2356 4672 2509 4727 talem
2549 4671 2827 4725 verborum
2871 4668 3195 4724 collationem
3232 4669 3360 4725 inde
3383 4666 3579 4738 colligit
3605 4668 3899 4724 exstitisse:

2352 4752 2477 4823 ἄκρα
2503 4752 2555 4807 δέ
2580 4750 2627 4805 οἱ
2654 4749 2855 4820 Πελορίς
2878 4766 2931 4803 τε
2954 4747 3178 4819 Πάχυνός
3203 4766 3257 4802 τε
3282 4746 3466 4816 Acmen
3502 4766 3555 4801 τε
3586 4763 3599 4801 :
3638 4764 3735 4801 suo
3754 4750 3897 4803 enim

2354 4833 2541 4886 merito
2584 4830 2807 4901 Πάχυνος
2858 4829 3027 4901 potuit
3075 4828 3315 4881 criticum
3371 4826 3617 4892 turbare,
3655 4836 3719 4881 ut
3756 4827 3899 4899 quod

2354 4911 2525 4966 media
2564 4920 2831 4981 correpta,
2862 4908 3168 4979 Dionysium
3196 4906 3357 4961 modo
3382 4921 3553 4959 unum
3580 4905 3899 4977 excipiamus

2349 5001 2403 5043 et
2426 5000 2709 5061 utrumque
2734 4992 3023 5042 Romanum
3050 4987 3383 5057 interpretem
3402 5023 3417 5050 ,
3456 4986 3511 5037 in
3554 4986 3757 5039 Graecia
3798 4988 3897 5040 La-

2350 5072 2529 5140 tioque
2550 5069 2707 5123 fuerit
2722 5066 3032 5121 inauditum.
3058 5090 3081 5112 ι
3105 5065 3169 5118 At
3190 5066 3235 5118 si
3258 5066 3329 5119 ita
3352 5082 3434 5119 res
3460 5062 3691 5127 haberet,
3712 5062 3897 5134 quidni

2348 5159 2462 5203 tum
2488 5149 2647 5201 etiam
2673 5163 2879 5201 versum
2906 5149 3001 5214 47ι
3039 5145 3409 5215 grammaticus
3434 5141 3519 5195 ille
3557 5143 3814 5207 correxit;
3844 5154 3898 5197 et

2347 5244 2445 5281 cur
2497 5226 2617 5297 quis
2668 5242 2877 5278 versum
2950 5224 3006 5276 in
3057 5240 3183 5277 voce
3232 5222 3459 5291 Πάχυνος
3525 5218 3893 5290 corrigendum

2349 5306 2609 5378 putaverit
2644 5303 3027 5379 pessumdando
3070 5320 3251 5358 vocem
3290 5301 3545 5373 Πελωρίςῖ
3598 5302 3775 5369 Quare
3818 5302 3894 5353 ri·

2347 5388 2535 5439 tiosam
2571 5386 2748 5459 potius
2787 5385 3099 5457 scripturam
3137 5380 3349 5435 subesse
3390 5379 3507 5435 loco
3550 5375 3895 5450 Etymologiei

3621 5475 3671 5519 9.
