4584 6284
602 560 669 611 ιε
1818 542 2171 604 DIONYSlI
2211 542 2570 605 BYzAN‘rn

588 679 770 746 ditate,
800 677 1036 752 undique
1058 676 1430 743 influentibus,
1458 676 1615 730 nullis
1637 674 1911 729 manifesto
1937 674 2155 729 effluen-

592 764 751 831 tibus,
778 762 995 839 paludes
1046 782 1155 818 non
1208 762 1547 817 efficiuntur?
1592 762 1704 815 Cur
1753 761 1897 814 sinus
1934 760 2155 832 Bospori

592 862 926 925 nuncupatus
976 851 1161 905 Cornu
1216 860 1359 905 tanta
1406 846 1683 903 altitudine
1729 848 1841 903 est?
1900 849 1957 902 in
1998 865 2155 920 quem

590 955 713 993 cum
754 936 866 993 duo
914 937 1133 991 flumina
1177 934 1437 991 devehant
1476 932 1737 989 assiduam
1768 944 1921 989 terroe
1952 952 2159 1006 aggera-

590 1026 790 1081 tionem
806 1066 822 1092 ,
870 1036 924 1080 et
981 1033 1328 1098 purgamenta
1380 1022 1859 1095 Constantinopolis
1908 1023 2158 1095 utrinque

588 1113 957 1187 projiciantur,
990 1132 1091 1168 cur
1120 1130 1231 1167 non
1262 1121 1342 1166 tot
1370 1112 1522 1166 annis
1555 1120 1847 1183 aggeratur,
1870 1111 2157 1184 prasertim

587 1201 777 1276 rapido
802 1220 964 1257 cursu
983 1202 1207 1273 Bospori
1238 1202 1441 1255 fluxum
1474 1202 1619 1255 sinus
1644 1198 1938 1255 retardante
1966 1210 2019 1254 et
2054 1200 2156 1254 im·

586 1287 874 1362 pedientei'
912 1288 1053 1357 Quia
1080 1297 1223 1341 tanta
1262 1297 1341 1341 est
1366 1287 1583 1359 Bospori
1617 1284 1865 1359 rapiditas
1886 1326 1902 1352 ,
1941 1295 2005 1339 ut
2044 1302 2161 1339 sen·

588 1378 691 1431 sim
718 1394 781 1431 ra
809 1374 1058 1430 extrudat.
1083 1376 1139 1430 in
1168 1373 1565 1448 Propontidem.
1591 1378 1769 1445 Quare
1796 1383 1855 1428 ut
1874 1392 1939 1428 ex
1964 1373 2048 1427 his
2072 1392 2157 1427 ra-

589 1462 743 1518 tionil
767 1482 829 1517 us
840 1452 1041 1519 Pontus
1056 1461 1361 1518 obruendus
1378 1480 1489 1518 esse
1502 1480 1609 1517 non
1632 1461 1859 1528 videtur,
1880 1464 1954 1517 ita
1972 1458 2155 1533 majori

593 1552 800 1624 impeti
839 1550 1057 1606 effluere
1098 1548 1309 1607 videtur
1350 1568 1446 1624 per
1485 1552 1799 1624 Bosporum.
1850 1554 1973 1620 Quo
2015 1550 2157 1605 enim

594 1639 762 1709 magis
780 1638 1060 1693 Ponticum
1088 1654 1233 1692 mare
1253 1636 1533 1705 attolletur,
1562 1656 1627 1693 eo
1654 1635 1853 1691 facilius
1893 1635 2160 1692 deferetur

597 1741 761 1795 quam
800 1724 845 1777 si
885 1722 943 1777 id
999 1724 1053 1777 in
1092 1723 1249 1777 altam
1295 1721 1703 1797 profunditatem
1754 1722 2155 1795 deprimeretur,

600 1828 763 1882 quam
788 1812 831 1864 si
858 1810 1070 1883 abyssos
1092 1810 1309 1865 haberet
1325 1850 1343 1878 ,
1380 1826 1477 1883 per
1503 1827 1632 1882 quas
1651 1820 1929 1883 penetrans
1951 1812 2007 1864 in
2026 1811 2157 1865 Tar·
2202 1798 2213 1809 ⁹

594 1910 765 1953 tarum
806 1898 1133 1953 Platonicum
1168 1916 1345 1953 secum
1384 1916 1531 1971 aquoe
1572 1906 1775 1970 partem
1822 1897 2152 1972 deportaret:

594 2002 727 2056 quas
745 2023 760 2038 .
804 2025 821 2051 ,
852 1996 911 2040 ut
934 1986 1194 2052 Oceanus,
1228 1983 1370 2039 unde
1397 1983 1654 2039 recedunt
1686 1995 1738 2039 et
1763 1983 2019 2039 accedunt
2040 2003 2155 2039 om·

595 2072 685 2125 nia
732 2069 769 2125 ss
790 2073 981 2137 imina,
1024 2070 1266 2138 haberet,
1322 2071 1557 2144 proiecto
1601 2070 1777 2125 minus
1822 2069 2060 2125 efflueret
2098 2071 2153 2124 in

591 2160 910 2229 Bosporum.
936 2159 1015 2212 Ex
1042 2176 1107 2213 eo
1128 2158 1283 2213 etiam
1311 2156 1570 2229 colligitur
1592 2158 1883 2230 Bosporum
1910 2156 2156 2211 exsistere

592 2262 657 2297 ex
674 2246 832 2300 Ponti
852 2262 1059 2299 accessu
1072 2284 1087 2311 ,
1110 2256 1163 2299 et
1187 2263 1296 2299 non
1318 2244 1475 2315 AEgaei
1498 2243 1676 2309 maris,
1702 2241 1843 2316 quod
1864 2242 1998 2297 illius
2019 2259 2153 2315 aqua

592 2329 763 2386 dulcis
802 2332 903 2399 sit,
948 2344 1010 2388 ut
1040 2334 1194 2389 Ponti
1232 2333 1385 2405 longe
1409 2330 1660 2387 dulcioris
1692 2332 1824 2386 mari
1868 2330 2042 2402 AEgaeo
2082 2330 2152 2386 ob

591 2419 799 2491 copiam
822 2418 1101 2475 tlumi‘num
1120 2422 1348 2476 Pontum
1372 2420 1729 2475 subeuntium.
1767 2417 1987 2473 Dulcem
2008 2420 2151 2475 Pon-

590 2516 709 2559 tum
728 2506 983 2561 Arrianus
1002 2507 1025 2577 (
1035 2506 1229 2579 Peripl.
1251 2509 1281 2576 S
1305 2504 1399 2579 xo)
1414 2506 1603 2578 probat
1619 2522 1685 2559 ex
1705 2523 1790 2571 eo,
1802 2503 1946 2577 quod
1960 2521 2150 2577 pecora

586 2590 965 2647 circumvicina
980 2590 1092 2663 ejus
1117 2608 1304 2664 aquam
1324 2591 1531 2658 bibant;
1552 2591 1663 2665 ipse
1678 2592 1971 2663 Bosporum
1990 2589 2147 2645 etiam

584 2678 823 2751 percipio
850 2678 1086 2733 similiter
1114 2676 1321 2733 dulcem
1346 2694 1455 2731 esse
1466 2716 1484 2745 ,
1513 2674 1660 2749 quod
1689 2686 1827 2731 totus
1864 2675 2149 2748 aliquando

583 2765 982 2837 conglaciaret-it
999 2776 1233 2839 tempore
1241 2765 1561 2839 Copronymi
1578 2764 1808 2839 tyranni.
1824 2766 1983 2820 Anno
2000 2764 2145 2820 enim

582 2871 616 2907 a
646 2854 859 2908 Christo
872 2862 1127 2927 concepto
1154 2854 1613 2925 septingentesimo
1632 2863 1686 2907 et
1710 2852 2145 2927 quinquagesimo

580 2950 755 3005 sexto,
806 2941 976 2995 hiems
1038 2940 1137 2995 fuit
1180 2940 1466 3014 perfrigida
1507 2942 1867 3013 aceti-imaque
1929 2951 1984 2996 et
2027 2941 2147 3013 gelu

580 3028 890 3092 maximum,
920 3037 983 3081 ut
1012 3026 1164 3081 Ponti
1190 3027 1385 3081 Euxini
1416 3045 1511 3081 ora
1533 3026 1795 3081 maritima
1820 3026 1876 3079 in
1913 3025 2145 3081 latitudi-

578 3130 703 3167 nem
728 3121 942 3167 centum
974 3112 1277 3168 milliarium
1302 3112 1481 3185 glaciei
1502 3114 1679 3183 rigore
1704 3113 1760 3167 in
1785 3110 1971 3186 lapidis
2002 3111 2151 3166 duri-

580 3201 705 3253 tiem
735 3217 987 3254 conversa
1014 3202 1109 3266 sit,
1140 3200 1431 3273 glaciesque
1455 3217 1486 3254 a
1520 3218 1731 3255 summo
1766 3201 1897 3254 mari
1928 3199 1996 3253 ad
2023 3217 2148 3272 pro-

580 3284 809 3339 fundum
832 3304 1005 3339 crassa
1042 3287 1299 3341 exstiterit
1336 3288 1547 3358 triginta
1582 3285 1777 3342 cubita.
1806 3288 2001 3341 Praeter
2037 3286 2151 3341 haec

584 3388 709 3424 cum
732 3368 993 3442 ejusmodi
1022 3370 1214 3441 glacies
1250 3370 1433 3425 fuisset
1454 3372 1575 3425 nive
1595 3380 1760 3438 tecta,
1781 3371 1946 3426 crevit
1964 3371 2149 3443 triginti

584 3456 684 3510 alia
722 3456 901 3511 cubita
934 3457 1009 3512 ita
1044 3476 1192 3512 mare
1207 3497 1224 3524 ,
1252 3468 1315 3513 ut
1350 3458 1641 3513 continenti
1678 3446 2067 3525 assimilaretur,
2098 3469 2150 3513 et

586 3540 809 3615 pedibus
826 3542 1112 3598 calcaretur
1126 3543 1406 3598 hominum
1425 3553 1822 3617 ceterorumque
1845 3544 2149 3599 animalium

587 3640 982 3685 mansuetorum
1016 3640 1068 3685 et
1095 3632 1375 3703 agrestium
1404 3648 1437 3686 a
1464 3630 1674 3686 Zicchia
1711 3628 1783 3686 ad
1810 3631 2115 3686 Danubium
2128 3672 2145 3699 ‚

584 3728 637 3773 et
654 3718 856 3791 reliqua
868 3736 964 3773 ora
983 3720 1245 3775 maritima
1262 3736 1428 3793 usque
1450 3717 1517 3774 ad
1536 3718 1922 3786 mesembriam,
1942 3731 2005 3775 ut
2017 3720 2146 3775 Bos·

586 3822 780 3877 porum
817 3805 1103 3861 Thracium
1126 3806 1265 3861 ultro
1300 3810 1537 3880 citroque
1594 3810 1879 3864 transirem
1910 3806 2149 3882 jumenta

588 3902 782 3946 onusta
820 3903 875 3947 et
913 3891 1073 3947 boves
1121 3892 1353 3965 plaustra
1386 3905 1574 3949 onusta
1610 3893 1894 3949 trahentes.
1944 3894 2150 3950 Deinde

590 3977 858 4034 februario
878 3997 1055 4034 mense
1076 3979 1283 4051 glacies,
1306 3982 1363 4037 in
1384 3982 1633 4055 plurimas
1653 3982 1908 4038 sectiooes
1929 3982 2149 4039 collibus

587 4076 639 4121 et
658 4066 841 4121 insulis
858 4068 1143 4122 multorum
1156 4066 1399 4141 jugerum
1415 4070 1606 4124 similes
1627 4080 1681 4125 et
1694 4088 1846 4144 pares
1871 4068 2107 4145 disrupta
2127 4114 2143 4137 ,

588 4162 867 4207 ventorum
906 4153 959 4207 vi
986 4170 1083 4226 per
1126 4156 1421 4228 Bosporum
1450 4166 1565 4210 acta
1590 4166 1670 4211 est
1690 4158 1747 4211 in
1769 4154 2147 4230 Propontidem

586 4252 639 4295 et
665 4242 719 4295 in
748 4239 1164 4314 Hellespontum.
1194 4244 1256 4297 In
1281 4241 1363 4298 his
1384 4244 1702 4301 sectionibus
1720 4254 1873 4300 erant
1904 4245 2149 4301 animalia

588 4342 857 4386 mansueta
880 4340 933 4385 et
964 4331 1184 4403 agrestia
1215 4333 1331 4386 viva
1346 4370 1363 4399 ,
1389 4342 1444 4386 et
1460 4342 1671 4388 mortua
1694 4332 1815 4406 gelu
1843 4334 2141 4388 constricta.

587 4419 758 4473 Sectio
775 4416 1015 4491 quaedam
1037 4419 1093 4473 in
1114 4420 1419 4492 Act-cpolim
1442 4421 1679 4493 Byzantii
1701 4422 1928 4495 impacta
1952 4422 2149 4476 contri·

592 4506 666 4559 vit
683 4504 897 4577 gradus,
914 4505 1105 4577 quibus
1126 4524 1157 4560 e
1180 4507 1313 4561 mari
1332 4507 1388 4561 in
1414 4506 1599 4562 urbem
1618 4507 2022 4576 ascendebatur;
2048 4508 2147 4564 alia

663 4749 755 4800 Fr.
798 4750 851 4801 6.
901 4748 1123 4819 Procop.
1158 4744 1227 4800 de
1258 4744 1397 4803 aedis.
1428 4766 1477 4813 1,
1505 4749 1533 4803 5
1562 4766 1577 4802 :
1616 4790 1653 4803 ..
1686 4748 1811 4823 ἄμφι
1833 4748 1919 4805 τὸν
1941 4750 2151 4817 κόλπον,

588 4826 735 4897 ὅνπερ
773 4826 923 4897 Κέρας
948 4826 997 4881 oi
1012 4824 1265 4899 ἐπιχώριοι
1290 4826 1529 4903 Κεροίσσῃ
1548 4831 1614 4901 τῇ
1632 4828 1869 4893 Βύζαντος
1895 4829 2045 4903 μητρὶ
2064 4833 2154 4885 τοῦ

588 4908 677 4973 τῆς
702 4905 895 4969 πόλεως
934 4904 1148 4961 οἰκιστοῦ
1180 4904 1441 4981 ἐπωνύμως
1466 4906 1716 4963 κσλοΰσιν.
1746 4908 1828 4964 Cf.
1858 4909 2153 4982 Hesychius

588 4984 821 5039 Milesius
845 4983 913 5038 fr.
938 4988 969 5051 4
992 4988 1021 5055 S
1045 4989 1077 5043 8
1105 4986 1128 5056 (
1150 4986 1241 5041 Fr.
1270 4986 1407 5041 Hist.
1446 4990 1499 5053 4,
1521 5005 1576 5060 p.
1611 4990 1743 5057 148)
1769 5006 1783 5044 :
1806 4986 1933 5057 Αὗτὴ
1961 4988 2015 5044 tt
2042 4992 2151 5062 (Io)

2244 674 2420 745 glaciei
2452 675 2610 729 sectio
2641 675 2860 746 ingentis
2912 674 3060 729 molis
3105 675 3172 731 ad
3205 694 3418 733 murum
3461 680 3602 735 allisa
3653 684 3800 739 illum

2246 780 2434 833 magno
2447 762 2674 835 impulsu
2689 764 2968 828 concussit,
2991 774 3050 817 ut
3059 781 3166 819 non
3183 763 3344 820 modo
3360 767 3518 833 muri,
3536 766 3628 821 sed
3639 770 3801 822 etiam

2243 848 2433 905 domus
2459 851 2643 905 vicinae
2678 848 3138 919 labefactarenturg
3164 851 3260 906 alia
3289 853 3596 926 pergrandis
3619 854 3796 926 glaciei

2244 936 2406 992 moles
2432 937 2615 993 urbem
2638 956 2670 993 a
2697 938 2966 1009 Manganis
2998 936 3066 993 ad
3089 940 3404 1012 Bosporium
3431 952 3665 1013 portum,
3695 942 3804 998 hoc

2244 1031 2323 1075 est
2337 1020 2570 1093 primum
2594 1020 2796 1089 collem,
2821 1022 2948 1077 olim
2969 1023 3274 1095 Byzantium
3294 1063 3311 1090 ,
3335 1042 3481 1079 nunc
3507 1027 3642 1098 regis
3666 1026 3801 1083 clau-

2244 1119 2431 1176 strum,
2460 1110 2656 1177 cinxit,
2696 1108 2844 1183 cujus
2867 1108 3086 1165 altitudo
3107 1128 3289 1168 muros
3315 1113 3609 1185 superabat.
3638 1117 3806 1189 Equi·

2244 1196 2366 1251 dem
2393 1197 2503 1269 ipse
2528 1214 2687 1251 unam
2715 1207 2769 1252 et
2802 1197 3012 1253 alteram
3042 1197 3270 1253 hiemem
3298 1201 3530 1271 Byzantii
3559 1201 3798 1273 frigidam

2245 1284 2381 1337 sensi
2399 1322 2416 1349 ,
2449 1282 2710 1354 semelque
2739 1292 2793 1337 et
2813 1283 3004 1338 iterum
3031 1282 3139 1338 vidi
3172 1285 3397 1357 Bospori
3423 1286 3598 1339 sinum
3625 1290 3798 1344 nomi·

2246 1380 2430 1424 natum
2463 1370 2644 1425 Cornu
2670 1369 2738 1423 ab
2783 1370 2928 1425 ostiis
2959 1370 3238 1427 fluminum
3283 1371 3350 1427 ad
3384 1373 3622 1428 Galatam
3669 1393 3796 1429 con-

2244 1449 2504 1521 glaciasse,
2533 1465 2642 1503 non
2667 1447 2879 1521 quidem
2899 1448 3060 1521 glacie
3073 1488 3090 1515 ‚
3107 1468 3224 1523 quoe
3243 1451 3521 1506 sustineret
3537 1451 3797 1519 homines,

2244 1537 2338 1592 sed
2363 1549 2536 1593 tamen
2565 1548 2733 1605 tanta,
2759 1548 2821 1592 ut
2841 1537 3044 1611 scaphae
3066 1539 3206 1594 ultro
3231 1540 3468 1613 citroque
3506 1560 3806 1600 commeare

2244 1642 2351 1679 non
2375 1635 2616 1698 possent,
2645 1626 2745 1679 nisi
2771 1625 2927 1679 remis
2953 1637 3074 1681 ante
3095 1626 3278 1698 glacies
3323 1627 3670 1700 frangeretur.
3699 1632 3803 1687 Sed

2244 1713 2356 1767 haec
2385 1713 2636 1768 hactenus
2660 1713 2944 1785 generatim
2966 1713 3034 1769 de
3058 1716 3316 1789 Bosporo.
3341 1716 3496 1770 Nunc
3517 1734 3612 1789 per
3629 1728 3806 1789 partes

2243 1801 2445 1875 singula
2468 1800 2579 1875 ejus
2621 1800 2734 1857 loca
2763 1811 2868 1857 tam
2905 1802 3117 1873 antiqua
3156 1819 3312 1873 quam
3345 1820 3480 1857 nova
3506 1802 3800 1875 proferam,

2244 1898 2356 1943 tum
2387 1888 2872 1963 promontoriorum
2912 1898 2963 1942 et
2993 1887 3202 1942 vallium
3233 1888 3389 1954 situs,
3420 1898 3475 1968 et
3516 1889 3798 1945 fluviorum

2243 1985 2392 2029 ortus
2434 1984 2487 2029 et
2517 1975 2896 2047 perennitates,
2927 1984 2982 2027 et
3017 1984 3268 2047 portuum
3295 1974 3719 2043 commoditates,
3750 1990 3804 2033 et

2241 2065 2454 2118 sinuum
2483 2062 2802 2129 felicitatem;
2828 2080 2858 2117 e
2888 2061 3080 2134 quihus
3099 2062 3330 2135 primum
3354 2062 3590 2117 tractabo
3621 2063 3800 2119 sinum

2243 2153 2427 2206 Cornu
2459 2148 2770 2224 appellatum
2784 2190 2802 2217 ,
2831 2149 3056 2221 Bospori
3091 2147 3467 2204 nobilissimam
3489 2159 3712 2223 partem.

2447 2321 2520 2375 V.
2564 2323 2638 2373 De
2665 2318 2884 2393 Bospori
2899 2318 3022 2372 sinu
3053 2322 3218 2373 Coma
3251 2330 3569 2393 nuncupato.

2307 2478 2442 2531 Cum
2481 2495 2546 2532 ex
2572 2480 2742 2533 Ponto
2769 2479 3034 2550 Bosporus
3063 2476 3131 2531 ad
3165 2478 3403 2550 Byzantii
3437 2478 3650 2532 accessit
3673 2496 3800 2551 pro-

2236 2566 2560 2621 montorium
2587 2565 2904 2638 Bosporium
2930 2565 3277 2638 appellatum,
3308 2564 3467 2637 hujus
3487 2578 3797 2639 promonto-

2234 2655 2303 2708 rii
2344 2664 2516 2707 rostro
2547 2654 2602 2709 in
2626 2652 2757 2708 duas
2783 2662 2955 2727 partes
2985 2650 3262 2721 scinditur,
3291 2670 3513 2727 quarum
3551 2651 3722 2725 major
3747 2663 3798 2707 et

2233 2738 2512 2796 violentior
2527 2741 2666 2795 inter
2683 2738 3063 2797 chalcedonem
3081 2752 3132 2795 et
3151 2742 3462 2813 Byzantium
3481 2758 3577 2815 per
3604 2740 3796 2795 fretum

2232 2832 2404 2904 pergit
2428 2832 2505 2885 ire
2529 2828 2598 2885 ad
2629 2828 2900 2886 meridiem
2915 2871 2931 2897 ,
2970 2830 3130 2885 altera
3155 2828 3380 2885 debilior
3407 2846 3620 2885 cursum
3641 2846 3797 2884 suum

2234 2918 2455 2973 inflectit
2482 2915 2548 2971 ad
2568 2934 2810 2971 occasum
2839 2916 2896 2971 in
2919 2916 3121 2983 sinum,
3152 2934 3311 2988 quem
3342 2915 3503 2971 efficit
3528 2917 3799 2989 Bosporus

2236 3002 2645 3059 intercedentem
2691 3003 2828 3057 inter
2878 3002 3387 3075 Constantinopolim
3431 3012 3486 3057 et
3535 3001 3793 3056 Galatam.

2236 3094 2398 3146 Hunc
2433 3090 2610 3144 sinum
2643 3090 2932 3161 Procopius
2962 3087 3076 3163 (De
3107 3088 3229 3144 ced..
3262 3106 3312 3157 1,
3343 3086 3412 3160 5)
3442 3087 3624 3143 scribit
3657 3088 3796 3142 indi·

2237 3194 2394 3248 genas
2437 3175 2692 3249 appellare
2729 3176 2937 3240 Cornu,
2975 3194 3006 3230 a
3045 3176 3292 3230 Ceroessa
3325 3185 3490 3229 matre
3519 3175 3800 3247 Byzantis,

2238 3266 2330 3338 qui
2361 3265 2667 3337 Byzantium
2695 3261 2951 3319 condidit.

2913 3431 3012 3493 Fr.
3059 3440 3117 3493 6.

2307 3585 2593 3654 Dionysius
2623 3586 2910 3659 Byzantius
2937 3584 3189 3642 similiter
3215 3589 3378 3641 Coma
3412 3596 3711 3661 nuncupat,
3740 3597 3797 3639 et

2237 3674 2490 3730 rationem
2529 3674 2689 3749 hujus
2719 3673 2946 3731 nominis
2978 3674 3142 3747 affin
3174 3693 3210 3729 a
3240 3674 3592 3731 similitudine
3638 3693 3806 3750 qnam·

2236 3760 2395 3817 habet
2412 3780 2528 3817 cum
2555 3779 2736 3820 cornu.

2306 3894 2494 3951 strabo
2535 3897 2623 3970 (p.
2665 3892 2802 3969 320)
2830 3894 3053 3968 appellat
3071 3896 3254 3951 Cornu
3281 3898 3655 3969 Byzantiacum
3675 3936 3692 3964 ,
3735 3908 3791 3952 et

2236 3981 2466 4039 declarat
2479 4022 2496 4049 ‚
2525 3982 2612 4037 cui
2635 3999 2803 4037 comu
2825 3981 3006 4036 similis
3037 3982 3132 4049 sit,
3161 3999 3352 4055 nempe
3378 3984 3629 4052 cervin03
3661 4001 3786 4039 nam

2236 4069 2254 4124 i
2323 4068 2516 4124 multos
2549 4068 2696 4123 sinus
2723 4068 2872 4141 quasi
2895 4068 2952 4121 in
2979 4085 3152 4123 ramos
3170 4068 3427 4141 quosdam
3444 4067 3800 4125 diffunditur..

2235 4157 2436 4211 Pinius
2469 4156 2556 4225 (9,
2601 4170 2690 4210 20.
2756 4157 2824 4221 4,
2863 4155 2966 4224 18)
2991 4164 3014 4191 ⁸
3053 4151 3268 4227 ejusque
3307 4154 3544 4210 simiolus
3589 4154 3808 4211 Solinus

2238 4243 2259 4318 (
2277 4248 2362 4311 16,
2393 4260 2456 4299 zo
2471 4246 2495 4315 )
2511 4241 2932 4317 promontorium
2946 4281 2962 4310 ,
2986 4242 3042 4296 in
3060 4259 3168 4314 quo
3187 4243 3344 4296 situm
3367 4252 3444 4297 oet
3460 4242 3802 4315 Byzantium,

2236 4342 2424 4387 vocant
2446 4328 2608 4385 modo
2625 4330 2990 4405 Chrysoceras,
3023 4328 3186 4385 modo
3211 4332 3344 4386 Auri
3368 4347 3554 4396 cornu3
3579 4331 3810 4385 Marcia—

2237 4439 2340 4476 nus
2378 4418 2586 4495 Capella
2626 4420 2690 4493 (6
2729 4436 2786 4492 p.
2824 4420 2971 4491 aia)
3011 4418 3168 4473 Ceras
3207 4417 3500 4491 Chryseon.
3551 4415 3800 4473 Arbitror

2238 4506 2498 4582 Capellam
2520 4517 2574 4562 et
2595 4505 2830 4562 Solinum
2848 4514 3053 4560 secutos
3074 4504 3298 4559 Pliniani
3325 4504 3522 4561 codicis
3542 4515 3805 4572 erratum..

2243 4750 2578 4823 προστιθέασι·
2617 4748 2666 4803 οἱ
2699 4746 2754 4803 δὲ
2786 4750 2850 4821 τῇ
2885 4752 2982 4801 τῶν
3001 4752 3195 4820 καρπῶν
3216 4745 3410 4819 εὖπορίᾳ
3439 4746 3497 4801 τὸ
3513 4750 3601 4815 τῆς
3623 4745 3798 4818 upa).-

2244 4829 2376 4894 Θείας
2409 4827 2547 4903 αἰγὸς
2572 4828 2711 4901 nipe<
2741 4826 3200 4901 προσαγορεῦουσιν.
3238 4828 3472 4885 Numum
3501 4828 3596 4900 qui
3639 4826 3806 4881 altera¹

2242 4919 2392 4981 parte
2412 4918 2569 4982 caput
2601 4906 2862 4973 mulieris,
2899 4905 3059 4962 altera
3086 4924 3252 4961 cornu
3279 4904 3564 4960 Amaltheae
3586 4903 3800 4977 praefert

2242 5005 2368 5043 cum
2401 4988 2744 5061 inscriptione
2773 5002 2788 5041 t
2827 4984 2908 5042 tut
2927 4985 3183 5059 θράζωνος
3207 4985 3484 5062 Buta-etiam
3495 5024 3512 5051 ‚
3540 4994 3798 5039 memorat

588 5062 709 5135 πρὸς
725 5063 786 5118 rb
805 5064 1112 5138 καλούμενον
1132 5064 1284 5137 Κέρας
1305 5062 1635 5121 ἰπανιλθοΰσα
1648 5106 1666 5131 ,
1688 5066 1797 5121 καθ’
1815 5068 1845 5121 ὃ
1864 5066 2080 5141 Κύδαρός
2096 5086 2151 5122 τι
2242 5067 2546 5136 Ducangius
2569 5066 2626 5120 in
2649 5066 2920 5120 Constant.
2941 5064 3135 5119 Christ.
3164 5081 3217 5138 p.
3244 5064 3297 5119 5.

587 5142 673 5196 καὶ
718 5142 971 5216 Βαρὸὖσης
1008 5144 1369 5218 συμμίσγοντσι
1390 5184 1407 5213 ,
1434 5148 1541 5209 τοῖς
1576 5142 1841 5201 ἰνοικοΰσιν
1888 5148 2151 5219 προθεσπί-

2311 5161 2368 5201 a.
2395 5144 2532 5201 Plin.
2554 5148 2608 5209 4,
2637 5146 2701 5201 18
2726 5147 2756 5214 S
2785 5147 2854 5209 46
2882 5160 2896 5197 :
2922 5142 3337 5198 Pmmontorium
3362 5142 3710 5214 clamamus,
3745 5139 3810 5193 in·

584 5224 739 5285 ζουσα
774 5221 838 5276 τὰ
874 5220 1087 5297 ἐσόμενα
1122 5222 1254 5297 παρὰ
1287 5222 1374 5280 τδν
1396 5223 1668 5299 Σιμίστρας
1687 5224 1853 5299 βωμὸν
1878 5224 1969 5294 τὴν
1995 5225 2147 5299 λιγο-
2238 5243 2342 5298 quo
2375 5223 2628 5300 oppidum
2657 5223 2967 5296 Byzantium
2983 5266 2999 5290 ,
3045 5224 3218 5280 libet-ce
3252 5222 3600 5288 conditionis,
3639 5230 3809 5274 antea:

586 5300 738 5371 μένην
764 5302 1039 5373 Κερόεσσαν
1064 5300 1305 5373 ἀπικῦησσ
1327 5304 1499 5377 κόρην,
1527 5302 1577 5367 ἔξ
1598 5298 1656 5373 ἧς
1672 5304 1754 5359 καὶ
1778 5304 1925 5379 Ripae
1947 5304 1976 5361 ὃ
2000 5306 2149 5370 τόπος

586 5378 901 5453 ὠνόμασται.
925 5380 1091 5437 Ἄλλοι
1108 5380 1161 5437 δὲ
1181 5381 1377 5455 μᾶλλον
1391 5386 1455 5457 τῇ
1477 5384 1603 5437 ilion
1619 5387 1706 5439 ‘ccii
1724 5386 1907 5459 χωρίου
1926 5384 2147 5461 τοῦνομα

2242 5308 2405 5376 Lygos
2425 5302 2646 5359 dictum.
