4584 6284
793 465 908 518 6⁰0

2027 453 2708 516 cnnEsTOMA'rfflAE

784 583 880 662 μέν
925 585 1024 643 εἶσι
1050 585 1144 655 τῆς
1169 581 1500 661 Σαραυηνῆς,
1542 581 1910 664 δυσμικῶτερα
1937 582 1993 643 δὲ
2031 589 2125 656 τῆς
2153 584 2329 646 Ἀνθε-
2416 606 2539 648 sunt
2558 635 2574 658 ‚
2623 596 2787 666 magis
2830 606 3005 650 autem
3055 597 3285 653 occidue
3326 616 3487 670 quam
3534 603 3880 660 Anthemusia
3918 618 3969 664 et

781 669 997 748 μουσίας
1020 692 1079 730 τε
1104 667 1193 728 καὶ
1221 667 1530 736 Χαλκίτιδος
1555 672 1661 728 τῶν
1689 672 1742 727 ἐν
1771 668 2183 749 Μεσοποταμίᾳ,
2203 673 2333 729 ἀνα·
2416 680 2657 736 chalcitis
2686 683 3078 755 Mesopotamiae
3112 686 3378 755 regiones,
3405 691 3673 760 magisque
3698 692 3971 750 orientales

776 758 1114 836 τολικώτεραι
1145 755 1200 815 δὲ
1236 759 1330 829 τῆς
1355 754 1490 815 κατὰ
1513 755 1687 817 Ἰσσὸν
1714 755 1984 829 Κιλικίας,
2015 755 2331 837 βορειότεραι

774 847 828 907 δὲ
855 847 1187 918 Χαλκιδικῆς
1210 867 1268 904 τε
1296 844 1388 903 καὶ
1417 847 1810 923 Παλμυρηνῆς,
1839 843 1961 923 περὶ
1986 844 2071 902 τὸν
2099 842 2329 919 Ἄμανον

769 932 832 993 τὸ
863 932 980 1014 ὄρος
1017 931 1286 1009 κείμεναι·
1309 927 1366 1001 ὅς
1416 933 1556 990 ἐστιν
1605 929 1936 1008 ἀπόσπασμα
1963 935 2052 989 τοῦ
2088 929 2327 992 Κιλικίου

768 1021 983 1104 Ταύρου
1033 1022 1127 1082 καὶ
1179 1019 1492 1100 περικλείων
1547 1018 1635 1078 τὸν
1699 1018 1927 1079 Ἰσσικδν
1986 1018 2178 1081 κόλπον
2238 1020 2328 1079 καὶ

769 1112 1004 1190 κείμενος
1044 1112 1122 1191 τῷ
1151 1107 1472 1188 Ἀντιταύρῳ
1513 1107 1624 1188 ὄρει
1660 1105 1992 1188 παράλληλος
2021 1107 2111 1166 καὶ
2138 1105 2216 1168 ἔτι
2247 1111 2323 1188 τῷ

771 1198 911 1259 κατὰ
939 1197 1029 1258 τὸν
1053 1196 1258 1258 Πόντον
1288 1193 1597 1276 Σκορδίσκῳ
1623 1192 1750 1274 ὄρει.

846 1309 895 1350 ε.
937 1283 1068 1348 Ὅτι
1105 1289 1136 1345 6
1182 1284 1458 1363 Πύραμος,
1482 1282 1719 1358 ποταμὸς
1760 1278 1846 1341 διὰ
1886 1286 1978 1353 τῆς
2025 1281 2325 1349 Καταονίας

764 1373 944 1454 χώρας
993 1377 1103 1456 ῥεῖ,
1149 1373 1210 1431 lat
1248 1369 1412 1449 μέσου
1455 1375 1545 1432 τοῦ
1590 1368 1770 1429 πεδίου
1815 1366 1909 1436 τὰς
1951 1367 2125 1447 πηγὰς
2165 1364 2323 1448 ἔχων.

763 1458 928 1524 Ἔστι
975 1461 1031 1521 δὲ
1083 1457 1268 1542 βόθρος
1311 1455 1602 1534 ἀξιόλογος,
1631 1455 1696 1516 δι’
1740 1447 1801 1517 οὗ
1843 1460 2069 1535 καθορᾶν
2113 1456 2226 1516 ἐστὶ
2261 1454 2323 1515 τὸ

765 1549 906 1631 ὕδωρ
951 1547 1338 1631 ὑποφερόμενον
1387 1547 1630 1627 κρυπτῶς
1669 1541 1829 1625 μέχρι
1871 1545 2065 1605 πολλοῦ
2108 1543 2322 1617 διαστή·

767 1659 931 1715 ματος
957 1634 1060 1694 ὑπὸ
1087 1637 1209 1714 γῆς,
1238 1622 1332 1692 εἶτ’
1363 1631 1643 1692 ἀνατέλλον
1672 1633 1746 1697 εἷς
1771 1630 1864 1702 τὴν
1894 1631 2211 1712 ἔπιφάνειαν·
2244 1635 2321 1714 τῷ

765 1721 824 1782 δὲ
847 1723 1078 1784 καθιέντι
1110 1719 1346 1780 ἀκόντιον
1375 1719 1568 1778 ἀνωθεν
1595 1721 1667 1786 εἷς
1696 1717 1783 1778 τὸν
1814 1718 1996 1799 βόθρον
2035 1723 2071 1790 ἡ
2110 1718 2202 1798 βία
2228 1724 2319 1778 τοῦ

765 1809 955 1878 ὕδατος
980 1807 1316 1889 ἀντιπράττει
1334 1810 1599 1879 τοσοῦτον,
1619 1802 1755 1866 ὥστε
1785 1807 1932 1884 μόλις
1952 1805 2316 1886 βαπτίζεσθαι.

764 1899 863 1979 Τῷ
888 1898 944 1958 δὲ
972 1896 1159 1958 πλάτει
1179 1894 1271 1956 καὶ
1302 1893 1450 1976 βάθει
1471 1891 1630 1962 πολὺς
1663 1893 1916 1976 ἐνεχθεὶς,
1942 1893 2155 1955 ἐπειδᾶν
2189 1917 2317 1956 συν·

764 1985 880 2070 άψῃ
915 1989 992 2067 τῷ
1025 1983 1246 2066 Ταύρῳ,
1277 1981 1563 2067 παράδοξον
1580 1981 1843 2061 λαμὸάνει
1865 1983 1960 2056 τὴν
1988 1984 2312 2064 συναγωγήν.

764 2073 1073 2156 Παράδοξος
1118 2073 1173 2134 δὲ
1215 2071 1308 2134 καὶ
1345 2077 1383 2148 ἡ
1425 2071 1648 2144 διακοπὴ
1685 2079 1776 2133 τοῦ
1802 2071 1949 2152 ὄρους
1977 2074 2088 2133 ἐστὶ
2109 2116 2127 2146 ,
2158 2072 2231 2133 δι’
2254 2064 2319 2147 ἧς

764 2159 950 2238 ἄγεται
983 2158 1044 2219 τὸ
1089 2160 1305 2242 ῥεῖθρον·
1331 2157 1566 2241 καθάπερ
1605 2160 1710 2242 γὰρ
1751 2162 1804 2220 ἰν
1836 2161 1951 2230 ταῖς
1996 2165 2174 2244 ῥῆγμα
2213 2164 2319 2222 λα-

764 2248 980 2317 θούσαις
1004 2249 1220 2330 πέτραις
1264 2248 1356 2309 καὶ
1397 2247 1715 2330 σχισθείσαις
1756 2247 1879 2330 δίχα
1922 2250 2015 2318 τὰς
2042 2250 2178 2310 κατὰ
2219 2250 2316 2323 τὴν

761 2336 946 2416 ἑτέραν
973 2336 1157 2420 ἐξοχὰς
1183 2335 1275 2396 καὶ
1301 2337 1606 2412 κοιλότητας
1620 2340 1691 2418 τῇ
1712 2337 1864 2420 ἑτέρα
1887 2337 2134 2411 ἐοικέναι,
2154 2338 2317 2408 οὕτως

761 2424 968 2504 εἴδομεν
1005 2425 1100 2486 καὶ
1143 2424 1237 2493 τὰς
1276 2422 1648 2506 ὑπερκειμένας
1689 2430 1781 2485 τοῦ
1830 2432 2068 2502 ποταμοῦ
2116 2426 2315 2507 πέτρας

762 2512 1083 2594 ἑκατέρωθεν
1133 2514 1316 2594 σχεδόν
1359 2535 1412 2572 τι
1453 2517 1612 2594 μέχρι
1637 2518 1741 2574 τῶν
1767 2517 2064 2593 ἀκρωρειῶν
2103 2517 2313 2574 ἀνατει-

759 2600 948 2670 νούσας
980 2601 1036 2662 ἀν
1083 2598 1353 2660 διαστάσει
1394 2601 1683 2682 διπλίθρῳ,
1718 2601 2047 2678 ἀντικείμενα
2096 2602 2313 2683 ἐχούσας

755 2687 824 2749 τὰ
850 2691 1003 2748 κοῖλα
1025 2695 1142 2754 ταῖς
1167 2687 1386 2768 ἐξοχαῖς.
1466 2687 1545 2750 Τὸ
1568 2690 1615 2748 δ’
1639 2690 1826 2768 ἶδαφος
1862 2688 1924 2748 τὸ
1968 2689 2159 2768 μεταξὺ
2199 2701 2309 2750 πᾶν

755 2773 1013 2857 πέτρινον,
1044 2775 1176 2854 βαθύ
1204 2798 1256 2835 τι
1285 2773 1375 2834 καὶ
1402 2775 1578 2834 στενὸν
1622 2775 1812 2843 τελέως
1852 2774 1975 2856 ἔχον
2021 2775 2107 2836 διὰ
2148 2777 2312 2854 μίσου

753 2864 967 2944 ῥῆγμα,
994 2859 1132 2921 ὥστε
1177 2862 1268 2920 καὶ
1295 2859 1425 2922 κύνα
1453 2863 1542 2922 καὶ
1569 2863 1720 2941 λαγὼ
1747 2863 2066 2924 διάλλεσθαι.
2151 2863 2312 2926 Ἔστι

750 2949 808 3011 δὲ
833 2951 895 3011 τὸ
921 2952 1087 3028 μῆκος
1111 2949 1233 3030 περὶ
1257 2972 1308 3027 ,α
1345 2949 1583 3018 σταδίους
1621 2953 1806 3030 ὀχετοῦ
1849 2951 2018 3024 δίκην·
2049 2954 2309 3026 τοσαύτην

749 3039 806 3098 δὲ
844 3042 969 3118 χοῦν
1009 3039 1072 3096 ἐκ
1105 3040 1210 3098 τῶν
1245 3036 1438 3097 πεδίων
1470 3038 1688 3116 κατάγει
1716 3037 1846 3118 πρὸς
1882 3039 1978 3111 τὴν
2023 3041 2311 3114 θάλασσαν,

748 3123 930 3204 ὥσπερ
951 3122 1043 3182 καὶ
1068 3128 1100 3183 ὁ
1121 3125 1309 3193 Νεῖλος
1327 3169 1343 3194 ,
1373 3127 1443 3191 ὣς
1469 3124 1560 3184 καὶ
1584 3124 1759 3203 λόγιον
1796 3117 1930 3185 εἶναι
1955 3127 2076 3207 περὶ
2121 3129 2279 3188 αὗτοῦ
2296 3152 2310 3167 ·

750 3237 776 3263 σε
819 3204 1084 3272 Ἐσσεται
1126 3211 1457 3289 ἕσσομίνοις,
1498 3209 1584 3270 ὅτε
1626 3211 1883 3292 Πύραμος
1935 3214 2273 3294 ἀργυροδίνης
2294 3259 2310 3290 ,

749 3295 936 3360 Ἠιόνα
967 3296 1232 3378 προχέων,
1260 3296 1405 3379 ἱερὴν
1437 3299 1487 3365 ἐς
1512 3297 1727 3378 Κύπρον
1753 3297 1955 3371 ἵκηται.
1987 3325 2012 3351 ³·

829 3403 878 3448 0.
919 3380 1056 3447 Ὅτι
1081 3386 1144 3445 τὸ
1168 3387 1224 3446 ἒν
1252 3386 1611 3466 Καππαδοκία
1640 3385 1782 3466 ὄρος,
1805 3385 1867 3446 τὸ
1887 3386 2148 3467 Ἀργαῖον,
2179 3389 2312 3469 bip-n·-

750 3471 974 3535 λότατόν
1005 3475 1118 3534 ἐστι
1143 3474 1358 3534 πάντων
1398 3477 1500 3534 τῶν
1543 3473 1716 3553 ἐκείνη
1749 3477 1909 3556 ὀρῶν,
1937 3479 2009 3543 ὥς
2053 3474 2314 3554 μηδέποτε

740 3553 1025 3623 ’λείπεσθαι
1057 3559 1230 3644 χιόνος
1272 3558 1342 3620 τὰ
1383 3559 1520 3644 ἄκρα
1549 3561 1704 3622 αὐτοῦ
1723 3585 1737 3600 ·
1766 3563 1815 3622 οἳ.
1843 3559 1901 3622 δὲ
1930 3559 2216 3628 ἀναδόντες
2244 3563 2317 3629 εἰς

755 3649 895 3711 aava
934 3651 1096 3730 δρῶσι
1127 3649 1196 3711 τὰ
1234 3648 1326 3710 δύο
1365 3649 1570 3729 πελάγη
1583 3697 1602 3730 ,
1632 3650 1695 3711 τό
1733 3674 1793 3712 τε
1820 3649 2076 3712 Ποντικὸν
2125 3646 2216 3708 καὶ
2254 3647 2316 3708 τὸ

753 3737 1006 3800 Ἶσσικόν.

832 3845 884 3889 7.
925 3823 1090 3899 Ὅτι,
1115 3827 1211 3897 τῆς
1251 3826 1461 3901 ἁπάσης
1501 3827 1686 3909 σχεδὸν
1729 3825 2116 3894 Καππαδοκίας
2157 3823 2314 3898 οὔσης

750 3911 1082 3994 ὄλιγοξύλου,
1110 3910 1262 3991 μόνος
1283 3918 1312 3973 ὁ
1332 3913 1568 3995 Ἀργαῖος
1610 3916 1672 3977 τὸ
1714 3915 1829 3998 ὅρος
1857 3916 1969 3975 ἐστὶ
1994 3913 2276 3984 πολύξυλον
2294 3939 2309 3954 ·

749 4003 894 4081 ὅμως
915 4002 965 4062 δ’
986 4001 1260 4082 ἔχεικατὰ
1279 4006 1376 4083 γῆς
1402 4003 1569 4083 συχνὰ
1593 4003 1766 4083 πυρὰ,
1789 4003 1824 4062 ἀ
1849 4007 1916 4083 τῇ
1937 4003 2086 4062 νυκτὶ
2109 4003 2311 4084 διαφαί-
2362 4085 2367 4090 ³

748 4111 922 4160 νεται,
947 4089 1040 4148 καὶ
1058 4086 1216 4147 πάλιν
1239 4088 1449 4168 ὶγγύθεν
1471 4091 1655 4172 ψυχρὰ
1678 4089 1843 4150 ὕδατα
1872 4093 2048 4172 ἀφανῆ
2067 4092 2305 4168 ὑπόγεια.

749 4179 820 4238 Οἱ
841 4182 961 4254 γοῦν
988 4173 1227 4256 ἔμπειροι
1253 4183 1345 4236 τοῦ
1375 4176 1534 4238 τόπου
1564 4177 1941 4260 φυλαττόμενοι
1973 4176 2271 4246 ξυλεύονται
2289 4204 2303 4219 ·

745 4266 794 4324 οἱ
816 4266 863 4323 δ’
888 4262 1096 4342 ἄπειροι
1117 4261 1208 4320 καὶ
1242 4261 1312 4321 τὰ
1346 4263 1510 4339 κτήνη
1553 4263 1903 4325 κινδυνεύουσι
1942 4263 2194 4332 πολλάκις
2233 4269 2305 4332 εἷς

745 4348 970 4416 λάκκους
989 4347 1150 4429 πυρὸς
1176 4351 1535 4427 ἐμπίπτοντες.

825 4460 871 4500 s.
913 4435 1048 4499 Ὅτι
1081 4436 1149 4497 τὰ
1188 4438 1422 4507 Μάζακα
1459 4442 1554 4510 τῆς
1583 4438 1965 4506 Καππαδοκίας
1994 4438 2184 4518 ἀπέχει
2210 4441 2303 4511 τῆς

745 4524 842 4605 μὲν
864 4527 1129 4594 Ποντικῆς
1153 4524 1422 4598 θαλάσσης
1445 4524 1683 4592 σταδίους
1703 4523 1784 4598 ω’,
1812 4531 1902 4584 τοῦ
1931 4526 1985 4584 δὲ
2020 4524 2299 4606 Εὐφράτου

1132 4723 1147 4736 ·
1495 4727 1510 4760 ι
1929 4745 1942 4760 .

823 4809 870 4850 a.
909 4721 1046 4849 ’ὅτωι
1062 4785 1124 4846 τὸ
1138 4789 1233 4858 τῆς
1256 4787 1638 4855 Καππαδοκίας
1661 4725 1894 4866 μίγεθίις,
1910 4786 1971 4847 τὸ
1991 4786 2085 4864 μὲν
2104 4786 2301 4854 πλάτος

745 4873 853 4933 ἀπὸ
877 4879 968 4934 τοῦ
996 4873 1206 4934 Πόντου
1233 4872 1362 4953 πρὸς
1386 4873 1474 4933 τὸν
1505 4875 1710 4952 Ταῦρον
1751 4874 1950 4934 στάδιοι
1975 4870 2108 4955 pol,
2135 4877 2299 4949 μῆκος

743 4959 800 5018 δὲ
829 4959 936 5019 ἀπὸ
971 4963 1069 5031 τῆς
1104 4957 1398 5026 Λυκαονίας
1422 4958 1512 5019 καὶ
1552 4959 1793 5040 Φρυγίας
1837 4959 1994 5040 μ’ἐχρι
2021 4959 2297 5042 Εὐφράτου

742 5044 872 5128 πρὸς
894 5045 992 5120 τὴν
1024 5044 1096 5106 ἔω
1121 5044 1214 5105 καὶ
1239 5043 1335 5116 τὴν
1363 5043 1632 5125 Ἀρμενίαν
1667 5069 1733 5125 ff.

2415 784 2575 839 quam
2602 768 2778 823 Cilicia
2798 768 2951 840 juxta
2972 775 3139 826 Issum
3164 773 3261 826 sita
3274 812 3290 836 ‚
3322 776 3832 846 septentrionalior&
3854 790 3968 836 tan·

2413 851 2535 906 dem
2572 871 2733 925 quam
2775 855 3071 912 Chalcidica
3094 867 3149 911 et
3180 859 3489 930 Palmyrena
3523 859 3679 931 juxta
3705 866 3967 922 Amanum

2412 949 2647 994 montem
2676 939 2910 1011 jacentes
2926 983 2943 1010 ,
2960 941 3105 1014 quod
3125 941 3351 997 frustum
3373 955 3452 998 est
3468 962 3499 999 a
3520 947 3704 1001 Cilicio
3732 950 3963 1010 avulsum

2411 1027 2619 1090 Tauro,
2664 1027 2935 1083 includens
2978 1032 3153 1084 sinum
3191 1032 3447 1100 Issicum,
3490 1043 3649 1106 atque
3688 1037 3969 1109 pat-allelon

2412 1115 2692 1170 Antitauro
2720 1118 2915 1183 monti,
2946 1117 3175 1189 itemque
3198 1117 3477 1174 Scordisco
3506 1122 3675 1176 monti
3696 1124 3790 1195 qui
3821 1125 3969 1196 juxta

2410 1204 2635 1257 Pontum
2662 1214 2759 1258 est.

2482 1287 2534 1344 5.
2572 1290 2827 1361 Pyramus
2870 1291 3061 1344 fluvius
3100 1309 3195 1364 per
3223 1293 3529 1348 Cataoniam
3570 1296 3839 1366 regionem
3877 1299 3966 1354 de-

2408 1377 2606 1443 currit,
2633 1377 2819 1432 mediis
2839 1378 2895 1432 in
2917 1381 3114 1452 campis
3144 1381 3453 1438 scaturiens.
3526 1385 3622 1438 Est
3641 1386 3799 1440 etiam
3832 1385 3969 1443 fossa

2410 1463 2762 1519 memorabilis
2778 1505 2795 1532 ,
2819 1483 2917 1540 per
2936 1485 3095 1539 quam
3124 1485 3314 1540 aquam
3348 1487 3541 1542 magno
3570 1473 3741 1544 spatio
3767 1475 3971 1531 occulte

2407 1548 2507 1603 sub
2552 1560 2690 1604 terra
2712 1551 2971 1607 labentem
2992 1571 3055 1608 ac
3094 1552 3284 1609 deinde
3320 1556 3377 1608 iu
3418 1557 3750 1628 superficiem
3789 1579 3967 1616 erum·

2406 1648 2620 1708 pentem
2641 1639 2819 1694 videre
2843 1651 2943 1697 est.
3017 1642 3071 1696 Si
3088 1643 3207 1714 quis
3223 1641 3426 1698 hastam
3450 1661 3676 1717 superne
3700 1651 3753 1700 in
3778 1648 3967 1706 fossam

2406 1721 2705 1793 demiserit,
2735 1743 2885 1799 aquae
2910 1728 3137 1800 impetus
3168 1728 3241 1782 ita
3265 1729 3499 1797 obsistit,
3525 1741 3586 1785 ut
3610 1733 3700 1786 vix
3728 1734 3968 1808 immergi

2404 1821 2579 1883 queat.
2652 1814 2898 1870 Ceterum
2952 1833 3141 1887 magna
3188 1815 3549 1888 profunditate
3591 1818 3971 1895 latitudineque

2404 1896 2681 1972 delapsus,
2722 1900 2815 1956 ubi
2861 1903 3097 1956 Taurum
3134 1903 3369 1974 attingit,
3402 1905 3597 1958 mirum
3644 1906 3699 1959 in
3744 1907 3965 1962 modum

2405 1997 2721 2045 coarctatur.
2794 1987 2931 2043 Mira
2972 1999 3053 2043 est
3094 1999 3347 2062 praeterea
3389 1991 3587 2046 montis
3628 1991 3814 2048 fissura
3829 2035 3847 2062 ,
3873 2013 3971 2068 per

2402 2091 2563 2146 quam
2581 2074 2758 2130 alveus
2781 2074 3015 2134 ducitur.
3090 2076 3219 2131 Nam
3252 2077 3701 2149 quemadmodum
3729 2082 3785 2135 in
3804 2086 3972 2154 petris

2403 2164 2593 2217 rimam
2637 2163 2964 2220 mentibus
3001 2175 3055 2219 et
3094 2183 3189 2238 per
3228 2164 3464 2221 medium
3500 2169 3673 2222 scissis
3709 2171 3969 2243 contingit

2401 2249 2564 2322 partis
2590 2250 2750 2305 unius
2773 2251 3084 2306 eminentias
3108 2251 3318 2307 alterius
3340 2253 3508 2327 partis
3542 2252 3968 2328 depressionibus

2402 2341 2472 2393 ita
2494 2339 2809 2405 convenire,
2836 2350 2897 2394 ut
2918 2337 3166 2412 conjungi
3188 2341 3395 2412 possint
3422 2357 3437 2396 ε
3466 2343 3545 2397 sie
3570 2341 3748 2398 videre
3766 2355 3847 2400 est
3866 2346 3970 2399 im·

2402 2432 2657 2487 minentes
2670 2432 2876 2488 flumini
2893 2441 3067 2506 petras
3082 2433 3334 2504 utrinque
3352 2433 3461 2488 fere
3478 2451 3645 2507 nsque
3662 2435 3732 2490 ad
3747 2439 3967 2494 vertices

2400 2520 2631 2574 duorum
2660 2518 2909 2592 jugerum
2955 2521 3229 2575 intervallo
3274 2523 3624 2578 concavitates
3668 2527 3967 2582 eminenti'u

2399 2607 2665 2679 oppositas
2690 2606 2902 2663 habere.
2976 2605 3247 2677 Quicquid
3266 2607 3365 2661 soli
3390 2607 3693 2682 interjacet.
3720 2611 3776 2664 id
3803 2631 3966 2666 omne

2399 2711 2645 2749 saxosum
2671 2704 2752 2748 est
2792 2705 2846 2749 et
2871 2693 3190 2766 profundam
3231 2711 3550 2766 prorsusque
3590 2709 3865 2768 angustam
3907 2701 3963 2752 in

2398 2780 2578 2836 medio
2603 2780 2800 2836 habens
2826 2791 3131 2854 rupturam,
3154 2793 3321 2853 'quam
3362 2783 3508 2836 canis
3530 2782 3782 2856 lepusque
3820 2797 3965 2840 tram

2397 2867 2537 2923 silire
2561 2868 2743 2940 possit.
2819 2865 3122 2938 Longitudo
3154 2877 3232 2922 est
3253 2866 3548 2922 stadiorum
3583 2870 3792 2926 circiter
3820 2871 3965 2927 mille

2400 2955 2549 3010 fossae
2576 2957 2759 3012 instar.
2813 2954 3065 3010 ‘Tantum
3094 2973 3219 3012 vero
3245 2955 3433 3010 limum
3456 2974 3487 3010 e
3512 2958 3711 3029 campis
3737 2959 3792 3011 in
3818 2977 3963 3014 mam

2398 3040 2643 3109 deducit,
2668 3041 3115 3114 quemadmodum
3131 3054 3187 3096 >et
3201 3042 3351 3097 Nilus
3366 3082 3383 3108 ,
3403 3054 3466 3097 ut
3480 3043 3782 3115 hujusmodi
3806 3045 3873 3100 de
3896 3065 3965 3101 eo

2400 3127 2676 3183 oraculum
2699 3126 2898 3183 editum
2922 3128 3120 3183 feratur
3145 3144 3159 3159 ·
3192 3153 3215 3176 ι
3239 3129 3473 3202 Tempus
3488 3131 3590 3184 erit
3612 3130 3811 3204 rapidis
3829 3132 3961 3186 olim

2398 3233 2563 3287 quum
2575 3219 2828 3288 Pyramus
2840 3214 3015 3280 undis,
3038 3217 3094 3268 in
3111 3233 3309 3269 sacram
3330 3217 3504 3271 veniet
3520 3228 3769 3286 congesto
3785 3218 3964 3274 littore

2400 3303 2656 3376 Cyprum.
2688 3328 2711 3350 ιι
3730 3323 3734 3327 ’

2472 3405 2525 3455 6.
2562 3401 2719 3452 Mons
2740 3399 3080 3472 Cappadociae
3098 3409 3311 3471 Argaeus
3331 3402 3573 3455 omnium
3594 3403 3687 3474 qui
3714 3401 3817 3457 illic
3834 3415 3959 3458 sunt

2400 3509 2679 3564 altissimus
2718 3521 2828 3577 est,
2856 3521 2918 3565 ut
2956 3522 3133 3566 vertex
3166 3510 3279 3584 ejus
3316 3528 3586 3585 nunqnam
3614 3513 3737 3567 nive
3762 3525 3961 3570 eareat.

2402 3626 2510 3696 Qui
2531 3643 2597 3680 eo
2615 3625 3006 3695 conscendunt,
3036 3637 3317 3701 utrumque
3341 3625 3553 3700 pelagus
3575 3624 3787 3694 vident,
3818 3629 3963 3682 Pou-

2402 3745 2561 3797 ticum
2585 3754 2640 3797 et
2656 3744 2897 3801 Issicum.

2470 3859 2522 3912 7.
2554 3846 2736 3913 Quum
2755 3841 3084 3915 Cappadocia
3096 3839 3203 3895 fere
3222 3851 3331 3896 tota
3348 3840 3501 3912 liguis
3515 3851 3708 3908 careat,
3730 3845 3948 3912 Argaeus

2397 3940 2571 3984 tamen
2610 3931 2949 3985 circumciroe
2974 3928 3155 3984 silvam
3178 3929 3356 3984 habet.
3431 3928 3535 3984 Sed
3564 3929 3677 3984 loca
3718 3929 3791 3983 illi
3830 3929 3956 3983 suh—

2385 4013 2525 4086 jecta
2546 4018 2736 4090 passim
2760 4018 2934 4088 ignem
2970 4017 3260 4083 continent,
3288 4019 3381 4090 qui
3412 4027 3575 4072 noctu
3609 4027 3858 4090 apparet,
3890 4036 3949 4074 ae

2393 4119 2575 4155 rursus
2600 4120 2708 4156 non
2742 4101 2927 4175 procul
2953 4119 3114 4175 aquas
3155 4101 3369 4174 frigidas
3406 4103 3507 4158 sub
3539 4114 3682 4157 terra
3710 4102 3948 4158 latentes.

2392 4189 2499 4256 Qui
2545 4189 2719 4260 itaque
2756 4187 2995 4242 locorum
3040 4189 3196 4262 periti
3255 4200 3381 4242 sunt
3396 4227 3413 4253 ,
3452 4199 3605 4243 caute
3653 4189 3949 4259 ligantur-3

2390 4274 2583 4343 ignaris
2616 4273 2905 4345 periculum
2948 4285 3054 4340 est,
3081 4276 3369 4347 prasertim
3408 4275 3614 4347 pecori,
3645 4292 3714 4328 ne
3746 4275 3802 4328 in
3829 4273 3959 4329 obs—

2386 4379 2539 4415 curas
2560 4361 2694 4432 ignis
2718 4360 2877 4416 fossas
2902 4362 3156 4422 incidant.
3301 4365 3310 4376 '

2458 4449 2512 4502 8.
2548 4448 2756 4502 Mazaca
2779 4448 3120 4522 Cappadociae
3144 4446 3339 4502 distant
3372 4466 3405 4502 a
3432 4449 3563 4502 mari
3592 4449 3815 4502 Pontico
3838 4457 3947 4502 sta-

2388 4533 2489 4588 diis
2519 4538 2623 4591 800
2642 4575 2659 4600 ,
2686 4534 2755 4588 ab
2779 4534 3047 4607 Euphrate
3078 4533 3240 4597 1500,
3267 4551 3298 4588 a
3335 4533 3527 4588 Ciliciis
3552 4534 3719 4605 portis
3758 4533 3948 4588 itinere

2388 4618 2597 4673 dierum
2636 4637 2757 4682 sex,
2787 4637 2817 4672 a
2842 4617 3095 4689 Cybistris
3120 4618 3299 4672 stadiis
3335 4617 3459 4675 300.
3531 4619 3685 4672 Nunc
3728 4629 3947 4673 vocatur

2388 4705 2638 4760 Caesarea.

2457 4813 2511 4865 9.
2550 4793 2862 4865 Magnitudo
2890 4791 3229 4866 Cappadociae
3254 4802 3334 4846 est
3355 4793 3413 4846 in
3434 4791 3595 4847 latum
3620 4810 3653 4846 a
3668 4795 3840 4847 Ponto
3872 4792 3943 4846 ad

2386 4881 2625 4934 Taurum
2670 4881 2877 4934 circiter
2918 4877 3207 4933 stadiorum
3250 4881 3419 4944 1800,
3446 4877 3775 4948 longitudine
3816 4896 3944 4932 vero

2385 4985 2414 5021 a
2445 4968 2707 5038 Lycaonia
2743 4976 2799 5021 et
2836 4965 3059 5038 Phrygia
3094 4983 3260 5037 usque
3280 4965 3347 5020 ad
3372 4965 3695 5038 Euphratem
3722 4966 3940 5020 fluvium

2386 5070 2564 5106 versus
2587 5063 2763 5107 ortum
2790 5062 2845 5106 et
2870 5052 3166 5105 Armeniam
3189 5049 3481 5106 stadiorum
3513 5051 3670 5107 3000.

744 5315 802 5370 p.
836 5297 957 5364 535,
988 5301 1056 5354 B.
1091 5297 1112 5367 ΙΙ
1155 5260 1232 5340 ·-·
1277 5296 1331 5352 5.
1369 5314 1424 5369 p.
1462 5296 1582 5362 536,
1609 5300 1763 5352 ABC.
1797 5297 2030 5370 καθορᾶν]
2069 5296 2278 5368 καθαρὸν
2308 5293 2451 5362 cod„
2482 5305 2541 5349 ut
2566 5292 2723 5352 codd.
2744 5293 3040 5360 Strabonis;
3062 5311 3165 5349 em.
3189 5290 3500 5366 Tyrwhitt.;
3527 5289 3743 5365 εἴδομεν]
3766 5288 3935 5364 ἴδομεν
