4584 6284
1677 397 1778 458 DE
1818 397 2090 459 ‘ro‘rms
2135 397 2361 460 ORBIS
2400 398 2985 463 DESCRIPTIONE.

737 526 1169 591 Constantinus
1195 527 1278 590 Μ.
1311 526 1510 590 ferme
1539 527 1808 610 aperuit,
1834 527 2083 609 genium
2101 534 2166 592 et
2190 524 2286 592 i‘n-

737 615 990 696 genium
1025 614 1484 698 deprehendas.

3798 407 3923 466 xllx

2375 535 2520 593 toris
2546 529 2803 594 nomine
2834 529 3212 612 designatur,
3260 549 3464 613 neque
3492 531 3557 595 id
3605 533 3823 611 efficit,
3858 545 3928 598 ut

2375 617 2695 682 Orientis
2678 619 3015 700 imperium
3050 617 3129 680 ab
3168 618 3549 682 occidentali
3588 619 3927 701 distingua-

820 727 852 764 α
879 704 1006 768 Sed
1046 703 1200 789 quid
1231 705 1594 768 moramur?
1631 706 2011 770 Constantini
2049 709 2131 772 M.
2171 716 2333 772 no-!
2372 713 2491 770 tur.
2542 707 2789 771 Maneat
2836 707 3045 786 igitur,
3097 705 3212 770 sub
3255 706 3612 771 Constantio
3656 714 3721 770 et
3772 709 3929 773 Con-

731 791 1018 856 minatim
1046 800 1112 857 et
1139 792 1754 874 constantinopoleos
1779 793 1858 858 ab
1895 811 1971 858 eo
2003 795 2283 860 excitatae
2324 789 2332 892 Ι
2372 799 2572 858 stante
2620 793 3107 876 imperatoribus
3148 793 3311 858 hane
3346 793 3558 874 ιξήγησι
3559 819 3588 854 ν
3633 796 3925 878 scriptam

733 887 798 942 et
823 879 1084 943 canonis
1114 897 1225 943 seu
1254 897 1518 944 annonae
1542 878 1972 945 Alexandrino
2005 879 2063 944 ei
2093 881 2284 944 desti·
2369 881 2595 960 tuisse,
2626 889 2693 946 et
2714 882 2805 945 sic
2834 881 3047 946 medio
3075 882 3380 946 decennio
3404 882 3569 947 inter
3592 902 3692 950 an.
3722 888 3841 952 340
3868 895 3927 950 et

731 977 892 1033 natae
925 974 988 1032 et
1005 968 1288 1034 Basilica
1308 966 1796 1032 Nicomediensis
1821 986 1860 1032 a
1883 968 2282 1034 Constantino
2370 971 2519 1047 350,
2548 987 2675 1053 quo
2704 968 2963 1034 demum
2996 987 3161 1034 anno
3188 970 3489 1034 Constans
3512 989 3547 1034 a
3575 973 3926 1056 Magnentio

731 1057 1092 1121 instaurata
1139 1056 1518 1121 mentionem
1556 1056 1658 1120 hic
1691 1055 1958 1138 scriptor
1994 1057 2164 1138 facit,
2197 1057 2284 1121 ita
2370 1065 2632 1140 tyranno
2664 1077 2865 1124 caesus
2890 1056 3032 1122 fuit.

731 1153 944 1210 tamen
973 1152 1046 1209 ut
1070 1143 1149 1208 de
1175 1149 1420 1210 mortuo
1453 1145 1588 1225 jam
1625 1145 2024 1208 Constantino
2053 1145 2282 1211 sentire
2456 1169 2489 1208 α
2530 1146 2805 1213 Ulterius
2848 1165 3017 1211 nunc
3061 1163 3415 1230 pergamus.
3474 1147 3778 1214 Memorat
3826 1151 3920 1217 hic

731 1252 879 1300 eum
903 1232 1142 1313 videas,
1176 1237 1387 1316 utpote
1413 1251 1602 1316 quem
1630 1232 1804 1298 nullo
1833 1233 2041 1316 elogio
2072 1240 2282 1299 trans-
2370 1239 2585 1300 auctor
2616 1234 2939 1318 Dyrrachii
2972 1233 3295 1298 interitum
3324 1236 3803 1316 :Dyr-rachium,
3838 1240 3923 1302 in·

731 1321 946 1388 mittit.
978 1323 1200 1386 Contra
1233 1319 1574 1386 Constantii
1607 1320 1998 1406 imperatoris
2031 1322 2118 1386 ita
2147 1340 2284 1388 me-
2370 1321 2535 1404 quit,
2586 1331 2837 1404 propter
2880 1322 3285 1386 Mbitamium
3331 1323 3660 1401 malitiam,
3712 1344 3753 1388 a
3802 1329 3928 1390 Deo

730 1412 946 1493 minit,
971 1419 1039 1474 ut
1063 1409 1372 1492 intelligas
1395 1425 1542 1472 eum
1572 1409 1652 1473 de
1679 1417 1986 1492 prasente
2023 1411 2282 1476 omnino
2368 1417 2567 1492 macir
2592 1431 2757 1489 vero,
2788 1417 2859 1474 ut
2878 1411 3118 1489 dicunt,
3146 1412 3487 1489 deseendit,
3516 1417 3574 1474 ci
3590 1431 3713 1474 non
3740 1431 3922 1494 appa.

729 1501 1099 1585 imperatore
1135 1505 1200 1562 et
1229 1513 1486 1562 suorum
1533 1503 1890 1580 temporum
1932 1499 2156 1584 aquali
2187 1499 2284 1564 lo-
2370 1503 2511 1562 ruit.
2542 1499 2776 1584 Atquin
2812 1499 3273 1581 Dyrrachenam
3306 1498 3469 1563 hanc
3500 1498 3749 1564 cladem
3788 1501 3925 1566 Hie-

728 1593 868 1674 qui,
895 1605 1036 1654 cum
1075 1585 1369 1652 videlicet
1399 1585 1480 1650 de
1507 1593 1692 1668 portu
1723 1587 2070 1654 seleuceno
2096 1587 2178 1652 ab
2205 1607 2280 1654 eo
2366 1605 2667 1670 ronymus
2716 1587 2781 1650 in
2807 1588 3117 1652 Chronico
3161 1605 3327 1650 anno
3354 1586 3777 1653 Constantiani
3810 1588 3925 1652 im-

729 1678 988 1744 excitato
1012 1692 1202 1760 agens
1240 1692 1388 1740 eum
1433 1675 1748 1738 dominum
1791 1677 1950 1738 orbis
1985 1682 2282 1742 terrarum
2320 1640 2327 1818 ¹
2369 1675 2523 1758 perii
2547 1683 2765 1741 octavo
2792 1676 3041 1750 tribuit,
3074 1683 3138 1738 et
3164 1675 3255 1739 sic
3280 1695 3379 1738 an.
3414 1679 3569 1752 344,
3609 1676 3922 1740 cedrenus

725 1772 930 1844 vocat;
960 1765 1278 1842 dominus,
1333 1762 1577 1847 inquit,
1615 1765 1778 1826 orbis
1803 1771 2096 1828 terrarum
2127 1766 2284 1829 Con·
2321 1782 2565 1858 ιιοιιο,
2590 1765 2767 1829 etsie
2794 1785 2897 1828 an.
2924 1723 3044 1830 345
3064 1763 3131 1827 id
3157 1762 3477 1828 adscribit.
3500 1767 3659 1828 Item
3685 1783 3927 1830 memo·

719 1861 976 1919 stantius
999 1859 1238 1958 portum
1257 1855 1446 1934 fecit.-
1477 1851 1646 1934 quod
1671 1870 1818 1918 sane
1842 1851 1922 1918 de
1949 1841 2327 1956 superstite}
2368 1861 2462 1917 rat
2514 1853 2618 1918 hic
2674 1860 2892 1918 auctor
2938 1859 3192 1936 portum
3234 1852 3649 1918 seleucenum
3683 1871 3722 1918 a
3768 1855 3921 1918 Con-

720 1942 846 2008 dici
873 1941 1296 2008 certissimum
1333 1947 1469 2016 est,
1511 1939 1744 2022 pariter
1771 1946 1843 2006 ut
1867 1959 2014 2006 cum
2051 1941 2179 2005 de
2159 1960 2282 2005 ιιιι-
2320 1911 2327 1993 Ι
2367 1941 2593 2006 stantio
2607 1941 2957 2008 Antiochiae
2979 1941 3177 2024 gratia
3194 1941 3611 2006 aedificatum:
3628 1941 3923 2020 Selmcia,

719 2031 1022 2114 peratoris
1041 2030 1190 2096 sede
1201 2027 1554 2092 Antiochia
1579 2027 1876 2110 loquitur,
1907 2031 2034 2110 ubi,
2053 2030 2327 2138 inquit&
2320 2019 2599 2112 inquit,
2630 2036 2847 2094 civitas
2873 2037 3133 2114 optima,
3162 2049 3293 2113 qua
3320 2035 3542 2112 etipsa
3567 2035 3771 2094 omnia
3798 2049 3927 2112 quae

719 2127 778 2183 et
803 2121 1082 2182 dominus
1107 2119 1268 2180 orbis
1292 2125 1592 2180 terrarum
1625 2119 1811 2181 sedet.
2366 2125 2615 2183 veniunt
2631 2120 2930 2202 praedicta
2974 2121 3301 2184 Antiochi-‘c
3326 2121 3543 2200 offert,
3598 2125 3655 2182 et
3688 2119 3924 2198 fiscales

807 2229 840 2267 ιι
856 2209 994 2272 Jam
1010 2211 1296 2270 tenemus
1315 2205 1506 2288 igitur
1523 2203 1990 2288 imperatorem,
2010 2205 2128 2272 sub
2152 2224 2325 2289 quo
2319 2087 2327 2244 ¹
2321 2212 2587 2316 φοι-ιω
2631 2216 2690 2273 et
2738 2213 3037 2289 privatas.
3086 2210 3379 2271 Dominus
3420 2207 3581 2270 orbis
3626 2212 3927 2270 terrarum

719 2294 826 2359 hic
851 2302 1073 2360 auctor
1098 2293 1366 2376 scripsit.
1390 2295 1608 2374 Neque
1636 2290 1788 2356 dum
1810 2297 2019 2358 tamen
2037 2292 2102 2357 id
2131 2293 2280 2357 satis
2365 2297 2699 2378 Imperator
2733 2299 3123 2361 Constantius
3160 2297 3401 2376 videns,
3440 2295 3606 2378 quod
3640 2300 3729 2358 sic
3754 2299 3925 2358 utilis

724 2391 852 2461 est;
889 2381 1404 2468 quandoquidem
1447 2380 1871 2458 Constantius,
1904 2388 2078 2465 patre
2123 2383 2282 2446 Con-
2320 2272 2327 2422 ¹
2367 2389 2454 2446 est
2473 2388 2532 2448 ei
2557 2390 2616 2448 et
2650 2390 2976 2458 exercitui,
3006 2391 3261 2448 montem
3302 2389 3643 2448 maximum
3667 2387 3923 2459 secavit,

725 2471 995 2536 stantino
1015 2472 1100 2534 Μ.
1133 2477 1383 2534 mortuo
1418 2488 1518 2532 an.
1551 2471 1689 2545 337,
1713 2469 1796 2533 ad
1825 2487 2053 2536 annum
2084 2489 2327 2559 usque·
2320 2433 2328 2512 ¹
2368 2477 2427 2532 et
2455 2471 2795 2535 introduxit
2820 2491 3019 2546 mare,
3048 2478 3106 2534 et
3120 2478 3365 2551 portum
3390 2473 3535 2552 feeit
3560 2489 3847 2550 magnum
3872 2479 3927 2534 et

723 2561 836 2624 361
877 2558 1136 2642 integris
1169 2558 1368 2622 ferme
1393 2559 1558 2621 XXV
1595 2556 1774 2622 annis
1814 2557 2146 2643 imperium
2189 2567 2327 2624 te-·
2370 2555 2589 2620 bonum
2600 2601 2619 2636 ,
2649 2558 2757 2621 ubi
2781 2563 3085 2622 venientes
3118 2577 3301 2622 naves
3334 2559 3741 2636 salvarentur,
3772 2566 3833 2622 ec
3852 2563 3929 2634 fi-

719 2646 890 2722 nuit;
923 2653 988 2710 et
1014 2645 1184 2710 varie
1211 2645 1438 2722 etiam;
1474 2645 1680 2727 primo
1708 2663 1855 2710 cum
1884 2643 2128 2710 duobus
2156 2644 2327 2710 fra-.
2321 2618 2327 2674 ¹
2367 2645 2527 2708 scale
2567 2663 2717 2708 onus
2758 2665 2879 2710 non
2903 2651 3156 2728 periret.
3191 2645 3425 2730 Atquin
3470 2664 3618 2711 cum
3662 2645 3923 2728 hujusce

719 2733 952 2811 tribus,
987 2733 1392 2799 Constantino
1443 2743 1508 2797 et
1534 2734 1904 2811 Constante,
1951 2751 2097 2799 mox
2133 2751 2280 2798 curn
2320 2719 2585 2815 'portus
2616 2734 2943 2800 Seleuceni
2990 2754 3029 2799 a
3067 2735 3427 2800 Constantio
3458 2735 3703 2798 excitati
3748 2753 3925 2800 com-

719 2824 852 2888 solo
884 2824 1242 2900 Constante,
1290 2821 1441 2886 dein
1482 2840 1630 2887 cum
1679 2823 1856 2888 Gallo
1883 2825 2124 2888 Caesare
2161 2823 2278 2888 sibi
2319 2781 2327 2873 Ι
2368 2821 2579 2904 plures
2622 2821 2728 2886 alii
2778 2823 3213 2905 meminerint,
3253 2822 3550 2887 Libanius
3590 2823 3656 2885 in
3705 2823 3927 2888 Antio-

719 2911 996 2992 adscito,
1021 2909 1281 2976 tandem
1325 2929 1472 2975 cum
1500 2911 1752 2976 Juliano
1781 2912 2042 2976 Caesare.
2078 2914 2278 2985 Quare
2317 2885 2327 3042 Ι
2367 2909 2583 2988 chicO,
2618 2911 3080 2994 Hieronymus
3062 2930 3128 2975 ιιι
3170 2911 3513 2987 Chronico,
3556 2911 3921 2975 Cedrenus:

715 2998 1092 3078 videndum,
1122 2999 1376 3064 cuinam
1400 3016 1436 3062 e
1459 3005 1728 3084 quatuor
1747 2999 1850 3063 his
1877 3000 2150 3102 epochis
2173 3000 2323 3076 hic¹
2368 3015 2515 3064 sane
2542 2998 2961 3082 Hieronymus
2998 3017 3162 3065 nono
3202 2998 3629 3065 Constantiani
3672 2999 3921 3082 imperii

719 3087 970 3154 libellus
995 3087 1338 3152 conveniat.
1375 3089 1537 3152 Sane
1559 3105 1766 3172 neque
1797 3087 1990 3171 priori
2017 3081 2325 3169 epochae'
2365 3105 2527 3153 anno
2554 3088 2621 3151 id
2667 3090 2905 3153 factum
2932 3087 3051 3166 ait,
3096 3086 3277 3151 etsie
3315 3104 3482 3150 anno
3519 3089 3658 3160 345,
3691 3087 3922 3150 Cedre-

719 3174 1072 3257 (triarcbias
1093 3174 1455 3260 videlicet),
1482 3193 1686 3259 neque
1715 3174 1956 3240 duabus
1978 3177 2279 3257 posterio-
2366 3193 2482 3238 nus
2505 3174 2788 3256 decimo,
2822 3183 2888 3241 et
2912 3176 3005 3240 sic
3040 3193 3143 3238 an
3174 3177 3313 3240 346.
3352 3176 3505 3237 Post
3538 3191 3686 3236 eum
3714 3174 3922 3255 itaque

720 3264 894 3328 ribus
939 3265 1286 3344 (Gaesarum
1327 3263 1624 3328 videlicet
1671 3262 2090 3344 adscitorum)
2155 3264 2277 3329 boc

2365 3281 2599 3326 annum
2645 3263 2750 3327 hic
2794 3263 3045 3328 libellus
3089 3261 3481 3342 conscriptus
3524 3268 3654 3338 est,
3711 3262 3923 3325 medio

723 3352 1027 3434 scriptum
1052 3351 1423 3427 convenire,
1461 3369 1679 3414 verum
1705 3349 1768 3414 ei
1795 3348 1906 3413 uni
1949 3368 2075 3434 quo
2116 3352 2279 3416 Con-
2364 3349 2485 3416 hoc
2539 3350 2935 3434 quadriennii
3010 3348 3238 3432 spatio,
3314 3349 3395 3411 ab
3462 3367 3627 3412 anno
3668 3351 3787 3414 346
3842 3351 3921 3412 ad

724 3439 983 3504 stantius
1017 3445 1081 3502 et
1104 3439 1406 3504 Constans
1437 3439 1850 3522 imperatores
1879 3437 2084 3516 fuere,
2119 3458 2278 3523 quo-
2315 3405 2323 3487 Ι
2364 3442 2503 3504 350.

722 3547 864 3592 rum
887 3527 992 3592 ille
1017 3527 1328 3593 Orientis
1309 3527 1650 3611 imperium
1667 3526 1951 3604 tenebat,
1977 3525 2082 3592 hic
2104 3528 2276 3593 Occi-

723 3617 924 3681 dentis
936 3663 954 3694 ,
979 3615 1266 3682 decennii
1282 3616 1576 3681 videlicet
1589 3615 1790 3700 spatio
1811 3615 1984 3698 quod
2002 3614 2277 3682 decurrit

709 3705 803 3770 ,ab
847 3724 946 3770 an.
991 3708 1112 3770 340
1150 3703 1231 3770 ad
1268 3723 1369 3770 an.
1415 3707 1538 3770 350
1591 3703 2054 3788 (preterquam
2104 3705 2275 3788 quod

727 3794 1262 3859 anteNicomediae
1281 3795 1526 3878 lapsum
1541 3841 1560 3874 ‚
1585 3795 1630 3858 i.
1657 3813 1715 3858 e.
1740 3799 1880 3859 ante
1897 3811 2131 3859 annum
2157 3799 2275 3861 359

728 3883 1029 3966 scriptum
1054 3883 1190 3966 ipse
1215 3883 1362 3947 satis
1387 3883 1623 3948 indicat
1642 3890 1690 3960 ),
1721 3882 2072 3948 indubitato
2099 3901 2276 3966 argu-

727 3979 942 4038 mento
968 3970 1234 4036 conficio
1266 3993 1283 4035 ε
1329 3970 1452 4035 hoc
1480 3989 1706 4054 nempe
1722 4018 1740 4049 ,
1789 3971 1962 4056 quod
1989 3971 2148 4036 duos
2189 3973 2276 4037 si-

725 4065 906 4140 gnate
961 4059 1303 4123 Comitatus
1348 4075 1460 4122 seu
1501 4056 1659 4121 duos
1707 4056 2115 4140 imperatores
2154 4058 2278 4125 hoc

721 4155 1008 4231 tempore
1087 4145 1282 4212 fuisse
1358 4143 1591 4210 diserte
1659 4143 1775 4224 ait,
1834 4163 2103 4230 quorum
2169 4147 2277 4212 ille

720 4233 956 4300 Orienti
973 4280 994 4315 ,
1011 4233 1168 4299 alter
1184 4251 1330 4299 vero
1345 4231 1670 4299 occidenti
1689 4234 2026 4317 praefuerit.
2041 4237 2274 4317 Aspice,

720 4323 920 4409 inquit
949 4324 1024 4407 (ξ
1047 4323 1199 4406 44),
1229 4329 1296 4388 in
1323 4325 1445 4387 duo
1477 4325 1805 4404 comitata,
1845 4323 2108 4388 Orientis
2135 4345 2278 4409 quo-

719 4431 832 4494 que
866 4419 924 4476 et
951 4411 1314 4489 Occidentis,
1347 4417 1404 4474 et
1426 4412 1648 4474 multos
1683 4411 1770 4474 ibi
1805 4414 2100 4490 incuties,
2129 4418 2277 4494 etc„-

711 4505 1035 4581 propterea
1058 4505 1118 4564 ci
1135 4503 1424 4580 temptari
1447 4517 1561 4581 per
1573 4501 1948 4579 cosjussione
1963 4507 2281 4582 imperato-

721 4605 858 4651 rum
899 4592 1146 4669 neqotia
1183 4591 1433 4670 putant.
1472 4588 1634 4651 Sane
1684 4587 2045 4650 Comitatum
2089 4589 2276 4652 etiam

725 4675 950 4738 Caesari
980 4672 1173 4738 tribui
1199 4674 1330 4740 scio
1347 4722 1366 4756 ,
1403 4681 1470 4740 et
1503 4692 1652 4739 vero
1681 4673 1874 4738 tribui
1903 4675 2276 4739 nominatim

725 4763 1051 4848 ipsiusmet
1075 4763 1412 4830 Constantii
1431 4761 1869 4830 constitutione
1891 4781 1993 4827 an.
2019 4767 2140 4828 358
2161 4763 2272 4828 lib.

724 4857 764 4917 6
790 4852 933 4917 cod.
964 4852 1199 4918 Theod.
1229 4855 1302 4916 de
1332 4851 1588 4933 malefic.
1620 4859 1679 4918 ct
1705 4853 1990 4917 matham.
2025 4853 2276 4917 Atenim

723 4939 1142 5006 Caesarianum
1191 4940 1557 5024 imperium,
1607 4960 1752 5006 cum
1806 4941 2042 5024 δεύτιρον
2083 4939 2276 5004 fuerit

724 5029 994 5108 βασιλείας
1016 5035 1201 5111 σχῆμα
1221 5031 1321 5108 (ιιι
1341 5029 1634 5094 Libanius
1655 5029 1952 5114 loquitur,
1979 5047 2170 5110 agens
2193 5029 2274 5094 de

721 5116 898 5182 Gallo
939 5115 1182 5182 Caesare
1215 5135 1254 5181 a
1286 5117 1682 5183 Constantino
1727 5117 1967 5184 adscito
2002 5117 2070 5182 in
2111 5123 2267 5181 orat.

722 5203 962 5282 lunebr.
993 5210 1060 5270 in
1091 5206 1406 5272 lulianum
1429 5251 1448 5282 ,
1481 5227 1543 5291 p.
1573 5209 1744 5290 264),
1774 5225 1978 5293 neque
2015 5211 2270 5290 impera-

2451 3549 2484 3589 α
2504 3528 2677 3593 Ultra
2698 3527 2907 3593 adhuc
2924 3545 3278 3610 pergamus.
3296 3527 3453 3590 Ante
3472 3523 3715 3588 cladem
3733 3525 3925 3608 Bery-

2361 3621 2600 3682 tensem
2616 3663 2633 3696 ,
2666 3635 2811 3702 quae
2834 3635 2985 3682 sane
3024 3614 3284 3696 contigit
3310 3632 3413 3678 an.
3444 3615 3596 3691 348,
3624 3619 3783 3679 teste
3812 3615 3924 3680 Ce-

2363 3705 2593 3783 dreno‚
2668 3705 2841 3770 hunc
2904 3703 3188 3768 libellum
3248 3701 3676 3784 conscriptum
3729 3701 3919 3768 fuisse

2362 3793 2589 3875 colligo
2628 3811 2706 3858 ex
2750 3810 2862 3873 eo,
2906 3790 3076 3877 quod
3122 3791 3231 3855 hic
3277 3796 3495 3855 auctor
3533 3789 3693 3853 nihil
3730 3789 3919 3871 hujus

2362 3888 2687 3946 memoret.
2714 3882 2907 3966 Igitur
2917 3879 3171 3947 tandem
3195 3878 3621 3961 conscriptum
3636 3878 3737 3960 ajo
3758 3878 3921 3944 hanc

2362 3969 2604 4048 ιξήγησιν
2647 3987 2747 4034 an.
2801 3971 2945 4046 347,
3000 3986 3127 4051 quo
3165 3965 3511 4032 Concilium
3552 3965 3921 4032 sardicense

2362 4055 2645 4120 habitum
2668 4055 2813 4134 fuit,
2842 4056 2939 4120 vel
2962 4074 3112 4121 sane
3126 4055 3303 4120 initio
3326 4073 3428 4118 an.
3450 4055 3602 4131 348,
3629 4053 3920 4136 Philippo

2365 4151 2429 4208 et
2454 4145 2621 4209 Salia
2669 4161 2861 4222 coss„
2912 4141 3141 4226 quibus
3170 4148 3349 4206 natus
3390 4147 3485 4206 est
3519 4139 3914 4206 Prudentius.

2364 4235 2497 4312 Quo
2528 4241 2815 4317 tempore
2844 4231 2951 4298 hic
2974 4238 3195 4296 auctor
3214 4231 3300 4295 ait
3332 4230 3763 4294 Constantium
3792 4231 3922 4293 An-

2363 4321 2615 4386 tiocbioe
2656 4320 2893 4385 sedisse
2931 4317 3143 4405 (quod
3168 4317 3356 4383 etiam
3390 4316 3709 4382 Cedrenus
3735 4323 3923 4382 testa-

2366 4417 2467 4474 tur
2502 4428 2603 4474 an.
2636 4412 2814 4491 347),
2861 4408 3260 4474 Constantem
3306 4425 3450 4470 vero
3491 4405 3793 4472 Treveris.
3842 4409 3921 4472 Et

2366 4517 2515 4563 sane
2566 4496 2994 4564 Constantium
3034 4495 3381 4561 Antiochia
3425 4495 3779 4560 constitisse
3819 4496 3919 4559 his

2364 4588 2543 4651 annis
2560 4633 2579 4668 ,
2605 4587 3003 4651 Constantem
3034 4602 3181 4650 vero
3214 4583 3279 4648 in
3322 4581 3537 4650 Galliis
3550 4629 3567 4660 ,
3604 4583 3803 4666 liquet
3844 4602 3919 4646 ex

2364 4674 2703 4739 Athanasio
2745 4673 2815 4737 in
2854 4675 3111 4755 Apoloq.
3155 4671 3239 4734 ad
3290 4672 3705 4735 Constantium
3744 4677 3809 4736 et
3835 4674 3921 4733 ad

2362 4763 2521 4826 solit.
2547 4767 2733 4827 vitam
2755 4781 2857 4844 aq.
2890 4766 2954 4825 et
2979 4779 3055 4825 ex
3082 4759 3191 4824 lib.
3226 4761 3303 4825 39
3339 4759 3409 4822 C.
3459 4759 3683 4823 Theod.
3714 4761 3790 4822 de
3814 4760 3919 4822 de-

2362 4854 2725 4916 cut-ionibus.

2452 4961 2483 5002 α
2509 4939 2713 5025 Atque
2737 4939 2877 5004 haec
2903 4945 3078 5015 sunt,
3104 4955 3245 5022 quae
3270 4935 3351 5000 de
3375 4935 3563 5016 huius
3587 4932 3785 4998 libelli
3808 4951 3921 4996 au·-

2362 5035 2535 5094 ctore
2565 5037 2630 5093 et
2655 5033 2937 5111 tempore
2964 5030 3282 5109 comperta
3310 5024 3541 5092 babeo.
3560 5024 3651 5086 De
3674 5029 3915 5099 cetero,

2361 5116 2632 5198 benigne
2666 5115 2883 5192 lector,
2938 5113 3096 5178 nihil
3129 5118 3225 5176 est
3270 5115 3451 5200 quod
3490 5112 3611 5175 hac
3646 5109 3918 5173 editione

2362 5206 2559 5288 magis
2587 5204 2907 5288 deprecari
2933 5203 3120 5266 velim
3147 5220 3351 5285 quam
3377 5217 3603 5305 ρει-,ιιι
3625 5194 3925 5353 {er-sionis
