4584 6284
708 466 822 519 668

1946 460 2626 525 CHRESTOMATHIAE

698 584 790 645 καὶ
812 584 899 645 τὸν
924 583 1189 662 Ζάμολξιν
1213 584 1424 667 ὕστερον
1446 595 1565 655 τοὺς
1586 585 1753 655 Γέτας
1778 588 2055 649 ἀναπεῖσαι
2076 596 2241 650 πυθα-
2331 612 2437 657 tam
2478 602 2758 670 ducet-ent,
2792 602 2938 676 quod
2979 623 3068 660 eos
3102 604 3170 660 ad
3209 606 3594 681 philosophiam
3636 623 3878 683 promtos

696 673 912 753 γορίζειν
928 720 947 753 ‚
977 672 1193 754 εὑρόντα
1218 672 1455 748 ἑτοίμους
1476 673 1604 756 πρὸς
1636 675 1962 755 φιλοσοφίαν.

774 780 847 822 13.
891 755 1022 820 Ὀτι
1053 765 1082 820 ὃ
1138 757 1377 828 Εὔξεινος
1418 764 1511 819 νῦν
1545 760 1730 826 πόντος
1769 756 1990 829 Ἄξεινος
2024 760 2086 821 τὸ
2118 762 2241 841 πρὶν

692 848 929 909 ἐκαλεῖτο
958 846 1045 908 διὰ
1089 848 1151 907 τὸ
1188 846 1257 906 τὰ
1295 849 1588 907 ἐνοικοῦντα
1616 845 1740 921 ἔθνη
1785 847 1940 929 ἄγρια
1989 839 2123 910 εἶναι
2150 852 2240 911 καὶ

692 931 1001 1001 ξενοκτονεῖν
1026 933 1147 1002 τοὺς
1174 934 1296 1015 περὶ
1315 932 1413 1006 τὴν
1440 936 1729 1014 Ταυρικήν.

772 1039 840 1081 14.
886 1020 1015 1083 Ὅτι
1046 1024 1095 1081 οἱ
1125 1020 1329 1082 Σκύθαι
1360 1019 1534 1080 πάντα
1560 1021 1707 1082 κοινὰ
1747 1013 1887 1103 εἶχον
1904 1067 1921 1097 ,
1958 1024 2051 1083 καὶ
2082 1025 2241 1094 αὐτὰς

688 1104 797 1172 τὰς·
809 1116 1089 1187 γυναῖκας,
1111 1104 1255 1178 πλὴν
1296 1104 1472 1188 ξίφους
1497 1108 1589 1166 καὶ
1616 1110 1883 1189 ποτηρίου.
1966 1110 2067 1170 Διὰ
2097 1112 2150 1172 δὲ
2180 1112 2239 1172 τὸ

686 1181 820 1253 εἶναι
852 1193 993 1255 ἅδιοι
1032 1192 1354 1255 δικαιότατοί
1404 1196 1558 1253 εἰσιν·
1593 1198 1629 1266 ἡ
1673 1194 1773 1276 γὰρ
1802 1196 1975 1254 ἀδικία
2024 1196 2109 1255 διὰ
2142 1198 2237 1269 τὴν

687 1284 793 1341 τῶν
818 1281 1115 1362 χρημάτων
1138 1286 1322 1353 κτῆσιν
1342 1280 1433 1339 καὶ
1454 1279 1543 1340 διὰ
1558 1278 1628 1341 τὰ
1644 1280 1959 1359 συμόόλαια.
2044 1287 2115 1345 Οἱ
2133 1284 2235 1365 γὰρ

683 1368 913 1428 παλαιοῖ
927 1368 1135 1430 Σκύθαι
1157 1368 1377 1442 πένητες
1404 1359 1567 1439 ἦσαν·
1598 1367 1673 1451 [8]
1696 1370 1787 1429 καὶ
1820 1368 2063 1451 Ὅμηρος
2092 1396 2235 1453 μαρ-

683 1465 830 1533 τυρεῖ
847 1455 939 1515 καὶ
961 1454 1247 1534 ’Ἡρόδοτος
1260 1499 1279 1531 ,
1297 1454 1537 1536 περὶτῶν
1560 1456 2137 1539 [ἐπιστρατευσάντων]
2158 1464 2233 1542 τῷ

687 1543 899 1625 Δαρείῳ
930 1544 1143 1625 βασιλεῖ
1179 1548 1285 1603 τῶν
1310 1546 1530 1626 Περσῶν
1561 1547 1772 1606 Σκυθῶν
1793 1545 2035 1627 γράφων,
2061 1551 2153 1619 τῆς
2173 1572 2229 1608 τε

686 1633 1004 1712 αὐταρκείας
1034 1634 1125 1693 καὶ
1152 1632 1415 1707 λιτότητος
1452 1634 1641 1692 αὐτῶν.
1725 1635 1833 1694 Καὶ
1876 1636 2232 1715 Δρομιχαίτης

684 1723 713 1778 ὁ
742 1721 919 1782 Γετῶν
953 1720 1225 1803 βασιλεὺς,
1243 1718 1515 1802 ζωγρήσας
1534 1719 1870 1801 Λυσίμαχον,
1893 1722 1981 1780 τὸν
2002 1744 2230 1801 στρατη-

685 1808 779 1888 γὸν
806 1815 909 1870 τῶν
946 1800 1297 1883 Μακεδόνων,
1342 1807 1792 1891 συστρατεύσαντά
1828 1832 1954 1869 ποτε
1984 1808 2229 1879 Ἀλεξάν-

685 1900 824 1981 δριρ,
855 1896 1119 1975 ἀπέλυσε,
1150 1896 1314 1966 δείξας
1340 1897 1480 1975 αὐτῷ
1522 1896 1766 1977 πρότερον
1802 1894 1895 1967 τὴν
1917 1899 2019 1954 τῶν
2052 1898 2227 1957 Γετῶν

684 1986 868 2047 πενίαν
896 1985 987 2048 καὶ
1017 1984 1207 2059 εἰπὼν,
1230 1981 1309 2045 ὅτι
1335 1986 1395 2045 οὗ
1432 1985 1510 2043 δεῖ
1533 1984 1638 2050 τοῖς
1662 1983 1755 2055 τὴν
1782 1981 2021 2056 τοιαύτην
2046 1982 2225 2046 πενίαν

684 2078 906 2136 ἀσκοῦσι
929 2073 1113 2141 Γέταις
1139 2072 1417 2150 πολεμεῖν,
1447 2070 1583 2130 ἀλλὰ
1606 2072 1772 2152 φίλοις
1801 2076 2101 2152 κεχρῆσθαι.

762 2186 831 2225 ιο.
873 2162 1004 2226 Ὅτι
1031 2168 1125 2235 τῆς
1147 2158 1339 2238 μεταξὺ
1358 2159 1599 2229 Εὐξείνου
1614 2158 1803 2221 πόντου
1824 2160 1913 2220 καὶ
1936 2164 2221 2243 Γερμανῶν

680 2257 778 2329 γῆς
796 2298 814 2330 ‚
846 2252 970 2331 διχῆ·
998 2250 1386 2328 διαιρουμένης,
1409 2246 1471 2307 τὸ
1498 2246 1591 2323 μὲν
1620 2247 1748 2328 πρὸς
1775 2248 2025 2316 ἀνατολάς
2053 2272 2111 2309 τε
2133 2247 2223 2308 καὶ

676 2342 765 2399 τὸν
821 2338 1061 2409 Εὔξεινον
1103 2336 1263 2400 Γέται
1300 2335 1572 2413 νέμονται,
1622 2334 1682 2396 τὸ
1712 2334 1769 2395 δὲ
1802 2334 1927 2417 πρὸς
1964 2335 2221 2411 ὃυσμικὴν

676 2426 843 2487 Δακοὶ
876 2428 972 2508 [ot]
995 2426 1087 2487 καὶ
1120 2429 1279 2488 Δᾶοι·
1309 2425 1397 2504 ἀφ’
1425 2414 1487 2484 οὗ
1512 2423 1602 2483 καὶ
1638 2423 1935 2493 ἐπιπολάζει
1973 2426 2025 2483 ἰν
2058 2424 2219 2501 Ἀθη-

674 2516 837 2581 ναίοις
855 2516 917 2575 τὸ
940 2518 1045 2573 τῶν
1084 2512 1279 2573 δούλων
1298 2511 1484 2589 ὄνομα.

752 2620 824 2662 ιο.
863 2595 995 2661 Ὀτι
1019 2604 1111 2661 τοῦ
1132 2594 1341 2681 Ἴστρου
1357 2602 1600 2677 ποταμοῦ
1623 2596 1690 2655 τὰ
1714 2594 1809 2675 μὲν
1837 2594 1946 2657 ἅνω
1972 2596 2064 2657 καὶ
2088 2598 2216 2679 πρὸς

667 2693 786 2754 ταῖς
834 2695 1030 2765 πηγαῖς
1073 2683 1207 2767 μέρη
1254 2684 1413 2765 μέχρι
1452 2688 1560 2744 τῶν
1599 2688 1936 2765 καταρακτῶν
1963 2684 2214 2747 Δανούιον

665 2772 1050 2855 προσηγόρευον
1079 2774 1129 2832 οῖ
1155 2770 1406 2851 παλαιοὶ,
1436 2771 1472 2832 ἃ
1500 2770 1733 2849 μάλιστα
1759 2769 1846 2830 διὰ
1871 2774 1973 2831 τῶν
2017 2778 2206 2834 Δακῶν

663 2859 900 2943 φέρεται.
982 2858 1065 2919 Τὰ
1106 2856 1161 2919 δὲ
1198 2858 1343 2919 κάτω
1390 2858 1549 2937 μέχρι
1591 2864 1682 2917 τοῦ
1708 2856 1943 2931 Πόντου,
1976 2858 2041 2919 τὰ
2067 2860 2215 2943 παρὰ

661 2949 779 3018 τοὺς
816 2950 1019 3022 Γέτας,
1052 2949 1271 3009 ἒκάλουν
1299 2946 1529 3027 Ἵστρον.
1614 2945 1973 3026 Ὄμόγλωττοι
2003 2948 2047 3007 δ’
2084 2948 2212 3008 εἰσὶν

660 3038 709 3097 ol
735 3035 902 3098 Δακοὶ
919 3045 1025 3105 τοῖς
1057 3033 1265 3102 Γέταις.

742 3143 816 3187 17.
857 3118 988 3183 Ὀτι
1035 3120 1230 3199 μεταξὺ
1266 3125 1360 3193 τῆς
1399 3123 1660 3191 Ποντικῆς
1698 3114 1954 3192 θαλάττης
1979 3124 2074 3191 τῆς
2109 3121 2214 3181 ἀπὸ

656 3204 871 3290 Ἴστρου
893 3209 981 3268 ἐπὶ
999 3208 1180 3290 Τύραν
1205 3206 1295 3267 καὶ
1317 3212 1353 3280 ἡ
1378 3214 1483 3269 τῶν
1507 3210 1683 3268 Γετῶν
1703 3206 1895 3286 ἐρημία
1916 3206 2211 3287 πρόκειται,

660 3296 843 3361 πεδιὰς
870 3304 1020 3355 πᾶσα
1059 3293 1154 3353 καὶ
1179 3293 1425 3374 ἄνυδρος·
1454 3297 1508 3354 ἐν
1531 3285 1570 3374 ᾖ
1596 3297 1810 3371 Δαρεῖος
1846 3293 2159 3372 ἀποληφθεὶς
2187 3298 2215 3352 ὁ

658 3381 983 3445 Ὑστάσπεω
1003 3426 1021 3458 ,
1046 3381 1167 3441 καθ’
1194 3379 1250 3440 ὃν
1273 3378 1455 3462 καιρὸν
1486 3378 1633 3451 διίὅη
1657 3378 1747 3438 τὸν
1770 3376 1975 3458 Ἴστρον
1994 3378 2082 3437 ἐπὶ
2098 3376 2217 3447 τοὺς

662 3471 869 3539 Σκύθας
886 3518 907 3551 ,
932 3470 1250 3532 ἐκινδύνευσε
1283 3477 1613 3550 πανστρατιᾷ
1642 3469 1766 3550 δίψῃ
1789 3471 2067 3550 φθαρῆναι.

745 3578 819 3621 ts.
862 3557 996 3621 Ὅτι
1054 3556 1247 3638 μεταξὺ
1291 3561 1386 3629 τῆς
1432 3556 1671 3629 Πεύκης,
1700 3555 1738 3628 ἥ
1774 3557 1885 3615 ἔστι
1918 3558 2074 3628 νῆσος
2112 3554 2215 3615 ὑπὸ

659 3650 766 3707 τῶν
792 3652 886 3707 τοῦ
904 3644 1117 3727 Ἴστρου
1146 3644 1423 3724 στομάτοιν
1456 3640 1933 3719 ἀπολαμὸανομένη
1946 3686 1963 3713 ,
1990 3639 2087 3710 ἕως
2108 3644 2214 3702 τῶν

660 3740 753 3795 τοῦ
783 3735 935 3815 Τύρα
959 3733 1189 3795 ἑκὸολῶν
1207 3779 1225 3812 ,
1256 3731 1457 3795 στάδιοί
1475 3732 1603 3793 εἰσιν
1626 3729 1717 3788 70‘·
1743 3729 1803 3789 τὸ
1830 3726 1885 3789 δὲ
1920 3728 2024 3789 ἀπὸ
2052 3728 2213 3810 Ἱεροῦ

662 3821 921 3900 στόματος
968 3826 1063 3882 τοῦ
1092 3817 1305 3901 Ἴστρου
1320 3865 1340 3894 ,
1381 3818 1414 3880 8
1458 3822 1570 3879 ἔστι
1612 3816 1949 3891 νοτιώτατον,
1982 3816 2081 3885 ἕως
2120 3822 2212 3875 τοῦ

663 3908 1029 3991 βορειοτάτου,
1066 3911 1208 3969 τοῦτ’
1232 3907 1371 3970 ἔστιν
1408 3912 1445 3981 ἡ
1470 3910 1564 3981 τῆς
1604 3906 1815 3979 Πεύκης
1843 3905 1993 3987 βάσις
2023 3904 2211 3986 τριγώ·

658 4018 747 4056 νου
769 3995 957 4071 οὔσης,
985 3996 1189 4056 στάδιοί
1214 3996 1314 4056 εἰσι
1336 3994 1407 4057 τ’.
1484 4040 1515 4059 ..

736 4102 805 4145 19.
848 4080 981 4146 Ὀτι
1008 4088 1043 4155 ἡ
1087 4082 1267 4157 Λευκὴ
1305 4087 1461 4156 νῆσος
1512 4080 1618 4140 ἀπὸ
1646 4086 1738 4153 τῆς
1777 4077 1986 4151 Πεύκης
2021 4078 2207 4158 ἀπέχει

2329 687 2766 760 deprehendisset.

2403 775 2487 831 13.
2525 779 2725 831 Pontus
2753 778 2844 849 qui
2871 796 3015 833 nune
3040 780 3280 833 Euxinus
3305 780 3527 855 dicitur,
3563 786 3710 855 prius
3733 788 3875 840 Axe-

2331 878 2456 927 nus,
2486 861 2543 916 id
2565 874 2644 917 est
2676 862 3026 936 inhospitalis,
3054 864 3227 919 dietus
3247 876 3361 931 est,
3391 868 3536 938 quod
3555 870 3740 924 accolae
3776 871 3873 925 seri

2331 958 2502 1013 erant,
2529 959 2585 1001 et
2609 949 2843 1003 Taurica
2867 948 3048 1003 incola!
3073 948 3304 1022 hospites
3345 962 3577 1008 mactare
3613 955 3870 1011 solebant.

2402 1037 2488 1097 14.
2525 1034 2729 1106 Scytha
2745 1034 2920 1089 omnia
2933 1036 3232 1090 communia
3248 1036 3444 1092 habere
3464 1054 3868 1106 consueverunt,

2331 1128 2496 1185 usque
2533 1111 2600 1166 ad
2639 1112 2879 1167 mulieres
2927 1115 3086 1187 ipsas,
3113 1127 3302 1188 praeter
3326 1115 3561 1187 gladium
3611 1120 3781 1175 solum
3817 1134 3873 1177 et

2330 1192 2595 1263 poculum.
2670 1194 2808 1260 Quia
2849 1194 3081 1248 tenuiter
3115 1195 3380 1261 victitant,
3411 1194 3689 1269 justissimi
3713 1202 3868 1255 etiam

2327 1282 2452 1325 sunt
2464 1292 2479 1337 ;
2501 1289 2622 1325 nam
2653 1272 2672 1325 i
2703 1270 2902 1341 justitia
2931 1272 3001 1325 ob
3019 1274 3254 1344 pecuniae
3275 1277 3655 1345 possessionem
3674 1289 3724 1332 et
3742 1297 3866 1333 con·

2327 1359 2526 1405 tractus
2548 1350 2662 1405 fieri
2690 1350 2836 1406 solet.
2908 1351 3121 1405 Veteres
3161 1354 3304 1405 enim
3329 1354 3534 1425 Scytha!
3565 1360 3714 1409 eraut
3737 1376 3864 1429 pau·

2324 1446 2500 1499 peres3
2529 1428 2673 1500 quod
2704 1439 2756 1482 et
2779 1430 3037 1482 Homerus
3062 1439 3306 1495 testatur,
3354 1443 3409 1485 et
3443 1432 3750 1487 Herodotus
3800 1437 3864 1491 de

2324 1508 2526 1578 Scythis
2551 1526 2671 1563 cum
2705 1508 2865 1563 Dario
2889 1526 3007 1577 rege
3033 1510 3307 1562 Persarum
3337 1509 3532 1565 bellum
3560 1530 3623 1582 ge
3632 1514 3865 1570 rentibus

2322 1591 2584 1657 scribens,
2614 1602 2666 1646 et
2686 1590 2752 1645 de
2773 1590 3062 1662 frugalitate
3083 1592 3316 1663 ipsorum
3335 1609 3398 1645 ao
3422 1594 3767 1666 simplicitate.
3797 1600 3866 1653 Et

2321 1677 2703 1731 Dromichaetes
2723 1692 2815 1729 rex
2841 1676 3092 1730 Getarum
3111 1713 3126 1740 ,
3157 1693 3322 1746 quum
3356 1677 3726 1747 Lysimachum
3747 1682 3858 1735 Ma·

2320 1759 2583 1815 oedonum
2619 1758 2836 1824 ducem,
2868 1759 2959 1830 qui
2988 1776 3109 1812 cum
3137 1758 3440 1813 Alexandro
3465 1760 3592 1814 olim
3617 1763 3864 1819 militave-

2317 1856 2425 1912 rat,
2457 1847 2634 1899 vivmn
2663 1845 2911 1915 cepisset,
2939 1852 3216 1913 postquam
3259 1844 3512 1897 Getarum
3544 1858 3862 1904 monstrave-

2317 1942 2399 1987 rat
2431 1938 2815 2003 paupertatem,
2845 1926 3064 1998 impune
3105 1923 3308 1980 dimisit
3332 1943 3456 1980 cum
3495 1926 3583 1982 illo
3625 1932 3858 1999 monito,

2315 2034 2382 2071 ne
2408 2016 2564 2069 Getas
2591 2010 2745 2066 talem
2781 2019 3136 2083 paupertatem
3186 2019 3487 2065 exercentes
3518 2010 3655 2066 bello
3689 2030 3864 2085 perse.

2313 2106 2580 2172 queretur,
2605 2094 2698 2149 sed
2723 2092 2905 2148 amicis
2928 2092 2992 2147 iis
3015 2102 3272 2147 uteretur.

2389 2178 2473 2234 15.
2507 2178 2672 2232 Terra
2695 2194 2784 2242 ea,
2814 2192 2932 2247 quaa
2953 2174 3092 2229 inter
3106 2176 3334 2229 Pontum
3360 2176 3629 2230 Euxinum
3653 2189 3702 2232 et
3727 2180 3863 2235 Ger-

2313 2268 2539 2324 maniam
2549 2264 2706 2338 jaeet,
2731 2262 2970 2319 bifariam
2991 2261 3156 2317 divisa
3179 2272 3258 2317 est
3273 2282 3291 2330 ς
3305 2264 3574 2333 regionem
3593 2264 3662 2319 ad
3681 2278 3858 2322 ortum

2312 2366 2365 2411 et
2402 2358 2630 2410 Pontum
2661 2352 2929 2407 Euxinum
2961 2360 3260 2421 vergentem
3298 2352 3445 2406 Getae
3481 2350 3748 2420 habitant,
3789 2352 3860 2408 ad

2309 2458 2549 2497 occasum
2581 2456 2707 2494 vero
2747 2437 2876 2493 Daci
2917 2438 3027 2491 sive
3053 2437 3153 2490 Dai
3169 2476 3186 2505 ,
3213 2434 3356 2491 unde
3396 2436 3556 2490 etiam
3585 2437 3723 2491 istud
3749 2458 3860 2493 ser-

2309 2545 2494 2583 vorum
2522 2543 2715 2580 nomen
2733 2523 2874 2595 apud
2895 2522 3236 2578 Athenienses
3254 2522 3310 2575 in
3337 2539 3440 2575 usu
3459 2532 3561 2578 est.

2382 2619 2468 2671 16.
2506 2614 2684 2666 Partes
2707 2609 2826 2665 Istri
2855 2609 3000 2663 fluvii
3028 2608 3355 2681 superiores,
3381 2625 3500 2680 quae
3533 2625 3713 2663 versus
3739 2610 3858 2665 son·-

2309 2710 2384 2755 tes
2426 2707 2550 2753 sunt
2593 2694 2663 2751 ad
2713 2705 2993 2750 cataractas
3039 2711 3236 2766 usque,
3277 2693 3484 2765 antiqui
3549 2694 3854 2750 Danubium

2305 2786 2579 2850 dixerunt,
2608 2800 2726 2855 quoe
2762 2780 2989 2835 maxime
3013 2797 3106 2851 per
3129 2782 3300 2833 Daeos
3333 2777 3611 2846 feruntur3
3639 2779 3850 2837 inferio·

2305 2892 2386 2929 res
2415 2890 2539 2927 vero
2558 2870 2626 2926 ad
2653 2873 2880 2925 Pontum
2908 2884 3074 2939 usque
3088 2904 3104 2932 ,
3135 2882 3256 2939 quoe
3268 2864 3424 2937 juxta
3450 2866 3629 2931 Getas,
3657 2868 3851 2921 Istrum

2303 2958 2644 3032 appellarunt.
2717 2954 2925 3009 Habent
2963 2963 3135 3007 autem
3193 2953 3327 3006 Daci
3364 2950 3587 3005 eandem
3621 2950 3854 3023 linguan}

2303 3063 2425 3101 cum
2451 3045 2619 3099 Getis.

2379 3150 2462 3203 17.
2501 3133 2650 3184 Inter
2689 3146 2832 3183 mare
2866 3127 3145 3182 Ponticum
3179 3124 3248 3180 ah
3272 3113 3410 3181 Istro
3433 3129 3628 3198 Tyrum
3673 3144 3851 3181 versus

2304 3220 2555 3273 Getarum
2584 3212 2810 3268 solitudo
2831 3211 3184 3285 protenditur,
3229 3212 3531 3283 campestris
3564 3222 3673 3265 tota
3695 3223 3852 3284 atque

2303 3320 2560 3375 aquarum
2587 3299 2792 3371 indign
2819 3299 2874 3353 in
2901 3316 3005 3370 qua
3039 3298 3232 3353 Darius
3265 3298 3537 3370 Hystaspis
3569 3298 3708 3352 filius
3754 3299 3847 3353 de·

2307 3390 2551 3455 stitutus,
2577 3384 2788 3458 quando
2813 3382 3028 3456 trajecto
3065 3384 3204 3437 Istro
3244 3382 3298 3437 in
3325 3383 3543 3456 Scythas
3578 3383 3762 3451 duxit,
3792 3387 3850 3439 in

2305 3475 2595 3552 periculum
2623 3474 2762 3529 venit
2789 3472 2875 3527 siti
2902 3490 3025 3526 cum
3049 3482 3163 3526 toto
3179 3472 3408 3526 exercitu
3437 3471 3718 3544 pereundi.

2378 3567 2465 3621 18.
2503 3565 2550 3620 Α
2575 3563 2771 3625 Peuce,
2819 3576 2937 3632 quae
2962 3557 3128 3613 insula
3163 3568 3241 3612 est
3266 3559 3411 3613 ostiis
3449 3559 3574 3612 Istri
3609 3576 3854 3631 eompre-

2302 3654 2493 3719 hensa,
2539 3668 2702 3724 usque
2726 3648 2793 3704 ad
2815 3650 2968 3721 Tyrae
3010 3648 3143 3702 ostia
3169 3658 3296 3701 sunt
3331 3644 3498 3701 stadia
3527 3665 3661 3717 90ος
3690 3657 3746 3701 at
3777 3648 3845 3702 ab

2301 3741 2436 3795 ostio
2471 3740 2592 3793 Istri
2610 3778 2626 3803 ,
2669 3734 2812 3808 quod
2836 3736 3050 3789 Sacrum
3075 3732 3362 3805 appellatur
3388 3744 3444 3786 et
3479 3733 3708 3787 maxime
3747 3752 3843 3787 au·

2301 3826 2455 3881 strale
2481 3836 2586 3889 est,
2621 3840 2782 3895 usque
2813 3819 2882 3874 ad
2918 3820 2974 3873 id
3012 3818 3155 3891 quod
3180 3819 3406 3872 maxime
3444 3819 3851 3890 septentrionale

2298 3924 2378 3969 est
2392 3953 2408 3979 ,
2429 3911 2594 3967 stadia
2621 3912 2740 3966 300.
2815 3910 2909 3963 Est
2932 3917 3104 3962 autem
3122 3906 3234 3960 haec
3256 3906 3392 3961 basis
3417 3909 3614 3961 Peuces
3640 3906 3839 3974 insulae,

2300 3999 2668 4070 triangularem
2696 3996 2916 4067 figuram
2940 3994 3198 4049 habentis.

2372 4104 2456 4157 19.
2497 4088 2668 4139 laeuoe
2699 4080 2866 4136 insula
2897 4100 2927 4135 a
2954 4082 3123 4134 Peuce
3148 4096 3329 4133 versus
3357 4089 3534 4133 ortum
3557 4079 3714 4135 distat
3739 4092 3846 4135 sta-

656 4169 787 4252 πρὸς
814 4169 1070 4238 ἀνατολὰς
1097 4170 1283 4229 στάδια
1312 4168 1630 4228 πεντακόσια
1652 4170 1722 4233 εἰς
1744 4166 1803 4226 τὸ
1821 4165 2069 4242 πέλαγος,
2092 4166 2204 4245 ἱερὰ
2294 4174 2397 4228 diis
2425 4173 2528 4227 500
2542 4212 2562 4242 ‚
2587 4171 2642 4223 in
2667 4168 2768 4223 alto
2791 4170 2890 4222 sita
2908 4210 2924 4237 ‚
2949 4185 3096 4221 saera
3116 4165 3326 4221 Achilli.

658 4253 679 4282 ε

666 4257 979 4407 Αξῖλίαόςτι
1004 4348 1033 4403 ὁ
1058 4341 1381 4426 Βορυσθένης
1420 4339 1653 4419 ποταμὸς
1666 4385 1685 4417 ,
1710 4329 1823 4399 εἶτα
1850 4336 1977 4417 πρὸς
2005 4338 2196 4417 βορρᾶν

2366 4359 2454 4398 20.
2496 4337 2702 4394 Deinde
2731 4335 3080 4409 Borysthenes
3114 4344 3193 4389 est
3215 4332 3404 4387 fluvius
3416 4354 3434 4402 ς
3465 4350 3591 4387 mox
3617 4333 3683 4387 ad
3718 4352 3843 4406 sep·

650 4434 747 4494 ⁹⁸³1
787 4431 1039 4500 ἀνατολὰς
1098 4434 1127 4489 ὃ
1173 4429 1404 4497 ’Υπανῑς
1450 4427 1684 4506 ποταμὸς
1700 4470 1720 4503 ²
1769 4423 1875 4485 ἀπὸ
1910 4428 2002 4482 τοῦ
2049 4421 2198 4503 Τῦρα
2289 4446 2612 4503 tentrionem
2646 4452 2700 4496 et
2725 4450 2900 4495 ortum
2940 4440 3174 4511 Hypanis
3221 4437 3443 4502 fluvius,
3490 4447 3611 4509 post
3642 4438 3838 4509 Tyram

652 4525 925 4598 ποταμοῦ.
964 4518 1057 4580 καὶ
1084 4516 1187 4597 πρὸ
1228 4518 1396 4577 αὐτῶν
1422 4520 1576 4587 νῆσος
1621 4511 1958 4594 Βορυσθένης·
2039 4508 2199 4569 'Aw-
2289 4549 2542 4613 fluvium3
2599 4554 2719 4599 ante
2764 4543 2863 4597 hos
2896 4539 3244 4615 Borysthenes
3303 4539 3493 4596 insula.
3565 4538 3841 4609 Naviganti

651 4607 943 4668 πλεύσαντι
984 4606 1039 4665 δὲ
1084 4606 1171 4666 τὸν
1216 4603 1507 4686 Βορυσθένη
1552 4602 1744 4663 στάδια
1786 4598 1833 4659 σ’
1859 4599 2006 4666 πόλις
2056 4595 2195 4658 ἐστὶν

650 4699 929 4773 ὁμώνυμος
952 4696 1029 4775 τῷ
1046 4697 1293 4773 ποταμῷ·
1316 4698 1351 4764 ἡ
1379 4693 1424 4751 δ’
1448 4690 1578 4763 αὐτὴ
1609 4687 1702 4749 καὶ
1720 4685 1912 4749 ’Oxeia
1934 4687 2195 4757 καλεῖται,

648 4782 849 4861 κτίσμα
879 4780 1160 4854 Μιλησίων
1180 4825 1198 4857 ,
1230 4783 1499 4859 ἔμπορεῖον
1530 4777 1684 4856 μέγα.
1748 4771 1980 4843 -Μεταξὺ
2019 4774 2073 4832 δὲ
2101 4778 2192 4832 τοῦ
2288 4759 2532 4823 offertur,
2562 4775 2592 4809 e

2283 4864 2630 4920 Milesiorum.
2703 4860 2848 4912 Inter
2874 4859 3068 4911 Istrum
3101 4854 3324 4907 fluvium
3366 4861 3421 4904 et
3459 4846 3836 4919 Borysthenem

644 4866 860 4953 Ἴστρου
888 4874 1130 4947 ποταμοῦ
1156 4866 1247 4927 καὶ
1274 4874 1361 4927 τοῦ
1388 4864 1731 4945 Βορυσθένους
1755 4860 1938 4942 πρώτη
1970 4860 2109 4920 ἰστὶν
2152 4866 2187 4933 ἡ

2286 4652 2663 4725 Borysthenem
2680 4646 2747 4701 ad
2762 4643 2928 4701 stadia
2945 4644 3188 4711 ducenta,
3207 4640 3442 4713 ejusdem
3457 4640 3689 4693 nominis
3710 4637 3844 4691 urbs

2594 4756 2716 4809 tiam
2741 4753 2892 4807 Olbia
2914 4750 3052 4804 dicta
3069 4788 3084 4815 ,
3101 4746 3330 4820 amplum
3357 4745 3654 4817 emporium
3673 4759 3840 4814 ,opus

661 4996 3838 5045 .....-...------------———-——————-——--·

642 5154 699 5209 p.
724 5134 858 5205 295,
884 5137 987 5189 Bc.
1008 5128 1398 5203 Μαιδοὸιθυνοὶ]
1429 5127 1752 5182 Μεδοὸιθυνοι
1775 5124 1894 5181 eod.
1928 5124 1952 5195 ΙΙ
1982 5153 2055 5165 -
2094 5123 2183 5180 13.

2290 5126 2374 5177 16.
2403 5138 2458 5193 p.
2494 5120 2619 5182 304,
2650 5120 2716 5169 D.
2769 5113 2891 5177 305,
2935 5114 3012 5168 Α.
3042 5112 3064 5181 11
3107 5139 3178 5150 -
3208 5124 3291 5177 17.
3321 5124 3377 5179 p.
3411 5104 3537 5168 305,
3571 5108 3676 5160 BC.
3714 5102 3836 5173 ΙΙ-

641 5232 699 5288 p.
730 5217 857 5285 298,
883 5218 953 5269 D.
981 5213 1004 5285 ΙΙ
1030 5242 1105 5253 -
1132 5214 1219 5275 14.
1248 5214 1374 5282 296,
1404 5212 1477 5265 D.
1504 5208 1627 5272 300,
1650 5211 1720 5260 D.
1750 5206 1870 5270 301,
1897 5207 2056 5262 ABG.
2076 5202 2196 5274 Apo·
2284 5202 2370 5255 18.
2397 5216 2453 5271 p.
2477 5199 2599 5263 305,
2633 5199 2738 5250 CD.
2773 5194 2794 5263 11
2827 5222 2893 5234 -
2919 5208 3004 5261 19.
3023 5207 3085 5262 p.
3116 5187 3238 5249 306,
3265 5190 3337 5242 A.
3367 5186 3390 5255 11
3414 5212 3486 5225 -
3506 5199 3596 5237 20.
3620 5199 3674 5252 p.
3704 5180 3831 5243 306,

646 5292 912 5367 μιχαίτης]
942 5290 1267 5363 Δρομηχέτης
1294 5286 1417 5344 eod.
1448 5287 1470 5359 ΙΙ
1506 5315 1575 5327 -
1603 5285 1686 5339 15.
1716 5302 1778 5357 p.
1822 5283 1943 5348 304,
1976 5285 2031 5334 C.
2069 5282 2091 5350 ΙΙ
2120 5310 2194 5322 -
2278 5283 2386 5337 BC.
2426 5280 2570 5345 νῆσος
2605 5266 2927 5345 Βορυσθένης]
2961 5266 3244 5340 Βορυσθενίς
3269 5266 3436 5335 Coray
3461 5280 3492 5316 e
3527 5260 3831 5363 Ptolemaep;
