<?xml version="1.0" encoding="UTF-8"?>
<!DOCTYPE html PUBLIC "-//W3C//DTD XHTML 1.0 Transitional//EN"
    "http://www.w3.org/TR/xhtml1/DTD/xhtml1-transitional.dtd">
<html xmlns="http://www.w3.org/1999/xhtml" xml:lang="en" lang="en">
 <head>
  <title>
</title>
<meta http-equiv="Content-Type" content="text/html;charset=utf-8" />
  <meta name='ocr-system' content='tesseract 3.04.00' />
  <meta name='ocr-capabilities' content='ocr_page ocr_carea ocr_par ocr_line ocrx_word'/>
</head>
<body>
  <div class='ocr_page' id='page_1' title='image "./geographigraeci05mlgoog_0340.png"; bbox 0 0 4584 6284; ppageno 0'>
   <div class='ocr_carea' id='block_1_1' title="bbox 740 495 853 548">
    <p class='ocr_par' dir='ltr' id='par_1_1' title="bbox 740 495 853 548">
     <span class='ocr_line' id='line_1_1' title="bbox 740 495 853 548; baseline 0.018 -2"><span class='ocrx_word' id='word_1_1' title='bbox 740 495 853 548; x_wconf 72' lang='lat'><strong>264</strong></span> 
     </span>
    </p>
   </div>
   <div class='ocr_carea' id='block_1_2' title="bbox 2141 489 2563 552">
    <p class='ocr_par' dir='ltr' id='par_1_2' title="bbox 2141 489 2563 552">
     <span class='ocr_line' id='line_1_2' title="bbox 2141 489 2563 552; baseline 0.009 -4"><span class='ocrx_word' id='word_1_2' title='bbox 2141 489 2563 552; x_wconf 74' lang='lat' dir='ltr'><strong>EUS’l&#39;ATHll</strong></span> 
     </span>
    </p>
   </div>
   <div class='ocr_carea' id='block_1_3' title="bbox 734 607 3949 698">
    <p class='ocr_par' dir='ltr' id='par_1_3' title="bbox 734 607 3949 698">
     <span class='ocr_line' id='line_1_3' title="bbox 734 607 3949 698; baseline 0.004 -30"><span class='ocrx_word' id='word_1_3' title='bbox 734 615 839 670; x_wconf 80' lang='grc' dir='ltr'><strong>τῶν</strong></span> <span class='ocrx_word' id='word_1_4' title='bbox 864 611 1093 668; x_wconf 77' lang='grc' dir='ltr'><strong>ἐννοιῶν.</strong></span> <span class='ocrx_word' id='word_1_5' title='bbox 1180 608 1411 687; x_wconf 75' lang='grc' dir='ltr'><strong>Εἴρηται</strong></span> <span class='ocrx_word' id='word_1_6' title='bbox 1431 607 1532 688; x_wconf 75' lang='grc' dir='ltr'><strong>γὰρ</strong></span> <span class='ocrx_word' id='word_1_7' title='bbox 1564 608 1617 678; x_wconf 74' lang='grc' dir='ltr'><strong>ἐξ</strong></span> <span class='ocrx_word' id='word_1_8' title='bbox 1643 609 1810 689; x_wconf 72' lang='grc' dir='ltr'><strong>ἀρχῆς</strong></span> <span class='ocrx_word' id='word_1_9' title='bbox 1835 607 1916 667; x_wconf 75' lang='grc' dir='ltr'><strong>ὅτι</strong></span> <span class='ocrx_word' id='word_1_10' title='bbox 1934 609 2069 670; x_wconf 89' lang='grc' dir='ltr'><strong>πάνυ</strong></span> <span class='ocrx_word' id='word_1_11' title='bbox 2106 633 2305 692; x_wconf 87' lang='grc' dir='ltr'><strong>στοχα-</strong></span> <span class='ocrx_word' id='word_1_12' title='bbox 2389 613 2536 668; x_wconf 85' lang='lat' dir='ltr'><strong>ciunt</strong></span> <span class='ocrx_word' id='word_1_13' title='bbox 2567 632 2632 668; x_wconf 88' lang='lat' dir='ltr'><strong>eo</strong></span> <span class='ocrx_word' id='word_1_14' title='bbox 2683 617 2807 689; x_wconf 89' lang='lat' dir='ltr'><strong>quia</strong></span> <span class='ocrx_word' id='word_1_15' title='bbox 2850 619 3291 690; x_wconf 76' lang='lat' dir='ltr'><strong>complementum</strong></span> <span class='ocrx_word' id='word_1_16' title='bbox 3336 625 3606 679; x_wconf 71' lang='lat' dir='ltr'><strong>sententiis</strong></span> <span class='ocrx_word' id='word_1_17' title='bbox 3649 625 3949 698; x_wconf 86' lang='lat' dir='ltr'><strong>imponunt.</strong></span> 
     </span>
    </p>
   </div>
   <div class='ocr_carea' id='block_1_4' title="bbox 633 695 2304 4658">
    <p class='ocr_par' dir='ltr' id='par_1_4' title="bbox 735 695 2304 953">
     <span class='ocr_line' id='line_1_4' title="bbox 736 695 2304 780; baseline 0.003 -25"><span class='ocrx_word' id='word_1_18' title='bbox 736 699 947 777; x_wconf 86' lang='grc' dir='ltr'><strong>ζόμενος</strong></span> <span class='ocrx_word' id='word_1_19' title='bbox 989 696 1275 779; x_wconf 69' lang='grc' dir='ltr'><strong>σαφηνείας</strong></span> <span class='ocrx_word' id='word_1_20' title='bbox 1320 700 1347 757; x_wconf 82' lang='grc' dir='ltr'><strong>ὃ</strong></span> <span class='ocrx_word' id='word_1_21' title='bbox 1396 695 1667 764; x_wconf 79' lang='grc' dir='ltr'><strong>Διονύσιος</strong></span> <span class='ocrx_word' id='word_1_22' title='bbox 1708 699 1926 765; x_wconf 82' lang='grc' dir='ltr'><strong>πολλαῖς</strong></span> <span class='ocrx_word' id='word_1_23' title='bbox 1968 701 2166 780; x_wconf 74' lang='grc' dir='ltr'><strong>χρῆται</strong></span> <span class='ocrx_word' id='word_1_24' title='bbox 2211 699 2304 760; x_wconf 73' lang='grc' dir='ltr'><strong>καὶ</strong></span> 
     </span>
     <span class='ocr_line' id='line_1_5' title="bbox 735 779 2300 866; baseline 0.003 -22"><span class='ocrx_word' id='word_1_25' title='bbox 735 785 1153 866; x_wconf 84' lang='grc' dir='ltr'><strong>συμπληρώσεσι</strong></span> <span class='ocrx_word' id='word_1_26' title='bbox 1174 786 1268 845; x_wconf 80' lang='grc' dir='ltr'><strong>καὶ</strong></span> <span class='ocrx_word' id='word_1_27' title='bbox 1291 785 1632 866; x_wconf 73' lang='grc' dir='ltr'><strong>προεκθέσεσι</strong></span> <span class='ocrx_word' id='word_1_28' title='bbox 1658 787 1869 854; x_wconf 75' lang='grc' dir='ltr'><strong>καὶτοῖς</strong></span> <span class='ocrx_word' id='word_1_29' title='bbox 1904 786 2101 864; x_wconf 75' lang='grc' dir='ltr'><strong>ἄλλοις,</strong></span> <span class='ocrx_word' id='word_1_30' title='bbox 2138 789 2203 848; x_wconf 88' lang='grc' dir='ltr'><strong>δι’</strong></span> <span class='ocrx_word' id='word_1_31' title='bbox 2226 779 2300 848; x_wconf 71' lang='grc' dir='ltr'><strong>ὧν</strong></span> 
     </span>
     <span class='ocr_line' id='line_1_6' title="bbox 735 872 1387 953; baseline 0 -20"><span class='ocrx_word' id='word_1_32' title='bbox 735 873 906 950; x_wconf 75' lang='grc' dir='ltr'><strong>σαφὴς</strong></span> <span class='ocrx_word' id='word_1_33' title='bbox 937 876 965 933; x_wconf 80' lang='grc' dir='ltr'><strong>ὁ</strong></span> <span class='ocrx_word' id='word_1_34' title='bbox 993 872 1143 951; x_wconf 83' lang='grc' dir='ltr'><strong>λόγος</strong></span> <span class='ocrx_word' id='word_1_35' title='bbox 1161 874 1387 953; x_wconf 82' lang='grc' dir='ltr'><strong>γίνεται.</strong></span> 
     </span>
    </p>

    <p class='ocr_par' dir='ltr' id='par_1_5' title="bbox 676 959 2299 1397">
     <span class='ocr_line' id='line_1_7' title="bbox 676 959 2299 1040; baseline -0.002 -15"><span class='ocrx_word' id='word_1_36' title='bbox 676 979 711 1025; x_wconf 70' lang='lat'>⁸</span> <span class='ocrx_word' id='word_1_37' title='bbox 812 982 911 1024; x_wconf 74' lang='lat'><strong>2⁸7.</strong></span> <span class='ocrx_word' id='word_1_38' title='bbox 953 959 1089 1024; x_wconf 85' lang='grc' dir='ltr'><strong>Ὅτι</strong></span> <span class='ocrx_word' id='word_1_39' title='bbox 1126 967 1162 1034; x_wconf 84' lang='grc' dir='ltr'>ἡ</span> <span class='ocrx_word' id='word_1_40' title='bbox 1202 959 1493 1040; x_wconf 78' lang='grc' dir='ltr'><strong>Τριτωνὶς,</strong></span> <span class='ocrx_word' id='word_1_41' title='bbox 1515 963 1689 1040; x_wconf 83' lang='grc' dir='ltr'><strong>εὐρεῖα</strong></span> <span class='ocrx_word' id='word_1_42' title='bbox 1721 960 1915 1040; x_wconf 82' lang='grc' dir='ltr'><strong>λίμνη,</strong></span> <span class='ocrx_word' id='word_1_43' title='bbox 1940 964 2074 1040; x_wconf 81' lang='grc' dir='ltr'><strong>με’ση</strong></span> <span class='ocrx_word' id='word_1_44' title='bbox 2102 963 2299 1035; x_wconf 81' lang='grc' dir='ltr'><strong>Λιὸύης</strong></span> 
     </span>
     <span class='ocr_line' id='line_1_8' title="bbox 734 1041 2291 1132; baseline 0 -22"><span class='ocrx_word' id='word_1_45' title='bbox 734 1049 965 1110; x_wconf 69' lang='grc' dir='ltr'><strong>ἕλκεται·</strong></span> <span class='ocrx_word' id='word_1_46' title='bbox 1017 1049 1139 1130; x_wconf 83' lang='grc' dir='ltr'><strong>περὶ</strong></span> <span class='ocrx_word' id='word_1_47' title='bbox 1183 1048 1251 1122; x_wconf 81' lang='grc' dir='ltr'><strong>ἣν</strong></span> <span class='ocrx_word' id='word_1_48' title='bbox 1290 1045 1383 1108; x_wconf 86' lang='grc' dir='ltr'><strong>καί</strong></span> <span class='ocrx_word' id='word_1_49' title='bbox 1422 1073 1471 1108; x_wconf 93' lang='grc' dir='ltr'><strong>τι</strong></span> <span class='ocrx_word' id='word_1_50' title='bbox 1514 1050 1746 1123; x_wconf 84' lang='grc' dir='ltr'><strong>νησίδιον</strong></span> <span class='ocrx_word' id='word_1_51' title='bbox 1795 1053 2086 1132; x_wconf 73' lang='grc' dir='ltr'><strong>ἱστοροῦσιν</strong></span> <span class='ocrx_word' id='word_1_52' title='bbox 2135 1041 2291 1111; x_wconf 72' lang='grc' dir='ltr'><strong>εἶναι.</strong></span> 
     </span>
     <span class='ocr_line' id='line_1_9' title="bbox 736 1130 2294 1222; baseline -0.001 -23"><span class='ocrx_word' id='word_1_53' title='bbox 736 1138 863 1200; x_wconf 79' lang='grc' dir='ltr'><strong>Ἀπὸ</strong></span> <span class='ocrx_word' id='word_1_54' title='bbox 889 1137 1086 1212; x_wconf 80' lang='grc' dir='ltr'><strong>ταύτης</strong></span> <span class='ocrx_word' id='word_1_55' title='bbox 1113 1142 1140 1198; x_wconf 84' lang='grc' dir='ltr'><strong>ὁ</strong></span> <span class='ocrx_word' id='word_1_56' title='bbox 1166 1143 1329 1216; x_wconf 78' lang='grc' dir='ltr'><strong>μῦθος</strong></span> <span class='ocrx_word' id='word_1_57' title='bbox 1356 1137 1454 1212; x_wconf 77' lang='grc' dir='ltr'><strong>τὴν</strong></span> <span class='ocrx_word' id='word_1_58' title='bbox 1480 1130 1849 1219; x_wconf 65' lang='grc' dir='ltr'><strong>Τριτογένειαν</strong></span> <span class='ocrx_word' id='word_1_59' title='bbox 1874 1138 2085 1212; x_wconf 75' lang='grc' dir='ltr'><strong>Ἀθηνᾶν</strong></span> <span class='ocrx_word' id='word_1_60' title='bbox 2114 1163 2294 1222; x_wconf 80' lang='grc' dir='ltr'><strong>παρω·</strong></span> 
     </span>
     <span class='ocr_line' id='line_1_10' title="bbox 733 1225 2297 1314; baseline 0.002 -28"><span class='ocrx_word' id='word_1_61' title='bbox 733 1225 998 1307; x_wconf 87' lang='grc' dir='ltr'><strong>νομάσθαι</strong></span> <span class='ocrx_word' id='word_1_62' title='bbox 1032 1226 1309 1306; x_wconf 85' lang='grc' dir='ltr'><strong>βούλεται,</strong></span> <span class='ocrx_word' id='word_1_63' title='bbox 1334 1229 1405 1293; x_wconf 81' lang='grc' dir='ltr'><strong>ὥς</strong></span> <span class='ocrx_word' id='word_1_64' title='bbox 1433 1226 1767 1314; x_wconf 60' lang='grc' dir='ltr'><strong>γεννηίξεῗσαν</strong></span> <span class='ocrx_word' id='word_1_65' title='bbox 1798 1227 1917 1308; x_wconf 79' lang='grc' dir='ltr'><strong>περὶ</strong></span> <span class='ocrx_word' id='word_1_66' title='bbox 1940 1225 2118 1300; x_wconf 75' lang='grc' dir='ltr'><strong>αὐτήν.</strong></span> <span class='ocrx_word' id='word_1_67' title='bbox 2200 1227 2297 1290; x_wconf 80' lang='grc' dir='ltr'><strong>Διὸ</strong></span> 
     </span>
     <span class='ocr_line' id='line_1_11' title="bbox 734 1313 2291 1397; baseline -0.002 -22"><span class='ocrx_word' id='word_1_68' title='bbox 734 1316 828 1376; x_wconf 68' lang='grc' dir='ltr'><strong>καὶ</strong></span> <span class='ocrx_word' id='word_1_69' title='bbox 856 1318 905 1375; x_wconf 77' lang='grc' dir='ltr'><strong>οἱ</strong></span> <span class='ocrx_word' id='word_1_70' title='bbox 935 1317 1059 1395; x_wconf 73' lang='grc' dir='ltr'><strong>περὶ</strong></span> <span class='ocrx_word' id='word_1_71' title='bbox 1094 1313 1187 1386; x_wconf 77' lang='grc' dir='ltr'><strong>τὴν</strong></span> <span class='ocrx_word' id='word_1_72' title='bbox 1206 1313 1508 1396; x_wconf 72' lang='grc' dir='ltr'><strong>Τριτωνίδα</strong></span> <span class='ocrx_word' id='word_1_73' title='bbox 1534 1315 1725 1391; x_wconf 80' lang='grc' dir='ltr'><strong>λίμνην</strong></span> <span class='ocrx_word' id='word_1_74' title='bbox 1756 1319 1821 1394; x_wconf 74' lang='grc' dir='ltr'><strong>τῇ</strong></span> <span class='ocrx_word' id='word_1_75' title='bbox 1851 1315 2039 1397; x_wconf 68' lang='grc' dir='ltr'><strong>Ἀθηνᾷ</strong></span> <span class='ocrx_word' id='word_1_76' title='bbox 2058 1316 2291 1392; x_wconf 76' lang='grc' dir='ltr'><strong>μάλιστα</strong></span> 
     </span>
    </p>

    <p class='ocr_par' dir='ltr' id='par_1_6' title="bbox 658 1401 2295 1834">
     <span class='ocr_line' id='line_1_12' title="bbox 658 1401 2291 1484; baseline 0.001 -22"><span class='ocrx_word' id='word_1_77' title='bbox 658 1421 710 1462; x_wconf 81' lang='grc' dir='ltr'><strong>ιο</strong></span> <span class='ocrx_word' id='word_1_78' title='bbox 742 1404 970 1477; x_wconf 60' lang='grc' dir='ltr'><strong>θύουσιν,</strong></span> <span class='ocrx_word' id='word_1_79' title='bbox 1002 1401 1074 1471; x_wconf 79' lang='grc' dir='ltr'><strong>ὥς</strong></span> <span class='ocrx_word' id='word_1_80' title='bbox 1110 1425 1264 1484; x_wconf 80' lang='grc' dir='ltr'><strong>φησιν</strong></span> <span class='ocrx_word' id='word_1_81' title='bbox 1307 1401 1623 1483; x_wconf 82' lang='grc' dir='ltr'><strong>Ἡρόδοτος,</strong></span> <span class='ocrx_word' id='word_1_82' title='bbox 1668 1401 1722 1470; x_wconf 82' lang='grc' dir='ltr'><strong>ὃς</strong></span> <span class='ocrx_word' id='word_1_83' title='bbox 1748 1405 1839 1463; x_wconf 88' lang='grc' dir='ltr'><strong>καὶ</strong></span> <span class='ocrx_word' id='word_1_84' title='bbox 1865 1401 2098 1482; x_wconf 79' lang='grc' dir='ltr'><strong>ποταμὸν</strong></span> <span class='ocrx_word' id='word_1_85' title='bbox 2124 1402 2291 1483; x_wconf 82' lang='grc' dir='ltr'><strong>με’γαν</strong></span> 
     </span>
     <span class='ocr_line' id='line_1_13' title="bbox 735 1488 2294 1570; baseline -0.002 -18"><span class='ocrx_word' id='word_1_86' title='bbox 735 1491 986 1570; x_wconf 84' lang='grc' dir='ltr'><strong>Τρίτωνα</strong></span> <span class='ocrx_word' id='word_1_87' title='bbox 1023 1489 1351 1567; x_wconf 83' lang='grc' dir='ltr'><strong>καλούμενόν</strong></span> <span class='ocrx_word' id='word_1_88' title='bbox 1379 1511 1539 1570; x_wconf 76' lang='grc' dir='ltr'><strong>φησιν</strong></span> <span class='ocrx_word' id='word_1_89' title='bbox 1568 1488 1827 1550; x_wconf 69' lang='grc' dir='ltr'><strong>ἕκδιδόναι</strong></span> <span class='ocrx_word' id='word_1_90' title='bbox 1873 1493 1945 1556; x_wconf 79' lang='grc' dir='ltr'><strong>εἰς</strong></span> <span class='ocrx_word' id='word_1_91' title='bbox 1978 1489 2071 1560; x_wconf 73' lang='grc' dir='ltr'><strong>τὴν</strong></span> <span class='ocrx_word' id='word_1_92' title='bbox 2100 1489 2294 1567; x_wconf 78' lang='grc' dir='ltr'><strong>λίμνην</strong></span> 
     </span>
     <span class='ocr_line' id='line_1_14' title="bbox 738 1568 2295 1657; baseline -0.001 -19"><span class='ocrx_word' id='word_1_93' title='bbox 738 1579 937 1654; x_wconf 86' lang='grc' dir='ltr'><strong>ταύτην</strong></span> <span class='ocrx_word' id='word_1_94' title='bbox 968 1579 1199 1657; x_wconf 81' lang='grc' dir='ltr'><strong>μεγάλην</strong></span> <span class='ocrx_word' id='word_1_95' title='bbox 1231 1568 1413 1638; x_wconf 74' lang='grc' dir='ltr'><strong>οὐσαν.</strong></span> <span class='ocrx_word' id='word_1_96' title='bbox 1493 1576 1653 1656; x_wconf 81' lang='grc' dir='ltr'><strong>Λέγει</strong></span> <span class='ocrx_word' id='word_1_97' title='bbox 1677 1576 1732 1636; x_wconf 64' lang='grc' dir='ltr'><strong>δὲ</strong></span> <span class='ocrx_word' id='word_1_98' title='bbox 1752 1577 1843 1638; x_wconf 75' lang='grc' dir='ltr'><strong>καὶ</strong></span> <span class='ocrx_word' id='word_1_99' title='bbox 1876 1574 1956 1638; x_wconf 75' lang='grc' dir='ltr'><strong>ὅτι</strong></span> <span class='ocrx_word' id='word_1_100' title='bbox 1989 1577 2181 1651; x_wconf 78' lang='grc' dir='ltr'><strong>ταύτης</strong></span> <span class='ocrx_word' id='word_1_101' title='bbox 2201 1584 2295 1651; x_wconf 75' lang='grc' dir='ltr'><strong>τῆς</strong></span> 
     </span>
     <span class='ocr_line' id='line_1_15' title="bbox 737 1665 2291 1752; baseline -0.002 -25"><span class='ocrx_word' id='word_1_102' title='bbox 737 1666 1054 1746; x_wconf 81' lang='grc' dir='ltr'><strong>Τριτωνίδος</strong></span> <span class='ocrx_word' id='word_1_103' title='bbox 1071 1665 1257 1744; x_wconf 77' lang='grc' dir='ltr'><strong>λίμνης</strong></span> <span class='ocrx_word' id='word_1_104' title='bbox 1282 1666 1375 1725; x_wconf 81' lang='grc' dir='ltr'><strong>καὶ</strong></span> <span class='ocrx_word' id='word_1_105' title='bbox 1400 1670 1492 1752; x_wconf 74' lang='grc' dir='ltr'><strong>τοῦ</strong></span> <span class='ocrx_word' id='word_1_106' title='bbox 1514 1665 1837 1733; x_wconf 79' lang='grc' dir='ltr'><strong>Ποσειδῶνος</strong></span> <span class='ocrx_word' id='word_1_107' title='bbox 1858 1665 2115 1746; x_wconf 76' lang='grc' dir='ltr'><strong>θυγατέρα</strong></span> <span class='ocrx_word' id='word_1_108' title='bbox 2136 1668 2291 1749; x_wconf 81' lang='grc' dir='ltr'><strong>φασὶν</strong></span> 
     </span>
     <span class='ocr_line' id='line_1_16' title="bbox 736 1749 2291 1834; baseline 0 -21"><span class='ocrx_word' id='word_1_109' title='bbox 736 1759 786 1813; x_wconf 85' lang='grc' dir='ltr'><strong>οἱ</strong></span> <span class='ocrx_word' id='word_1_110' title='bbox 816 1755 927 1814; x_wconf 73' lang='grc' dir='ltr'><strong>ἐκεῖ</strong></span> <span class='ocrx_word' id='word_1_111' title='bbox 963 1752 1061 1827; x_wconf 71' lang='grc' dir='ltr'><strong>τὴν</strong></span> <span class='ocrx_word' id='word_1_112' title='bbox 1088 1752 1329 1830; x_wconf 74' lang='grc' dir='ltr'><strong>Ἀθηνᾶν,</strong></span> <span class='ocrx_word' id='word_1_113' title='bbox 1358 1751 1451 1813; x_wconf 72' lang='grc' dir='ltr'><strong>καὶ</strong></span> <span class='ocrx_word' id='word_1_114' title='bbox 1491 1749 1572 1811; x_wconf 76' lang='grc' dir='ltr'><strong>ὅτι</strong></span> <span class='ocrx_word' id='word_1_115' title='bbox 1612 1756 1908 1833; x_wconf 70' lang='grc' dir='ltr'><strong>μεμφθεῑσα</strong></span> <span class='ocrx_word' id='word_1_116' title='bbox 1935 1757 1968 1825; x_wconf 80' lang='grc' dir='ltr'>ἡ</span> <span class='ocrx_word' id='word_1_117' title='bbox 2002 1753 2190 1826; x_wconf 73' lang='grc' dir='ltr'><strong>Ἀθηνᾶ</strong></span> <span class='ocrx_word' id='word_1_118' title='bbox 2215 1759 2291 1834; x_wconf 78' lang='grc' dir='ltr'><strong>τῷ</strong></span> 
     </span>
    </p>

    <p class='ocr_par' dir='ltr' id='par_1_7' title="bbox 656 1839 2288 2011">
     <span class='ocr_line' id='line_1_17' title="bbox 656 1839 2288 1922; baseline 0.001 -20"><span class='ocrx_word' id='word_1_119' title='bbox 656 1863 708 1902; x_wconf 74' lang='grc'><strong>15</strong></span> <span class='ocrx_word' id='word_1_120' title='bbox 738 1841 898 1922; x_wconf 79' lang='grc' dir='ltr'><strong>πατρὶ</strong></span> <span class='ocrx_word' id='word_1_121' title='bbox 916 1843 1204 1904; x_wconf 81' lang='grc' dir='ltr'><strong>Ποσειδῶνι</strong></span> <span class='ocrx_word' id='word_1_122' title='bbox 1233 1839 1453 1914; x_wconf 70' lang='grc' dir='ltr'><strong>έποιήθη</strong></span> <span class='ocrx_word' id='word_1_123' title='bbox 1488 1842 1562 1908; x_wconf 79' lang='grc' dir='ltr'><strong>είς</strong></span> <span class='ocrx_word' id='word_1_124' title='bbox 1589 1839 1881 1922; x_wconf 74' lang='grc' dir='ltr'><strong>θυγατέρα,</strong></span> <span class='ocrx_word' id='word_1_125' title='bbox 1908 1844 2140 1904; x_wconf 81' lang='grc' dir='ltr'><strong>τουτέστι</strong></span> <span class='ocrx_word' id='word_1_126' title='bbox 2167 1842 2288 1916; x_wconf 78' lang='grc' dir='ltr'><strong>θετὴ</strong></span> 
     </span>
     <span class='ocr_line' id='line_1_18' title="bbox 736 1929 1425 2011; baseline -0.001 -21"><span class='ocrx_word' id='word_1_127' title='bbox 736 1931 965 2011; x_wconf 75' lang='grc' dir='ltr'><strong>θυγάτηρ</strong></span> <span class='ocrx_word' id='word_1_128' title='bbox 991 1931 1193 2010; x_wconf 72' lang='grc' dir='ltr'><strong>έγένετο</strong></span> <span class='ocrx_word' id='word_1_129' title='bbox 1218 1933 1295 2011; x_wconf 76' lang='grc' dir='ltr'><strong>τῷ</strong></span> <span class='ocrx_word' id='word_1_130' title='bbox 1321 1929 1425 1992; x_wconf 89' lang='grc' dir='ltr'><strong>Διί.</strong></span> 
     </span>
    </p>

    <p class='ocr_par' dir='ltr' id='par_1_8' title="bbox 730 2015 2289 2279">
     <span class='ocr_line' id='line_1_19' title="bbox 814 2015 2289 2101; baseline -0.001 -21"><span class='ocrx_word' id='word_1_131' title='bbox 814 2037 913 2080; x_wconf 83' lang='grc'><strong>270.</strong></span> <span class='ocrx_word' id='word_1_132' title='bbox 943 2015 1075 2082; x_wconf 87' lang='grc' dir='ltr'><strong>Ὅτι</strong></span> <span class='ocrx_word' id='word_1_133' title='bbox 1103 2016 1341 2101; x_wconf 78' lang='grc' dir='ltr'><strong>Εὐρώπη</strong></span> <span class='ocrx_word' id='word_1_134' title='bbox 1363 2022 1399 2090; x_wconf 76' lang='grc' dir='ltr'>ἡ</span> <span class='ocrx_word' id='word_1_135' title='bbox 1421 2016 1577 2100; x_wconf 82' lang='grc' dir='ltr'><strong>χώρα</strong></span> <span class='ocrx_word' id='word_1_136' title='bbox 1599 2016 1653 2088; x_wconf 72' lang='grc' dir='ltr'><strong>ἔξ</strong></span> <span class='ocrx_word' id='word_1_137' title='bbox 1684 2018 1944 2100; x_wconf 81' lang='grc' dir='ltr'><strong>Εὐρώπης</strong></span> <span class='ocrx_word' id='word_1_138' title='bbox 1961 2019 2169 2099; x_wconf 85' lang='grc' dir='ltr'><strong>λέγεται</strong></span> <span class='ocrx_word' id='word_1_139' title='bbox 2192 2044 2289 2081; x_wconf 86' lang='grc' dir='ltr'><strong>κα·</strong></span> 
     </span>
     <span class='ocr_line' id='line_1_20' title="bbox 734 2097 2289 2192; baseline -0.001 -24"><span class='ocrx_word' id='word_1_140' title='bbox 734 2106 799 2169; x_wconf 77' lang='grc' dir='ltr'><strong>θὰ</strong></span> <span class='ocrx_word' id='word_1_141' title='bbox 827 2108 917 2168; x_wconf 77' lang='grc' dir='ltr'><strong>καὶ</strong></span> <span class='ocrx_word' id='word_1_142' title='bbox 954 2111 983 2168; x_wconf 81' lang='grc' dir='ltr'><strong>ὁ</strong></span> <span class='ocrx_word' id='word_1_143' title='bbox 1017 2108 1300 2190; x_wconf 79' lang='grc' dir='ltr'><strong>Λυκόφρων</strong></span> <span class='ocrx_word' id='word_1_144' title='bbox 1352 2106 1526 2190; x_wconf 72' lang='grc' dir='ltr'><strong>φησίν·</strong></span> <span class='ocrx_word' id='word_1_145' title='bbox 1555 2107 1645 2190; x_wconf 73' lang='grc' dir='ltr'><strong>ἀφ’</strong></span> <span class='ocrx_word' id='word_1_146' title='bbox 1684 2097 1748 2182; x_wconf 67' lang='grc' dir='ltr'><strong>ἧς</strong></span> <span class='ocrx_word' id='word_1_147' title='bbox 1786 2110 1815 2166; x_wconf 80' lang='grc' dir='ltr'><strong><em>ὃ</em></strong></span> <span class='ocrx_word' id='word_1_148' title='bbox 1860 2108 2191 2192; x_wconf 82' lang='grc' dir='ltr'><strong>Σαρπηδὼν,</strong></span> <span class='ocrx_word' id='word_1_149' title='bbox 2220 2113 2289 2178; x_wconf 79' lang='grc' dir='ltr'><strong>ὥς</strong></span> 
     </span>
     <span class='ocr_line' id='line_1_21' title="bbox 730 2193 2286 2279; baseline 0.002 -23"><span class='ocrx_word' id='word_1_150' title='bbox 730 2199 933 2279; x_wconf 77' lang='grc' dir='ltr'><strong>ἱστορεῖ</strong></span> <span class='ocrx_word' id='word_1_151' title='bbox 970 2199 1259 2277; x_wconf 84' lang='grc' dir='ltr'><strong>Εὐριπίδης</strong></span> <span class='ocrx_word' id='word_1_152' title='bbox 1286 2199 1341 2258; x_wconf 72' lang='grc' dir='ltr'><strong>έν</strong></span> <span class='ocrx_word' id='word_1_153' title='bbox 1372 2195 1576 2279; x_wconf 77' lang='grc' dir='ltr'><strong>Ῥήσῳ.</strong></span> <span class='ocrx_word' id='word_1_154' title='bbox 1660 2193 1931 2279; x_wconf 80' lang='grc' dir='ltr'><strong>Ἀγήνορος</strong></span> <span class='ocrx_word' id='word_1_155' title='bbox 1962 2196 2178 2271; x_wconf 74' lang='grc' dir='ltr'><strong>δὲαύτη</strong></span> <span class='ocrx_word' id='word_1_156' title='bbox 2199 2204 2286 2259; x_wconf 81' lang='grc' dir='ltr'><strong>Θυ-</strong></span> 
     </span>
    </p>

    <p class='ocr_par' dir='ltr' id='par_1_9' title="bbox 650 2284 2287 2722">
     <span class='ocr_line' id='line_1_22' title="bbox 650 2284 2287 2369; baseline 0.001 -23"><span class='ocrx_word' id='word_1_157' title='bbox 650 2307 705 2346; x_wconf 73' lang='lat'><strong>22)</strong></span> <span class='ocrx_word' id='word_1_158' title='bbox 734 2285 933 2369; x_wconf 86' lang='grc' dir='ltr'><strong>γάτηρ,</strong></span> <span class='ocrx_word' id='word_1_159' title='bbox 952 2285 1017 2360; x_wconf 76' lang='grc' dir='ltr'><strong>ἢν</strong></span> <span class='ocrx_word' id='word_1_160' title='bbox 1047 2287 1252 2367; x_wconf 75' lang='grc' dir='ltr'><strong>Ταῦρος</strong></span> <span class='ocrx_word' id='word_1_161' title='bbox 1282 2289 1311 2346; x_wconf 81' lang='grc' dir='ltr'><strong>ὁ</strong></span> <span class='ocrx_word' id='word_1_162' title='bbox 1347 2290 1439 2360; x_wconf 77' lang='grc' dir='ltr'><strong>τῆς</strong></span> <span class='ocrx_word' id='word_1_163' title='bbox 1469 2284 1684 2366; x_wconf 69' lang='grc' dir='ltr'><strong>Κρήτης</strong></span> <span class='ocrx_word' id='word_1_164' title='bbox 1724 2286 1963 2368; x_wconf 78' lang='grc' dir='ltr'><strong>βασιλεὺς</strong></span> <span class='ocrx_word' id='word_1_165' title='bbox 2004 2287 2287 2360; x_wconf 74' lang='grc' dir='ltr'><strong>έληΐσατο,</strong></span> 
     </span>
     <span class='ocr_line' id='line_1_23' title="bbox 727 2373 2287 2458; baseline 0.002 -24"><span class='ocrx_word' id='word_1_166' title='bbox 727 2375 1002 2458; x_wconf 66' lang='grc' dir='ltr'><strong>ναυμαγίᾳ</strong></span> <span class='ocrx_word' id='word_1_167' title='bbox 1027 2375 1122 2448; x_wconf 81' lang='grc' dir='ltr'><strong>τὴν</strong></span> <span class='ocrx_word' id='word_1_168' title='bbox 1142 2376 1308 2457; x_wconf 82' lang='grc' dir='ltr'><strong>Τύρον</strong></span> <span class='ocrx_word' id='word_1_169' title='bbox 1338 2373 1491 2434; x_wconf 71' lang='grc' dir='ltr'><strong>Ξλών.</strong></span> <span class='ocrx_word' id='word_1_170' title='bbox 1607 2375 1917 2455; x_wconf 82' lang='grc' dir='ltr'><strong>Σημείωσαι</strong></span> <span class='ocrx_word' id='word_1_171' title='bbox 1953 2375 2009 2435; x_wconf 60' lang='grc' dir='ltr'><strong>δὲ</strong></span> <span class='ocrx_word' id='word_1_172' title='bbox 2035 2374 2113 2435; x_wconf 78' lang='grc' dir='ltr'><strong>ὅτι</strong></span> <span class='ocrx_word' id='word_1_173' title='bbox 2134 2378 2287 2445; x_wconf 78' lang='grc' dir='ltr'><strong>ἄλλος</strong></span> 
     </span>
     <span class='ocr_line' id='line_1_24' title="bbox 727 2443 2281 2549; baseline 0.002 -26"><span class='ocrx_word' id='word_1_174' title='bbox 727 2464 866 2525; x_wconf 74' lang='grc' dir='ltr'><strong>ἐστὶν</strong></span> <span class='ocrx_word' id='word_1_175' title='bbox 894 2443 1039 2534; x_wconf 69' lang='grc' dir='ltr'><strong>οὐτος</strong></span> <span class='ocrx_word' id='word_1_176' title='bbox 1083 2463 1229 2544; x_wconf 74' lang='grc' dir='ltr'><strong>παρὰ</strong></span> <span class='ocrx_word' id='word_1_177' title='bbox 1267 2463 1357 2524; x_wconf 73' lang='grc' dir='ltr'><strong>τὸν</strong></span> <span class='ocrx_word' id='word_1_178' title='bbox 1394 2464 1589 2524; x_wconf 75' lang='grc' dir='ltr'><strong>Λύκιον</strong></span> <span class='ocrx_word' id='word_1_179' title='bbox 1630 2464 1973 2546; x_wconf 79' lang='grc' dir='ltr'><strong>Σαρπηδόνα.</strong></span> <span class='ocrx_word' id='word_1_180' title='bbox 2057 2469 2281 2549; x_wconf 88' lang='grc' dir='ltr'><strong>Σαρπη-</strong></span> 
     </span>
     <span class='ocr_line' id='line_1_25' title="bbox 725 2544 2287 2639; baseline 0.004 -27"><span class='ocrx_word' id='word_1_181' title='bbox 725 2553 827 2612; x_wconf 83' lang='grc' dir='ltr'><strong>δὼν</strong></span> <span class='ocrx_word' id='word_1_182' title='bbox 853 2552 963 2631; x_wconf 69' lang='grc' dir='ltr'><strong>μὲν</strong></span> <span class='ocrx_word' id='word_1_183' title='bbox 986 2553 1089 2635; x_wconf 74' lang='grc' dir='ltr'><strong>γὰρ</strong></span> <span class='ocrx_word' id='word_1_184' title='bbox 1120 2544 1269 2621; x_wconf 63' lang='grc' dir='ltr'><strong>οὗτος</strong></span> <span class='ocrx_word' id='word_1_185' title='bbox 1296 2557 1325 2614; x_wconf 82' lang='grc' dir='ltr'><strong>ὃ</strong></span> <span class='ocrx_word' id='word_1_186' title='bbox 1350 2557 1445 2626; x_wconf 80' lang='grc' dir='ltr'><strong>τῆς</strong></span> <span class='ocrx_word' id='word_1_187' title='bbox 1484 2552 1728 2635; x_wconf 77' lang='grc' dir='ltr'><strong>ῥηθείοης</strong></span> <span class='ocrx_word' id='word_1_188' title='bbox 1757 2555 2017 2636; x_wconf 78' lang='grc' dir='ltr'><strong>Εὐρώπης</strong></span> <span class='ocrx_word' id='word_1_189' title='bbox 2064 2557 2287 2639; x_wconf 79' lang='grc' dir='ltr'><strong>ἀδελφάς</strong></span> 
     </span>
     <span class='ocr_line' id='line_1_26' title="bbox 724 2639 2285 2722; baseline 0.001 -20"><span class='ocrx_word' id='word_1_190' title='bbox 724 2643 836 2702; x_wconf 69' lang='grc' dir='ltr'><strong>ἔστι</strong></span> <span class='ocrx_word' id='word_1_191' title='bbox 874 2644 931 2704; x_wconf 87' lang='grc' dir='ltr'>Μ</span> <span class='ocrx_word' id='word_1_192' title='bbox 938 2639 1082 2708; x_wconf 79' lang='grc' dir='ltr'><strong>ίνωος</strong></span> <span class='ocrx_word' id='word_1_193' title='bbox 1119 2639 1210 2701; x_wconf 73' lang='grc' dir='ltr'><strong>καὶ</strong></span> <span class='ocrx_word' id='word_1_194' title='bbox 1254 2644 1455 2700; x_wconf 78' lang='grc' dir='ltr'><strong>Αἰακοῦ</strong></span> <span class='ocrx_word' id='word_1_195' title='bbox 1482 2643 1623 2701; x_wconf 77' lang='grc' dir='ltr'><strong>κατὰ</strong></span> <span class='ocrx_word' id='word_1_196' title='bbox 1646 2641 1737 2702; x_wconf 83' lang='grc' dir='ltr'><strong>τὸν</strong></span> <span class='ocrx_word' id='word_1_197' title='bbox 1764 2641 2052 2722; x_wconf 77' lang='grc' dir='ltr'><strong>Ἄρριανὸν,</strong></span> <span class='ocrx_word' id='word_1_198' title='bbox 2094 2648 2123 2704; x_wconf 81' lang='grc' dir='ltr'><strong>ὁ</strong></span> <span class='ocrx_word' id='word_1_199' title='bbox 2144 2643 2197 2704; x_wconf 74' lang='grc' dir='ltr'><strong>δὲ</strong></span> <span class='ocrx_word' id='word_1_200' title='bbox 2226 2647 2285 2705; x_wconf 77' lang='grc' dir='ltr'><strong>ἔκ</strong></span> 
     </span>
    </p>

    <p class='ocr_par' dir='ltr' id='par_1_10' title="bbox 636 2728 2286 3607">
     <span class='ocr_line' id='line_1_27' title="bbox 642 2728 2286 2816; baseline 0.004 -28"><span class='ocrx_word' id='word_1_201' title='bbox 642 2749 694 2788; x_wconf 68' lang='lat' dir='ltr'><strong>ss</strong></span> <span class='ocrx_word' id='word_1_202' title='bbox 720 2729 921 2800; x_wconf 78' lang='grc' dir='ltr'><strong>Λυκίας</strong></span> <span class='ocrx_word' id='word_1_203' title='bbox 938 2728 1239 2808; x_wconf 81' lang='grc' dir='ltr'><strong>Σαρπηδὼν</strong></span> <span class='ocrx_word' id='word_1_204' title='bbox 1261 2733 1289 2789; x_wconf 83' lang='grc' dir='ltr'><strong>ὁ</strong></span> <span class='ocrx_word' id='word_1_205' title='bbox 1309 2728 1601 2811; x_wconf 80' lang='grc' dir='ltr'><strong>Ὁμηρικὸς</strong></span> <span class='ocrx_word' id='word_1_206' title='bbox 1624 2731 1719 2790; x_wconf 89' lang='grc' dir='ltr'><strong>οὐκ</strong></span> <span class='ocrx_word' id='word_1_207' title='bbox 1745 2729 1809 2790; x_wconf 72' lang='grc' dir='ltr'><strong>ἂν</strong></span> <span class='ocrx_word' id='word_1_208' title='bbox 1836 2729 1915 2804; x_wconf 78' lang='grc' dir='ltr'><strong>εἴη</strong></span> <span class='ocrx_word' id='word_1_209' title='bbox 1937 2733 2135 2802; x_wconf 83' lang='grc' dir='ltr'><strong>τούτοις</strong></span> <span class='ocrx_word' id='word_1_210' title='bbox 2165 2733 2286 2816; x_wconf 87' lang='grc' dir='ltr'><strong>σύγ-</strong></span> 
     </span>
     <span class='ocr_line' id='line_1_28' title="bbox 717 2814 2282 2900; baseline 0 -22"><span class='ocrx_word' id='word_1_211' title='bbox 717 2841 921 2899; x_wconf 77' lang='grc' dir='ltr'><strong>χρονος.</strong></span> <span class='ocrx_word' id='word_1_212' title='bbox 1026 2814 1235 2884; x_wconf 79' lang='grc' dir='ltr'><strong>Ἱππίας</strong></span> <span class='ocrx_word' id='word_1_213' title='bbox 1287 2816 1345 2876; x_wconf 63' lang='grc' dir='ltr'><strong>δὲ</strong></span> <span class='ocrx_word' id='word_1_214' title='bbox 1372 2817 1479 2877; x_wconf 76' lang='grc' dir='ltr'><strong>ἀπὸ</strong></span> <span class='ocrx_word' id='word_1_215' title='bbox 1526 2816 1703 2887; x_wconf 73' lang='grc' dir='ltr'><strong>Ἄσίας</strong></span> <span class='ocrx_word' id='word_1_216' title='bbox 1753 2818 1847 2878; x_wconf 76' lang='grc' dir='ltr'><strong>καὶ</strong></span> <span class='ocrx_word' id='word_1_217' title='bbox 1889 2817 2148 2900; x_wconf 78' lang='grc' dir='ltr'><strong>Εὐρώπης</strong></span> <span class='ocrx_word' id='word_1_218' title='bbox 2178 2824 2282 2880; x_wconf 79' lang='grc' dir='ltr'><strong>τῶν</strong></span> 
     </span>
     <span class='ocr_line' id='line_1_29' title="bbox 719 2904 2283 2987; baseline 0.001 -20"><span class='ocrx_word' id='word_1_219' title='bbox 719 2905 1036 2967; x_wconf 83' lang='grc' dir='ltr'><strong>Ὦκεανίδων</strong></span> <span class='ocrx_word' id='word_1_220' title='bbox 1060 2904 1152 2973; x_wconf 72' lang='grc' dir='ltr'><strong>τὰς</strong></span> <span class='ocrx_word' id='word_1_221' title='bbox 1188 2905 1437 2987; x_wconf 74' lang='grc' dir='ltr'><strong>ἠπείρους</strong></span> <span class='ocrx_word' id='word_1_222' title='bbox 1458 2909 1633 2970; x_wconf 82' lang='grc' dir='ltr'><strong>καλεῖ.</strong></span> <span class='ocrx_word' id='word_1_223' title='bbox 1717 2907 1841 2968; x_wconf 83' lang='grc' dir='ltr'><strong>Τισὶ</strong></span> <span class='ocrx_word' id='word_1_224' title='bbox 1867 2908 1925 2966; x_wconf 76' lang='grc' dir='ltr'><strong>δὲ</strong></span> <span class='ocrx_word' id='word_1_225' title='bbox 1950 2909 2045 2966; x_wconf 86' lang='grc' dir='ltr'><strong>οὐκ</strong></span> <span class='ocrx_word' id='word_1_226' title='bbox 2069 2907 2283 2986; x_wconf 77' lang='grc' dir='ltr'><strong>ἀρέσκει</strong></span> 
     </span>
     <span class='ocr_line' id='line_1_30' title="bbox 717 2994 2280 3076; baseline 0.002 -22"><span class='ocrx_word' id='word_1_227' title='bbox 717 2999 776 3054; x_wconf 73' lang='grc' dir='ltr'><strong>ἔκ</strong></span> <span class='ocrx_word' id='word_1_228' title='bbox 796 2999 1057 3074; x_wconf 80' lang='grc' dir='ltr'><strong>γυναικῶν</strong></span> <span class='ocrx_word' id='word_1_229' title='bbox 1085 3000 1199 3061; x_wconf 84' lang='grc' dir='ltr'><strong>ταῖς</strong></span> <span class='ocrx_word' id='word_1_230' title='bbox 1218 2994 1455 3076; x_wconf 73' lang='grc' dir='ltr'><strong>ἠπείροις</strong></span> <span class='ocrx_word' id='word_1_231' title='bbox 1477 2997 1546 3054; x_wconf 75' lang='grc' dir='ltr'><strong>τὰ</strong></span> <span class='ocrx_word' id='word_1_232' title='bbox 1575 2995 1815 3072; x_wconf 77' lang='grc' dir='ltr'><strong>ὀνόματα</strong></span> <span class='ocrx_word' id='word_1_233' title='bbox 1850 3001 2077 3057; x_wconf 73' lang='grc' dir='ltr'><strong>κεῖσθαι.</strong></span> <span class='ocrx_word' id='word_1_234' title='bbox 2117 2995 2280 3076; x_wconf 83' lang='grc' dir='ltr'><strong>Ἥρό·</strong></span> 
     </span>
     <span class='ocr_line' id='line_1_31' title="bbox 717 3080 2284 3166; baseline 0.002 -25"><span class='ocrx_word' id='word_1_235' title='bbox 717 3085 861 3152; x_wconf 86' lang='grc' dir='ltr'><strong>δοτος</strong></span> <span class='ocrx_word' id='word_1_236' title='bbox 898 3080 955 3142; x_wconf 77' lang='grc' dir='ltr'><strong>δέ</strong></span> <span class='ocrx_word' id='word_1_237' title='bbox 982 3105 1112 3166; x_wconf 75' lang='grc' dir='ltr'><strong>φησι</strong></span> <span class='ocrx_word' id='word_1_238' title='bbox 1158 3081 1225 3143; x_wconf 75' lang='grc' dir='ltr'><strong>τὰ</strong></span> <span class='ocrx_word' id='word_1_239' title='bbox 1260 3082 1395 3162; x_wconf 77' lang='grc' dir='ltr'><strong>τρία,</strong></span> <span class='ocrx_word' id='word_1_240' title='bbox 1428 3088 1524 3156; x_wconf 78' lang='grc' dir='ltr'><strong>τῆς</strong></span> <span class='ocrx_word' id='word_1_241' title='bbox 1552 3089 1652 3161; x_wconf 67' lang='grc' dir='ltr'><strong>γῆς</strong></span> <span class='ocrx_word' id='word_1_242' title='bbox 1689 3083 1949 3160; x_wconf 75' lang='grc' dir='ltr'><strong>τμήματα</strong></span> <span class='ocrx_word' id='word_1_243' title='bbox 1984 3085 2284 3161; x_wconf 67' lang='grc' dir='ltr'><strong>ἐπωνυμίας</strong></span> 
     </span>
     <span class='ocr_line' id='line_1_32' title="bbox 636 3173 2281 3255; baseline 0.003 -24"><span class='ocrx_word' id='word_1_244' title='bbox 636 3192 691 3231; x_wconf 81' lang='lat'><strong>³0</strong></span> <span class='ocrx_word' id='word_1_245' title='bbox 718 3175 859 3255; x_wconf 69' lang='grc' dir='ltr'><strong>ἔχειν</strong></span> <span class='ocrx_word' id='word_1_246' title='bbox 884 3177 1166 3254; x_wconf 81' lang='grc' dir='ltr'><strong>γυναικῶν,</strong></span> <span class='ocrx_word' id='word_1_247' title='bbox 1200 3173 1370 3248; x_wconf 78' lang='grc' dir='ltr'><strong>λέγων</strong></span> <span class='ocrx_word' id='word_1_248' title='bbox 1400 3173 1483 3233; x_wconf 76' lang='grc' dir='ltr'><strong>ὅτι</strong></span> <span class='ocrx_word' id='word_1_249' title='bbox 1508 3173 1690 3245; x_wconf 76' lang='grc' dir='ltr'><strong>Λιόύη</strong></span> <span class='ocrx_word' id='word_1_250' title='bbox 1716 3173 1811 3251; x_wconf 71' lang='grc' dir='ltr'><strong>μὶν</strong></span> <span class='ocrx_word' id='word_1_251' title='bbox 1833 3173 1939 3234; x_wconf 61' lang='lat' dir='ltr'><strong>&amp;rto</strong></span> <span class='ocrx_word' id='word_1_252' title='bbox 1970 3175 2175 3249; x_wconf 77' lang='grc' dir='ltr'><strong>Λιὸύης</strong></span> <span class='ocrx_word' id='word_1_253' title='bbox 2196 3177 2281 3236; x_wconf 76' lang='grc' dir='ltr'><strong>λε’·</strong></span> 
     </span>
     <span class='ocr_line' id='line_1_33' title="bbox 715 3262 2283 3346; baseline 0.004 -27"><span class='ocrx_word' id='word_1_254' title='bbox 715 3285 866 3340; x_wconf 83' lang='grc' dir='ltr'><strong>γεται</strong></span> <span class='ocrx_word' id='word_1_255' title='bbox 904 3263 1148 3342; x_wconf 69' lang='grc' dir='ltr'><strong>γυναικὸς</strong></span> <span class='ocrx_word' id='word_1_256' title='bbox 1181 3262 1496 3343; x_wconf 80' lang='grc' dir='ltr'><strong>αὐτόχθονος</strong></span> <span class='ocrx_word' id='word_1_257' title='bbox 1514 3307 1533 3338; x_wconf 88' lang='grc'><strong>,</strong></span> <span class='ocrx_word' id='word_1_258' title='bbox 1556 3268 1592 3334; x_wconf 78' lang='grc' dir='ltr'>ἡ</span> <span class='ocrx_word' id='word_1_259' title='bbox 1623 3263 1679 3322; x_wconf 78' lang='grc' dir='ltr'><strong>δὲ</strong></span> <span class='ocrx_word' id='word_1_260' title='bbox 1708 3263 1858 3325; x_wconf 87' lang='grc' dir='ltr'><strong>Ἀσία</strong></span> <span class='ocrx_word' id='word_1_261' title='bbox 1882 3263 1987 3322; x_wconf 71' lang='grc' dir='ltr'><strong>ἀπὸ</strong></span> <span class='ocrx_word' id='word_1_262' title='bbox 2012 3269 2103 3336; x_wconf 76' lang='grc' dir='ltr'><strong>τῆς</strong></span> <span class='ocrx_word' id='word_1_263' title='bbox 2145 3268 2283 3346; x_wconf 85' lang='grc' dir='ltr'><strong>Προ-</strong></span> 
     </span>
     <span class='ocr_line' id='line_1_34' title="bbox 720 3349 2283 3430; baseline 0.001 -20"><span class='ocrx_word' id='word_1_264' title='bbox 720 3350 930 3424; x_wconf 77' lang='grc' dir='ltr'><strong>μηθέως</strong></span> <span class='ocrx_word' id='word_1_265' title='bbox 972 3351 1170 3430; x_wconf 78' lang='grc' dir='ltr'><strong>μητρὸς</strong></span> <span class='ocrx_word' id='word_1_266' title='bbox 1214 3351 1619 3427; x_wconf 71' lang='grc' dir='ltr'><strong>ἐπονομάζεται,</strong></span> <span class='ocrx_word' id='word_1_267' title='bbox 1658 3349 1821 3412; x_wconf 72' lang='grc' dir='ltr'><strong>Λυδοὶ</strong></span> <span class='ocrx_word' id='word_1_268' title='bbox 1849 3349 1906 3410; x_wconf 72' lang='grc' dir='ltr'><strong>δὲ</strong></span> <span class='ocrx_word' id='word_1_269' title='bbox 1952 3356 2054 3430; x_wconf 80' lang='grc' dir='ltr'><strong>οὐχ</strong></span> <span class='ocrx_word' id='word_1_270' title='bbox 2089 3351 2251 3422; x_wconf 74' lang='grc' dir='ltr'><strong>οὕτως</strong></span> <span class='ocrx_word' id='word_1_271' title='bbox 2266 3398 2283 3429; x_wconf 93' lang='grc'><strong>,</strong></span> 
     </span>
     <span class='ocr_line' id='line_1_35' title="bbox 722 3434 2283 3520; baseline 0.003 -26"><span class='ocrx_word' id='word_1_272' title='bbox 722 3436 858 3494; x_wconf 74' lang='grc' dir='ltr'><strong>ἀλλὰ</strong></span> <span class='ocrx_word' id='word_1_273' title='bbox 888 3437 996 3496; x_wconf 78' lang='grc' dir='ltr'><strong>ἀπὸ</strong></span> <span class='ocrx_word' id='word_1_274' title='bbox 1023 3436 1205 3497; x_wconf 75' lang='grc' dir='ltr'><strong>Ἀσίεω</strong></span> <span class='ocrx_word' id='word_1_275' title='bbox 1238 3442 1329 3495; x_wconf 77' lang='grc' dir='ltr'><strong>τοῦ</strong></span> <span class='ocrx_word' id='word_1_276' title='bbox 1365 3434 1549 3505; x_wconf 76' lang='grc' dir='ltr'><strong>Ἄτυος</strong></span> <span class='ocrx_word' id='word_1_277' title='bbox 1590 3437 1863 3496; x_wconf 79' lang='grc' dir='ltr'><strong>καλεῖσθαί</strong></span> <span class='ocrx_word' id='word_1_278' title='bbox 1902 3459 2059 3520; x_wconf 74' lang='grc' dir='ltr'><strong>φασιν</strong></span> <span class='ocrx_word' id='word_1_279' title='bbox 2102 3440 2283 3514; x_wconf 78' lang='grc' dir='ltr'><strong>αὐτὴν,</strong></span> 
     </span>
     <span class='ocr_line' id='line_1_36' title="bbox 724 3515 2283 3607; baseline 0.003 -23"><span class='ocrx_word' id='word_1_280' title='bbox 724 3527 814 3607; x_wconf 73' lang='grc' dir='ltr'><strong>ἀφ’</strong></span> <span class='ocrx_word' id='word_1_281' title='bbox 846 3515 906 3586; x_wconf 67' lang='grc' dir='ltr'><strong>οὐ</strong></span> <span class='ocrx_word' id='word_1_282' title='bbox 929 3524 1023 3585; x_wconf 83' lang='grc' dir='ltr'><strong>καὶ</strong></span> <span class='ocrx_word' id='word_1_283' title='bbox 1051 3525 1104 3583; x_wconf 78' lang='grc' dir='ltr'><strong>ἓν</strong></span> <span class='ocrx_word' id='word_1_284' title='bbox 1144 3525 1374 3607; x_wconf 77' lang='grc' dir='ltr'><strong>Σάρδεσι</strong></span> <span class='ocrx_word' id='word_1_285' title='bbox 1400 3527 1539 3606; x_wconf 80' lang='grc' dir='ltr'><strong>φυλή</strong></span> <span class='ocrx_word' id='word_1_286' title='bbox 1574 3549 1653 3592; x_wconf 88' lang='grc' dir='ltr'><strong>τις</strong></span> <span class='ocrx_word' id='word_1_287' title='bbox 1682 3526 1922 3585; x_wconf 81' lang='grc' dir='ltr'><strong>καλεῖται</strong></span> <span class='ocrx_word' id='word_1_288' title='bbox 1959 3524 2150 3595; x_wconf 81' lang='grc' dir='ltr'><strong>Ἀσιάς.</strong></span> <span class='ocrx_word' id='word_1_289' title='bbox 2212 3528 2283 3591; x_wconf 88' lang='grc' dir='ltr'>Ἡ</span> 
     </span>
    </p>

    <p class='ocr_par' dir='ltr' id='par_1_11' title="bbox 642 3611 2284 4052">
     <span class='ocr_line' id='line_1_37' title="bbox 642 3611 2283 3695; baseline 0.005 -25"><span class='ocrx_word' id='word_1_290' title='bbox 642 3631 694 3670; x_wconf 69' lang='lat' dir='ltr'><strong>:ts</strong></span> <span class='ocrx_word' id='word_1_291' title='bbox 724 3613 779 3672; x_wconf 73' lang='grc' dir='ltr'><strong>δὲ</strong></span> <span class='ocrx_word' id='word_1_292' title='bbox 809 3612 1043 3695; x_wconf 84' lang='grc' dir='ltr'><strong>Εὐρώπη</strong></span> <span class='ocrx_word' id='word_1_293' title='bbox 1076 3614 1216 3674; x_wconf 78' lang='grc' dir='ltr'><strong>δοκεῖ</strong></span> <span class='ocrx_word' id='word_1_294' title='bbox 1243 3613 1348 3674; x_wconf 72' lang='grc' dir='ltr'><strong>ἀπὸ</strong></span> <span class='ocrx_word' id='word_1_295' title='bbox 1378 3618 1474 3686; x_wconf 72' lang='grc' dir='ltr'><strong>τῆς</strong></span> <span class='ocrx_word' id='word_1_296' title='bbox 1497 3614 1699 3694; x_wconf 86' lang='grc' dir='ltr'><strong>Τυρίας</strong></span> <span class='ocrx_word' id='word_1_297' title='bbox 1728 3611 1989 3695; x_wconf 80' lang='grc' dir='ltr'><strong>Εὐρώπης</strong></span> <span class='ocrx_word' id='word_1_298' title='bbox 2010 3615 2191 3677; x_wconf 75' lang='grc' dir='ltr'><strong>λαὸεἶν</strong></span> <span class='ocrx_word' id='word_1_299' title='bbox 2222 3617 2283 3679; x_wconf 80' lang='grc' dir='ltr'><strong>τὸ</strong></span> 
     </span>
     <span class='ocr_line' id='line_1_38' title="bbox 720 3699 2284 3784; baseline 0 -20"><span class='ocrx_word' id='word_1_300' title='bbox 720 3702 909 3780; x_wconf 76' lang='grc' dir='ltr'><strong>ὄνομα.</strong></span> <span class='ocrx_word' id='word_1_301' title='bbox 1009 3701 1140 3766; x_wconf 65' lang='grc' dir='ltr'><strong>’Ότι</strong></span> <span class='ocrx_word' id='word_1_302' title='bbox 1168 3702 1223 3763; x_wconf 76' lang='grc' dir='ltr'><strong>δὲ</strong></span> <span class='ocrx_word' id='word_1_303' title='bbox 1254 3703 1530 3783; x_wconf 83' lang='grc' dir='ltr'><strong>βούλονταί</strong></span> <span class='ocrx_word' id='word_1_304' title='bbox 1578 3725 1712 3771; x_wconf 83' lang='grc' dir='ltr'><strong>τινες</strong></span> <span class='ocrx_word' id='word_1_305' title='bbox 1750 3699 1849 3774; x_wconf 77' lang='grc' dir='ltr'><strong>τὴν</strong></span> <span class='ocrx_word' id='word_1_306' title='bbox 1898 3701 2163 3784; x_wconf 85' lang='grc' dir='ltr'><strong>Εὐρώπην</strong></span> <span class='ocrx_word' id='word_1_307' title='bbox 2189 3703 2284 3764; x_wconf 72' lang='grc' dir='ltr'><strong>καὶ</strong></span> 
     </span>
     <span class='ocr_line' id='line_1_39' title="bbox 721 3789 2278 3874; baseline 0.002 -24"><span class='ocrx_word' id='word_1_308' title='bbox 721 3793 830 3853; x_wconf 77' lang='grc' dir='ltr'><strong>ἀπό</strong></span> <span class='ocrx_word' id='word_1_309' title='bbox 870 3813 1011 3860; x_wconf 85' lang='grc' dir='ltr'><strong>τινος</strong></span> <span class='ocrx_word' id='word_1_310' title='bbox 1051 3790 1312 3874; x_wconf 86' lang='grc' dir='ltr'><strong>Εὐρώπου</strong></span> <span class='ocrx_word' id='word_1_311' title='bbox 1362 3791 1541 3873; x_wconf 70' lang='grc' dir='ltr'><strong>ἀνδρὸς</strong></span> <span class='ocrx_word' id='word_1_312' title='bbox 1592 3789 1901 3868; x_wconf 75' lang='grc' dir='ltr'><strong>ὠνομάσθαι</strong></span> <span class='ocrx_word' id='word_1_313' title='bbox 1954 3789 2278 3870; x_wconf 87' lang='grc' dir='ltr'><strong>προείρηται.</strong></span> 
     </span>
     <span class='ocr_line' id='line_1_40' title="bbox 717 3876 2280 3962; baseline 0.001 -21"><span class='ocrx_word' id='word_1_314' title='bbox 717 3877 813 3941; x_wconf 76' lang='grc' dir='ltr'><strong>Διὸ</strong></span> <span class='ocrx_word' id='word_1_315' title='bbox 842 3878 934 3940; x_wconf 72' lang='grc' dir='ltr'><strong>καὶ</strong></span> <span class='ocrx_word' id='word_1_316' title='bbox 965 3879 1266 3962; x_wconf 84' lang='grc' dir='ltr'><strong>βαρύνεται·</strong></span> <span class='ocrx_word' id='word_1_317' title='bbox 1297 3883 1515 3961; x_wconf 87' lang='grc' dir='ltr'><strong>βαρεῖαν</strong></span> <span class='ocrx_word' id='word_1_318' title='bbox 1544 3877 1647 3962; x_wconf 73' lang='grc' dir='ltr'><strong>γὰρ</strong></span> <span class='ocrx_word' id='word_1_319' title='bbox 1672 3878 1785 3962; x_wconf 67' lang='grc' dir='ltr'><strong>ἔχει</strong></span> <span class='ocrx_word' id='word_1_320' title='bbox 1816 3876 1974 3938; x_wconf 90' lang='grc' dir='ltr'><strong>τάσιν</strong></span> <span class='ocrx_word' id='word_1_321' title='bbox 1995 3877 2087 3940; x_wconf 77' lang='grc' dir='ltr'><strong>καὶ</strong></span> <span class='ocrx_word' id='word_1_322' title='bbox 2110 3883 2138 3940; x_wconf 81' lang='grc' dir='ltr'><strong>ὁ</strong></span> <span class='ocrx_word' id='word_1_323' title='bbox 2168 3879 2280 3942; x_wconf 81' lang='grc' dir='ltr'><strong>Εὐ-</strong></span> 
     </span>
     <span class='ocr_line' id='line_1_41' title="bbox 717 3965 2274 4052; baseline -0.001 -22"><span class='ocrx_word' id='word_1_324' title='bbox 717 3992 888 4050; x_wconf 87' lang='grc' dir='ltr'><strong>ρωπος</strong></span> <span class='ocrx_word' id='word_1_325' title='bbox 927 3969 989 4031; x_wconf 81' lang='grc' dir='ltr'><strong>τὸ</strong></span> <span class='ocrx_word' id='word_1_326' title='bbox 1025 3969 1222 4050; x_wconf 86' lang='grc' dir='ltr'><strong>κύριον,</strong></span> <span class='ocrx_word' id='word_1_327' title='bbox 1252 3968 1384 4052; x_wconf 83' lang='grc' dir='ltr'><strong>πρὸς</strong></span> <span class='ocrx_word' id='word_1_328' title='bbox 1426 3965 1829 4038; x_wconf 76' lang='grc' dir='ltr'><strong>ἀντιδιαστολὴν</strong></span> <span class='ocrx_word' id='word_1_329' title='bbox 1876 3971 1973 4026; x_wconf 74' lang='grc' dir='ltr'><strong>τοῦ</strong></span> <span class='ocrx_word' id='word_1_330' title='bbox 2002 3967 2239 4048; x_wconf 83' lang='grc' dir='ltr'><strong>εὐρωπῶ</strong></span> <span class='ocrx_word' id='word_1_331' title='bbox 2258 4016 2274 4044; x_wconf 93' lang='grc'><strong>,</strong></span> 
     </span>
    </p>

    <p class='ocr_par' dir='ltr' id='par_1_12' title="bbox 633 4044 2276 4510">
     <span class='ocr_line' id='line_1_42' title="bbox 633 4044 2276 4138; baseline 0.001 -24"><span class='ocrx_word' id='word_1_332' title='bbox 633 4073 688 4114; x_wconf 71' lang='grc' dir='ltr'><strong>ει»</strong></span> <span class='ocrx_word' id='word_1_333' title='bbox 714 4056 843 4138; x_wconf 75' lang='grc' dir='ltr'><strong>ὅπερ</strong></span> <span class='ocrx_word' id='word_1_334' title='bbox 867 4058 1021 4130; x_wconf 80' lang='grc' dir='ltr'><strong>δηλοῖ</strong></span> <span class='ocrx_word' id='word_1_335' title='bbox 1037 4057 1125 4116; x_wconf 72' lang='grc' dir='ltr'><strong>τὸν</strong></span> <span class='ocrx_word' id='word_1_336' title='bbox 1150 4056 1351 4116; x_wconf 85' lang='grc' dir='ltr'><strong>πλατύν</strong></span> <span class='ocrx_word' id='word_1_337' title='bbox 1376 4055 1411 4130; x_wconf 76' lang='grc' dir='ltr'>ἢ</span> <span class='ocrx_word' id='word_1_338' title='bbox 1432 4054 1717 4131; x_wconf 81' lang='grc' dir='ltr'><strong>σκοτεινὸν,</strong></span> <span class='ocrx_word' id='word_1_339' title='bbox 1745 4053 1800 4125; x_wconf 76' lang='grc' dir='ltr'><strong>ἐξ</strong></span> <span class='ocrx_word' id='word_1_340' title='bbox 1825 4044 1883 4114; x_wconf 75' lang='grc' dir='ltr'><strong>οὗ</strong></span> <span class='ocrx_word' id='word_1_341' title='bbox 1901 4054 1993 4115; x_wconf 78' lang='grc' dir='ltr'><strong>καὶ</strong></span> <span class='ocrx_word' id='word_1_342' title='bbox 2020 4056 2276 4128; x_wconf 75' lang='grc' dir='ltr'><strong>σπήλαιον</strong></span> 
     </span>
     <span class='ocr_line' id='line_1_43' title="bbox 712 4140 2276 4228; baseline -0.001 -25"><span class='ocrx_word' id='word_1_343' title='bbox 712 4145 860 4228; x_wconf 76' lang='grc' dir='ltr'><strong>παρὰ</strong></span> <span class='ocrx_word' id='word_1_344' title='bbox 888 4149 967 4226; x_wconf 79' lang='grc' dir='ltr'><strong>τῷ</strong></span> <span class='ocrx_word' id='word_1_345' title='bbox 990 4143 1274 4225; x_wconf 78' lang='grc' dir='ltr'><strong>Ὄππιανῷ</strong></span> <span class='ocrx_word' id='word_1_346' title='bbox 1298 4143 1557 4224; x_wconf 85' lang='grc' dir='ltr'><strong>εὐρωπόν.</strong></span> <span class='ocrx_word' id='word_1_347' title='bbox 1642 4147 1739 4203; x_wconf 83' lang='grc' dir='ltr'><strong>Δεῖ</strong></span> <span class='ocrx_word' id='word_1_348' title='bbox 1773 4141 1827 4203; x_wconf 59' lang='grc' dir='ltr'><strong>δὲ</strong></span> <span class='ocrx_word' id='word_1_349' title='bbox 1854 4140 2047 4202; x_wconf 79' lang='grc' dir='ltr'><strong>εἰδέναι</strong></span> <span class='ocrx_word' id='word_1_350' title='bbox 2074 4144 2165 4203; x_wconf 83' lang='grc' dir='ltr'><strong>καὶ</strong></span> <span class='ocrx_word' id='word_1_351' title='bbox 2196 4143 2276 4203; x_wconf 75' lang='grc' dir='ltr'><strong>ὅτι</strong></span> 
     </span>
     <span class='ocr_line' id='line_1_44' title="bbox 711 4231 2275 4315; baseline -0.002 -22"><span class='ocrx_word' id='word_1_352' title='bbox 711 4235 809 4307; x_wconf 81' lang='grc' dir='ltr'><strong>τὴν</strong></span> <span class='ocrx_word' id='word_1_353' title='bbox 831 4231 1095 4315; x_wconf 83' lang='grc' dir='ltr'><strong>Εὐρώπην</strong></span> <span class='ocrx_word' id='word_1_354' title='bbox 1112 4235 1159 4296; x_wconf 77' lang='grc' dir='ltr'><strong>οἱ</strong></span> <span class='ocrx_word' id='word_1_355' title='bbox 1186 4234 1406 4294; x_wconf 81' lang='grc' dir='ltr'><strong>πσλαιοι</strong></span> <span class='ocrx_word' id='word_1_356' title='bbox 1449 4232 1579 4314; x_wconf 81' lang='grc' dir='ltr'><strong>φασί</strong></span> <span class='ocrx_word' id='word_1_357' title='bbox 1602 4231 1866 4314; x_wconf 75' lang='grc' dir='ltr'><strong>διαφέρειν</strong></span> <span class='ocrx_word' id='word_1_358' title='bbox 1894 4237 1987 4302; x_wconf 77' lang='grc' dir='ltr'><strong>τ’ἥς</strong></span> <span class='ocrx_word' id='word_1_359' title='bbox 2014 4231 2191 4298; x_wconf 80' lang='grc' dir='ltr'><strong>Ἀσίας</strong></span> <span class='ocrx_word' id='word_1_360' title='bbox 2216 4233 2275 4291; x_wconf 87' lang='grc' dir='ltr'><strong>οὐ</strong></span> 
     </span>
     <span class='ocr_line' id='line_1_45' title="bbox 715 4315 2273 4404; baseline -0.004 -21"><span class='ocrx_word' id='word_1_361' title='bbox 715 4323 867 4403; x_wconf 84' lang='grc' dir='ltr'><strong>μόνον</strong></span> <span class='ocrx_word' id='word_1_362' title='bbox 892 4325 1091 4404; x_wconf 73' lang='grc' dir='ltr'><strong>ἀνδρῶν</strong></span> <span class='ocrx_word' id='word_1_363' title='bbox 1111 4324 1273 4404; x_wconf 76' lang='grc' dir='ltr'><strong>ἀρετῇ</strong></span> <span class='ocrx_word' id='word_1_364' title='bbox 1289 4320 1380 4382; x_wconf 79' lang='grc' dir='ltr'><strong>καὶ</strong></span> <span class='ocrx_word' id='word_1_365' title='bbox 1401 4320 1613 4403; x_wconf 78' lang='grc' dir='ltr'><strong>πλούτῳ</strong></span> <span class='ocrx_word' id='word_1_366' title='bbox 1635 4321 1726 4380; x_wconf 82' lang='grc' dir='ltr'><strong>καὶ</strong></span> <span class='ocrx_word' id='word_1_367' title='bbox 1753 4323 1999 4401; x_wconf 83' lang='grc' dir='ltr'><strong>καρποῖς,</strong></span> <span class='ocrx_word' id='word_1_368' title='bbox 2028 4315 2163 4378; x_wconf 68' lang='grc' dir='ltr'><strong>ἀλλὰ</strong></span> <span class='ocrx_word' id='word_1_369' title='bbox 2184 4317 2273 4377; x_wconf 83' lang='grc' dir='ltr'><strong>καὶ</strong></span> 
     </span>
     <span class='ocr_line' id='line_1_46' title="bbox 714 4407 2272 4510; baseline -0.005 -38"><span class='ocrx_word' id='word_1_370' title='bbox 714 4413 898 4473; x_wconf 89' lang='grc' dir='ltr'><strong>σπάνει</strong></span> <span class='ocrx_word' id='word_1_371' title='bbox 939 4410 1151 4494; x_wconf 78' lang='grc' dir='ltr'><strong>θηρίων.</strong></span> <span class='ocrx_word' id='word_1_372' title='bbox 1250 4408 1809 4510; x_wconf 54' lang='grc' dir='ltr'><strong>Πολυσῃμονεστάτη</strong></span> <span class='ocrx_word' id='word_1_373' title='bbox 1864 4407 1919 4468; x_wconf 74' lang='grc' dir='ltr'><strong>δὲ</strong></span> <span class='ocrx_word' id='word_1_374' title='bbox 1960 4407 2195 4506; x_wconf 78' lang='grc' dir='ltr'><strong>ἠπείρων</strong></span> <span class='ocrx_word' id='word_1_375' title='bbox 2236 4410 2272 4478; x_wconf 84' lang='grc' dir='ltr'>ἡ</span> 
     </span>
    </p>

    <p class='ocr_par' dir='ltr' id='par_1_13' title="bbox 633 4484 2269 4574">
     <span class='ocr_line' id='line_1_47' title="bbox 633 4484 2269 4574; baseline -0.008 -19"><span class='ocrx_word' id='word_1_376' title='bbox 633 4517 687 4555; x_wconf 73' lang='lat'><strong>⁴¹»</strong></span> <span class='ocrx_word' id='word_1_377' title='bbox 719 4492 947 4574; x_wconf 81' lang='grc' dir='ltr'><strong>Εὐρώπη</strong></span> <span class='ocrx_word' id='word_1_378' title='bbox 968 4538 985 4570; x_wconf 86' lang='lat'><strong>,</strong></span> <span class='ocrx_word' id='word_1_379' title='bbox 1043 4491 1377 4562; x_wconf 79' lang='grc' dir='ltr'><strong>ἁπλουστάτη</strong></span> <span class='ocrx_word' id='word_1_380' title='bbox 1420 4492 1475 4548; x_wconf 83' lang='grc' dir='ltr'><strong>δε</strong></span> <span class='ocrx_word' id='word_1_381' title='bbox 1527 4487 1828 4548; x_wconf 82' lang='grc' dir='ltr'><strong>τούναντίον</strong></span> <span class='ocrx_word' id='word_1_382' title='bbox 1890 4493 1925 4559; x_wconf 88' lang='grc' dir='ltr'>ἡ</span> <span class='ocrx_word' id='word_1_383' title='bbox 1968 4484 2180 4563; x_wconf 58' lang='lat' dir='ltr'><strong>Areu-q,</strong></span> <span class='ocrx_word' id='word_1_384' title='bbox 2234 4492 2269 4558; x_wconf 88' lang='grc' dir='ltr'>ἡ</span> 
     </span>
    </p>

    <p class='ocr_par' dir='ltr' id='par_1_14' title="bbox 716 4575 2261 4658">
     <span class='ocr_line' id='line_1_48' title="bbox 716 4575 2261 4658; baseline -0.005 -18"><span class='ocrx_word' id='word_1_385' title='bbox 716 4579 771 4640; x_wconf 60' lang='grc' dir='ltr'><strong>δὲ</strong></span> <span class='ocrx_word' id='word_1_386' title='bbox 798 4581 942 4642; x_wconf 83' lang='grc' dir='ltr'><strong>Ἀσία</strong></span> <span class='ocrx_word' id='word_1_387' title='bbox 984 4581 1148 4657; x_wconf 82' lang='grc' dir='ltr'><strong>μέσην</strong></span> <span class='ocrx_word' id='word_1_388' title='bbox 1188 4583 1378 4658; x_wconf 69' lang='grc' dir='ltr'><strong>ἀμφοῖν</strong></span> <span class='ocrx_word' id='word_1_389' title='bbox 1406 4580 1515 4658; x_wconf 71' lang='grc' dir='ltr'><strong>ἔχει</strong></span> <span class='ocrx_word' id='word_1_390' title='bbox 1564 4578 1817 4638; x_wconf 81' lang='grc' dir='ltr'><strong>διάθεσιν.</strong></span> <span class='ocrx_word' id='word_1_391' title='bbox 1927 4578 2163 4637; x_wconf 72' lang='grc' dir='ltr'><strong>Κάκεῖνο</strong></span> <span class='ocrx_word' id='word_1_392' title='bbox 2207 4575 2261 4633; x_wconf 89' lang='grc' dir='ltr'><strong>δὲ</strong></span> 
     </span>
    </p>
   </div>
   <div class='ocr_carea' id='block_1_5' title="bbox 702 4843 2271 5316">
    <p class='ocr_par' dir='ltr' id='par_1_15' title="bbox 702 4843 2271 5316">
     <span class='ocr_line' id='line_1_49' title="bbox 717 4843 2269 4922; baseline -0.005 -19"><span class='ocrx_word' id='word_1_393' title='bbox 717 4867 767 4905; x_wconf 79' lang='grc' dir='ltr'><strong>ι.</strong></span> <span class='ocrx_word' id='word_1_394' title='bbox 802 4849 899 4922; x_wconf 79' lang='grc' dir='ltr'><strong>γὰρ</strong></span> <span class='ocrx_word' id='word_1_395' title='bbox 938 4851 1017 4903; x_wconf 80' lang='grc' dir='ltr'><strong>ὅτι</strong></span> <span class='ocrx_word' id='word_1_396' title='bbox 1053 4847 1100 4912; x_wconf 74' lang='grc' dir='ltr'><strong>ἐξ</strong></span> <span class='ocrx_word' id='word_1_397' title='bbox 1152 4853 1205 4905; x_wconf 88' lang='lat' dir='ltr'><strong>C.</strong></span> <span class='ocrx_word' id='word_1_398' title='bbox 1246 4849 1268 4919; x_wconf 89' lang='grc' dir='ltr'><strong>ΙΙ</strong></span> <span class='ocrx_word' id='word_1_399' title='bbox 1294 4878 1367 4890; x_wconf 90' lang='lat'><strong>—-</strong></span> <span class='ocrx_word' id='word_1_400' title='bbox 1401 4865 1453 4904; x_wconf 91' lang='grc'><strong>2.</strong></span> <span class='ocrx_word' id='word_1_401' title='bbox 1496 4849 1677 4919; x_wconf 75' lang='grc' dir='ltr'><strong>χρᾶται</strong></span> <span class='ocrx_word' id='word_1_402' title='bbox 1708 4851 1757 4903; x_wconf 83' lang='lat' dir='ltr'><strong>C.</strong></span> <span class='ocrx_word' id='word_1_403' title='bbox 1803 4847 1825 4915; x_wconf 81' lang='grc' dir='ltr'><strong>ΙΙ</strong></span> <span class='ocrx_word' id='word_1_404' title='bbox 1856 4875 1929 4886; x_wconf 90' lang='grc'><strong>-</strong></span> <span class='ocrx_word' id='word_1_405' title='bbox 1956 4848 2009 4898; x_wconf 81' lang='grc'><strong>6.</strong></span> <span class='ocrx_word' id='word_1_406' title='bbox 2053 4843 2269 4916; x_wconf 73' lang='grc' dir='ltr'><strong>ἕλκεται]</strong></span> 
     </span>
     <span class='ocr_line' id='line_1_50' title="bbox 710 4923 2271 4998; baseline -0.003 -15"><span class='ocrx_word' id='word_1_407' title='bbox 710 4929 976 4983; x_wconf 75' lang='grc' dir='ltr'><strong>ἐκτείνεται</strong></span> <span class='ocrx_word' id='word_1_408' title='bbox 995 4930 1078 4994; x_wconf 82' lang='grc' dir='ltr'><strong>Μ,</strong></span> <span class='ocrx_word' id='word_1_409' title='bbox 1098 4927 1189 4983; x_wconf 85' lang='lat' dir='ltr'><strong>sed</strong></span> <span class='ocrx_word' id='word_1_410' title='bbox 1210 4930 1266 4981; x_wconf 89' lang='lat' dir='ltr'><strong>in</strong></span> <span class='ocrx_word' id='word_1_411' title='bbox 1291 4946 1456 4998; x_wconf 81' lang='lat' dir='ltr'><strong>marg.</strong></span> <span class='ocrx_word' id='word_1_412' title='bbox 1476 4928 1689 4982; x_wconf 72' lang='grc' dir='ltr'><strong>ἕλκεται.</strong></span> <span class='ocrx_word' id='word_1_413' title='bbox 1720 4926 1743 4994; x_wconf 87' lang='grc' dir='ltr'><strong>ΙΙ</strong></span> <span class='ocrx_word' id='word_1_414' title='bbox 1760 4955 1833 4968; x_wconf 84' lang='lat'>-</span> <span class='ocrx_word' id='word_1_415' title='bbox 1847 4928 1930 4979; x_wconf 85' lang='lat'><strong>16.</strong></span> <span class='ocrx_word' id='word_1_416' title='bbox 1954 4923 2146 4997; x_wconf 75' lang='grc' dir='ltr'><strong>ἐγένετο</strong></span> <span class='ocrx_word' id='word_1_417' title='bbox 2160 4941 2271 4978; x_wconf 83' lang='lat' dir='ltr'><strong>om.</strong></span> 
     </span>
     <span class='ocr_line' id='line_1_51' title="bbox 706 5001 2271 5079; baseline -0.004 -18"><span class='ocrx_word' id='word_1_418' title='bbox 706 5007 750 5061; x_wconf 85' lang='lat' dir='ltr'><strong>d</strong></span> <span class='ocrx_word' id='word_1_419' title='bbox 768 5009 969 5063; x_wconf 88' lang='lat' dir='ltr'><strong>Bernh.</strong></span> <span class='ocrx_word' id='word_1_420' title='bbox 1008 5009 1030 5079; x_wconf 85' lang='grc' dir='ltr'><strong>ΙΙ</strong></span> <span class='ocrx_word' id='word_1_421' title='bbox 1052 5039 1123 5050; x_wconf 92' lang='grc'>-</span> <span class='ocrx_word' id='word_1_422' title='bbox 1143 5024 1233 5064; x_wconf 86' lang='grc'><strong>20.</strong></span> <span class='ocrx_word' id='word_1_423' title='bbox 1261 5009 1452 5077; x_wconf 76' lang='grc' dir='ltr'><strong>Ταῦρος</strong></span> <span class='ocrx_word' id='word_1_424' title='bbox 1487 5006 1515 5059; x_wconf 82' lang='grc' dir='ltr'>ὁ</span> <span class='ocrx_word' id='word_1_425' title='bbox 1546 5015 1649 5060; x_wconf 88' lang='lat' dir='ltr'><strong>etc.</strong></span> <span class='ocrx_word' id='word_1_426' title='bbox 1684 5003 1861 5075; x_wconf 75' lang='lat' dir='ltr'><strong>GNdy,</strong></span> <span class='ocrx_word' id='word_1_427' title='bbox 1907 5005 2005 5057; x_wconf 85' lang='lat' dir='ltr'><strong>nisi</strong></span> <span class='ocrx_word' id='word_1_428' title='bbox 2034 5001 2180 5075; x_wconf 89' lang='lat' dir='ltr'><strong>quod</strong></span> <span class='ocrx_word' id='word_1_429' title='bbox 2216 5003 2271 5055; x_wconf 90' lang='lat' dir='ltr'><strong>in</strong></span> 
     </span>
     <span class='ocr_line' id='line_1_52' title="bbox 704 5081 2267 5158; baseline -0.005 -14"><span class='ocrx_word' id='word_1_430' title='bbox 704 5091 767 5144; x_wconf 88' lang='grc' dir='ltr'><em>Ν</em></span> <span class='ocrx_word' id='word_1_431' title='bbox 786 5105 898 5142; x_wconf 87' lang='lat' dir='ltr'><strong>om.</strong></span> <span class='ocrx_word' id='word_1_432' title='bbox 924 5087 1165 5158; x_wconf 68' lang='grc' dir='ltr'><strong>βασιλεύς,</strong></span> <span class='ocrx_word' id='word_1_433' title='bbox 1186 5097 1239 5140; x_wconf 86' lang='lat' dir='ltr'><strong>et</strong></span> <span class='ocrx_word' id='word_1_434' title='bbox 1265 5087 1320 5140; x_wconf 83' lang='lat' dir='ltr'><strong>in</strong></span> <span class='ocrx_word' id='word_1_435' title='bbox 1344 5089 1385 5141; x_wconf 88' lang='lat' dir='ltr'><em>C</em></span> <span class='ocrx_word' id='word_1_436' title='bbox 1404 5085 1592 5157; x_wconf 76' lang='lat' dir='ltr'><strong>legitur</strong></span> <span class='ocrx_word' id='word_1_437' title='bbox 1615 5084 1646 5138; x_wconf 77' lang='grc' dir='ltr'><strong>ὁ</strong></span> <span class='ocrx_word' id='word_1_438' title='bbox 1665 5083 1850 5153; x_wconf 69' lang='grc' dir='ltr'><strong>Ταῦρος</strong></span> <span class='ocrx_word' id='word_1_439' title='bbox 1869 5085 1984 5149; x_wconf 81' lang='grc' dir='ltr'><strong>τῆς;</strong></span> <span class='ocrx_word' id='word_1_440' title='bbox 2014 5082 2044 5136; x_wconf 83' lang='grc' dir='ltr'>ὁ</span> <span class='ocrx_word' id='word_1_441' title='bbox 2066 5084 2153 5148; x_wconf 78' lang='grc' dir='ltr'><strong>τῆς</strong></span> <span class='ocrx_word' id='word_1_442' title='bbox 2180 5081 2267 5152; x_wconf 77' lang='lat' dir='ltr'><strong>Rp.</strong></span> 
     </span>
     <span class='ocr_line' id='line_1_53' title="bbox 706 5159 2270 5238; baseline -0.006 -18"><span class='ocrx_word' id='word_1_443' title='bbox 706 5167 757 5236; x_wconf 85' lang='grc' dir='ltr'><strong>β.</strong></span> <span class='ocrx_word' id='word_1_444' title='bbox 786 5166 974 5238; x_wconf 75' lang='grc' dir='ltr'><strong>Ταῦρος</strong></span> <span class='ocrx_word' id='word_1_445' title='bbox 994 5176 1123 5223; x_wconf 88' lang='lat' dir='ltr'><strong>cett.</strong></span> <span class='ocrx_word' id='word_1_446' title='bbox 1155 5167 1177 5236; x_wconf 78' lang='grc' dir='ltr'><strong>ΙΙ</strong></span> <span class='ocrx_word' id='word_1_447' title='bbox 1208 5195 1280 5208; x_wconf 92' lang='grc'>-</span> <span class='ocrx_word' id='word_1_448' title='bbox 1306 5181 1395 5219; x_wconf 66' lang='grc'><strong>21.</strong></span> <span class='ocrx_word' id='word_1_449' title='bbox 1424 5163 1737 5235; x_wconf 74' lang='grc' dir='ltr'><strong>Σημείωσαι]</strong></span> <span class='ocrx_word' id='word_1_450' title='bbox 1764 5159 1945 5214; x_wconf 63' lang='lat' dir='ltr'><strong>’lodov</strong></span> <span class='ocrx_word' id='word_1_451' title='bbox 1972 5163 2055 5224; x_wconf 60' lang='grc' dir='ltr'><strong>ἒς</strong></span> <span class='ocrx_word' id='word_1_452' title='bbox 2078 5159 2132 5213; x_wconf 74' lang='grc' dir='ltr'><strong>δὲ</strong></span> <span class='ocrx_word' id='word_1_453' title='bbox 2158 5177 2270 5213; x_wconf 90' lang='lat' dir='ltr'><strong>om.</strong></span> 
     </span>
     <span class='ocr_line' id='line_1_54' title="bbox 702 5235 2271 5316; baseline -0.006 -16"><span class='ocrx_word' id='word_1_454' title='bbox 702 5242 815 5300; x_wconf 78' lang='lat' dir='ltr'><strong>Ed.</strong></span> <span class='ocrx_word' id='word_1_455' title='bbox 863 5245 887 5316; x_wconf 81' lang='grc' dir='ltr'><strong>ΙΙ</strong></span> <span class='ocrx_word' id='word_1_456' title='bbox 925 5273 1001 5287; x_wconf 94' lang='grc'>-</span> <span class='ocrx_word' id='word_1_457' title='bbox 1036 5259 1125 5300; x_wconf 86' lang='grc'><strong>22.</strong></span> <span class='ocrx_word' id='word_1_458' title='bbox 1165 5242 1325 5315; x_wconf 71' lang='grc' dir='ltr'><strong>ἐστὶν]</strong></span> <span class='ocrx_word' id='word_1_459' title='bbox 1376 5237 1435 5312; x_wconf 74' lang='grc' dir='ltr'><strong>ἦν</strong></span> <span class='ocrx_word' id='word_1_460' title='bbox 1484 5245 1553 5305; x_wconf 86' lang='lat' dir='ltr'><strong>L,·</strong></span> <span class='ocrx_word' id='word_1_461' title='bbox 1581 5239 1737 5312; x_wconf 71' lang='grc' dir='ltr'><strong>κατὰ]</strong></span> <span class='ocrx_word' id='word_1_462' title='bbox 1769 5235 1898 5310; x_wconf 66' lang='grc' dir='ltr'><strong>παρὰ</strong></span> <span class='ocrx_word' id='word_1_463' title='bbox 1945 5241 1998 5294; x_wconf 83' lang='lat' dir='ltr'><strong>C.</strong></span> <span class='ocrx_word' id='word_1_464' title='bbox 2038 5237 2271 5292; x_wconf 79' lang='lat' dir='ltr'><strong>Ubinam</strong></span> 
     </span>
    </p>
   </div>
   <div class='ocr_carea' id='block_1_6' title="bbox 2377 701 3954 1983">
    <p class='ocr_par' dir='ltr' id='par_1_16' title="bbox 2385 701 3949 961">
     <span class='ocr_line' id='line_1_55' title="bbox 2387 701 3946 783; baseline 0.011 -30"><span class='ocrx_word' id='word_1_465' title='bbox 2387 701 2504 754; x_wconf 81' lang='lat' dir='ltr'><strong>Jam</strong></span> <span class='ocrx_word' id='word_1_466' title='bbox 2529 701 2680 756; x_wconf 87' lang='lat' dir='ltr'><strong>initio</strong></span> <span class='ocrx_word' id='word_1_467' title='bbox 2702 703 2933 758; x_wconf 80' lang='lat' dir='ltr'><strong>diximus</strong></span> <span class='ocrx_word' id='word_1_468' title='bbox 2958 707 3275 778; x_wconf 82' lang='lat' dir='ltr'><strong>Dionysium</strong></span> <span class='ocrx_word' id='word_1_469' title='bbox 3319 711 3702 783; x_wconf 73' lang='lat' dir='ltr'><strong>perspicuitatis</strong></span> <span class='ocrx_word' id='word_1_470' title='bbox 3743 712 3946 771; x_wconf 87' lang='lat' dir='ltr'><strong>studio·</strong></span> 
     </span>
     <span class='ocr_line' id='line_1_56' title="bbox 2387 785 3949 873; baseline 0.012 -34"><span class='ocrx_word' id='word_1_471' title='bbox 2387 785 2650 843; x_wconf 72' lang='lat' dir='ltr'><strong>sissinium</strong></span> <span class='ocrx_word' id='word_1_472' title='bbox 2690 789 2870 846; x_wconf 88' lang='lat' dir='ltr'><strong>multis</strong></span> <span class='ocrx_word' id='word_1_473' title='bbox 2894 791 2970 845; x_wconf 84' lang='lat' dir='ltr'><strong>nti</strong></span> <span class='ocrx_word' id='word_1_474' title='bbox 2993 802 3046 847; x_wconf 88' lang='lat' dir='ltr'><strong>et</strong></span> <span class='ocrx_word' id='word_1_475' title='bbox 3071 793 3464 865; x_wconf 75' lang='lat' dir='ltr'><strong>complementis</strong></span> <span class='ocrx_word' id='word_1_476' title='bbox 3489 808 3545 853; x_wconf 86' lang='lat' dir='ltr'><strong>et</strong></span> <span class='ocrx_word' id='word_1_477' title='bbox 3566 801 3949 873; x_wconf 81' lang='lat' dir='ltr'><strong>proexpositio·</strong></span> 
     </span>
     <span class='ocr_line' id='line_1_57' title="bbox 2385 875 3852 961; baseline 0.012 -33"><span class='ocrx_word' id='word_1_478' title='bbox 2385 875 2540 930; x_wconf 85' lang='lat' dir='ltr'><strong>nibus</strong></span> <span class='ocrx_word' id='word_1_479' title='bbox 2566 877 2784 950; x_wconf 86' lang='lat' dir='ltr'><strong>aliisque</strong></span> <span class='ocrx_word' id='word_1_480' title='bbox 2803 878 2984 952; x_wconf 79' lang='lat' dir='ltr'><strong>liguris</strong></span> <span class='ocrx_word' id='word_1_481' title='bbox 3009 881 3202 953; x_wconf 85' lang='lat' dir='ltr'><strong>quibus</strong></span> <span class='ocrx_word' id='word_1_482' title='bbox 3219 901 3393 938; x_wconf 79' lang='lat' dir='ltr'><strong>sermo</strong></span> <span class='ocrx_word' id='word_1_483' title='bbox 3415 884 3506 941; x_wconf 83' lang='lat' dir='ltr'><strong>fiat</strong></span> <span class='ocrx_word' id='word_1_484' title='bbox 3529 889 3852 961; x_wconf 69' lang='lat' dir='ltr'><strong>perspicuus.</strong></span> 
     </span>
    </p>

    <p class='ocr_par' dir='ltr' id='par_1_17' title="bbox 2377 965 3954 1983">
     <span class='ocr_line' id='line_1_58' title="bbox 2457 965 3949 1040; baseline 0.011 -24"><span class='ocrx_word' id='word_1_485' title='bbox 2457 967 2580 1035; x_wconf 83' lang='lat'><strong>267.</strong></span> <span class='ocrx_word' id='word_1_486' title='bbox 2617 965 2851 1020; x_wconf 84' lang='lat' dir='ltr'><strong>Tritonis</strong></span> <span class='ocrx_word' id='word_1_487' title='bbox 2891 965 2994 1020; x_wconf 81' lang='lat' dir='ltr'><strong>lata</strong></span> <span class='ocrx_word' id='word_1_488' title='bbox 3043 967 3193 1040; x_wconf 84' lang='lat' dir='ltr'><strong>palus</strong></span> <span class='ocrx_word' id='word_1_489' title='bbox 3243 969 3436 1026; x_wconf 72' lang='lat' dir='ltr'><strong>Africae</strong></span> <span class='ocrx_word' id='word_1_490' title='bbox 3475 971 3532 1027; x_wconf 88' lang='lat' dir='ltr'><strong>in</strong></span> <span class='ocrx_word' id='word_1_491' title='bbox 3567 972 3744 1030; x_wconf 86' lang='lat' dir='ltr'><strong>medio</strong></span> <span class='ocrx_word' id='word_1_492' title='bbox 3786 976 3949 1032; x_wconf 86' lang='lat' dir='ltr'><strong>trahi·</strong></span> 
     </span>
     <span class='ocr_line' id='line_1_59' title="bbox 2385 1051 3954 1127; baseline 0.01 -24"><span class='ocrx_word' id='word_1_493' title='bbox 2385 1060 2497 1117; x_wconf 72' lang='lat' dir='ltr'><strong>tut-3</strong></span> <span class='ocrx_word' id='word_1_494' title='bbox 2525 1068 2630 1123; x_wconf 85' lang='lat' dir='ltr'><strong>qua</strong></span> <span class='ocrx_word' id='word_1_495' title='bbox 2668 1051 2728 1106; x_wconf 88' lang='lat' dir='ltr'><strong>in</strong></span> <span class='ocrx_word' id='word_1_496' title='bbox 2769 1051 2960 1125; x_wconf 86' lang='lat' dir='ltr'><strong>palude</strong></span> <span class='ocrx_word' id='word_1_497' title='bbox 2983 1071 3198 1127; x_wconf 78' lang='lat' dir='ltr'><strong>parvam</strong></span> <span class='ocrx_word' id='word_1_498' title='bbox 3233 1073 3345 1111; x_wconf 83' lang='lat' dir='ltr'><strong>esse</strong></span> <span class='ocrx_word' id='word_1_499' title='bbox 3371 1056 3594 1114; x_wconf 74' lang='lat' dir='ltr'><strong>insulam</strong></span> <span class='ocrx_word' id='word_1_500' title='bbox 3633 1078 3954 1119; x_wconf 88' lang='lat' dir='ltr'><strong>commemo·</strong></span> 
     </span>
     <span class='ocr_line' id='line_1_60' title="bbox 2383 1136 3949 1212; baseline 0.008 -20"><span class='ocrx_word' id='word_1_501' title='bbox 2383 1146 2520 1192; x_wconf 86' lang='lat' dir='ltr'><strong>rant.</strong></span> <span class='ocrx_word' id='word_1_502' title='bbox 2596 1136 2680 1193; x_wconf 78' lang='lat' dir='ltr'><strong>Ab</strong></span> <span class='ocrx_word' id='word_1_503' title='bbox 2707 1138 2806 1192; x_wconf 84' lang='lat' dir='ltr'><strong>bac</strong></span> <span class='ocrx_word' id='word_1_504' title='bbox 2826 1138 3015 1212; x_wconf 86' lang='lat' dir='ltr'><strong>palude</strong></span> <span class='ocrx_word' id='word_1_505' title='bbox 3041 1141 3154 1196; x_wconf 85' lang='lat' dir='ltr'><strong>vult</strong></span> <span class='ocrx_word' id='word_1_506' title='bbox 3175 1140 3349 1198; x_wconf 71' lang='lat' dir='ltr'><strong>sabula</strong></span> <span class='ocrx_word' id='word_1_507' title='bbox 3382 1144 3676 1200; x_wconf 81' lang='lat' dir='ltr'><strong>Minervam</strong></span> <span class='ocrx_word' id='word_1_508' title='bbox 3709 1145 3949 1204; x_wconf 87' lang='lat' dir='ltr'><strong>denomi-</strong></span> 
     </span>
     <span class='ocr_line' id='line_1_61' title="bbox 2383 1225 3952 1306; baseline 0.01 -29"><span class='ocrx_word' id='word_1_509' title='bbox 2383 1235 2558 1279; x_wconf 83' lang='lat' dir='ltr'><strong>natam</strong></span> <span class='ocrx_word' id='word_1_510' title='bbox 2587 1225 2744 1282; x_wconf 80' lang='lat' dir='ltr'><strong>fuisse</strong></span> <span class='ocrx_word' id='word_1_511' title='bbox 2769 1228 3124 1300; x_wconf 73' lang='lat' dir='ltr'><strong>Tritogeniam</strong></span> <span class='ocrx_word' id='word_1_512' title='bbox 3141 1269 3158 1296; x_wconf 95' lang='lat'><strong>,</strong></span> <span class='ocrx_word' id='word_1_513' title='bbox 3182 1233 3330 1303; x_wconf 86' lang='lat' dir='ltr'><strong>quasi</strong></span> <span class='ocrx_word' id='word_1_514' title='bbox 3365 1232 3440 1287; x_wconf 87' lang='lat' dir='ltr'><strong>ibi</strong></span> <span class='ocrx_word' id='word_1_515' title='bbox 3467 1234 3717 1304; x_wconf 74' lang='lat' dir='ltr'><strong>genitam.</strong></span> <span class='ocrx_word' id='word_1_516' title='bbox 3771 1239 3952 1306; x_wconf 84' lang='lat' dir='ltr'><strong>Quare</strong></span> 
     </span>
     <span class='ocr_line' id='line_1_62' title="bbox 2383 1311 3953 1388; baseline 0.01 -24"><span class='ocrx_word' id='word_1_517' title='bbox 2383 1311 2538 1365; x_wconf 87' lang='lat' dir='ltr'><strong>etiam</strong></span> <span class='ocrx_word' id='word_1_518' title='bbox 2565 1313 2857 1368; x_wconf 78' lang='lat' dir='ltr'><strong>Tritonidis</strong></span> <span class='ocrx_word' id='word_1_519' title='bbox 2884 1314 3088 1388; x_wconf 72' lang='lat' dir='ltr'><strong>paludis</strong></span> <span class='ocrx_word' id='word_1_520' title='bbox 3117 1315 3306 1374; x_wconf 77' lang='lat' dir='ltr'><strong>accolae</strong></span> <span class='ocrx_word' id='word_1_521' title='bbox 3335 1320 3588 1374; x_wconf 77' lang='lat' dir='ltr'><strong>Minervae</strong></span> <span class='ocrx_word' id='word_1_522' title='bbox 3616 1323 3843 1377; x_wconf 81' lang='lat' dir='ltr'><strong>maxime</strong></span> <span class='ocrx_word' id='word_1_523' title='bbox 3869 1341 3953 1379; x_wconf 81' lang='lat' dir='ltr'><strong>sa·</strong></span> 
     </span>
     <span class='ocr_line' id='line_1_63' title="bbox 2381 1399 3947 1484; baseline 0.01 -32"><span class='ocrx_word' id='word_1_524' title='bbox 2381 1399 2645 1463; x_wconf 79' lang='lat' dir='ltr'><strong>crificant,</strong></span> <span class='ocrx_word' id='word_1_525' title='bbox 2670 1413 2732 1457; x_wconf 89' lang='lat' dir='ltr'><strong>ut</strong></span> <span class='ocrx_word' id='word_1_526' title='bbox 2754 1403 2913 1458; x_wconf 79' lang='lat' dir='ltr'><strong>tradit</strong></span> <span class='ocrx_word' id='word_1_527' title='bbox 2933 1405 3272 1480; x_wconf 82' lang='lat' dir='ltr'><strong>Herodotus(</strong></span> <span class='ocrx_word' id='word_1_528' title='bbox 3292 1412 3346 1475; x_wconf 90' lang='grc'><strong>4,</strong></span> <span class='ocrx_word' id='word_1_529' title='bbox 3379 1411 3501 1478; x_wconf 83' lang='lat'><strong>178.</strong></span> <span class='ocrx_word' id='word_1_530' title='bbox 3537 1411 3698 1484; x_wconf 84' lang='lat'>180).</span> <span class='ocrx_word' id='word_1_531' title='bbox 3731 1413 3822 1483; x_wconf 89' lang='lat' dir='ltr'><strong>qui</strong></span> <span class='ocrx_word' id='word_1_532' title='bbox 3847 1411 3947 1467; x_wconf 84' lang='lat' dir='ltr'><strong>flu-</strong></span> 
     </span>
     <span class='ocr_line' id='line_1_64' title="bbox 2382 1489 3948 1572; baseline 0.01 -32"><span class='ocrx_word' id='word_1_533' title='bbox 2382 1489 2526 1542; x_wconf 85' lang='lat' dir='ltr'><strong>vium</strong></span> <span class='ocrx_word' id='word_1_534' title='bbox 2551 1491 2711 1544; x_wconf 85' lang='lat' dir='ltr'><strong>etiam</strong></span> <span class='ocrx_word' id='word_1_535' title='bbox 2753 1509 3022 1561; x_wconf 77' lang='lat' dir='ltr'><strong>magnum,</strong></span> <span class='ocrx_word' id='word_1_536' title='bbox 3049 1494 3324 1549; x_wconf 74' lang='lat' dir='ltr'><strong>Tritonem</strong></span> <span class='ocrx_word' id='word_1_537' title='bbox 3349 1497 3585 1562; x_wconf 85' lang='lat' dir='ltr'><strong>nomine,</strong></span> <span class='ocrx_word' id='word_1_538' title='bbox 3609 1499 3668 1552; x_wconf 90' lang='lat' dir='ltr'><strong>in</strong></span> <span class='ocrx_word' id='word_1_539' title='bbox 3701 1498 3948 1572; x_wconf 75' lang='lat' dir='ltr'><strong>paludem</strong></span> 
     </span>
     <span class='ocr_line' id='line_1_65' title="bbox 2381 1573 3948 1646; baseline 0.01 -20"><span class='ocrx_word' id='word_1_540' title='bbox 2381 1573 2516 1628; x_wconf 83' lang='lat' dir='ltr'><strong>hanc</strong></span> <span class='ocrx_word' id='word_1_541' title='bbox 2541 1593 2785 1646; x_wconf 73' lang='lat' dir='ltr'><strong>magnam</strong></span> <span class='ocrx_word' id='word_1_542' title='bbox 2819 1579 2894 1631; x_wconf 86' lang='lat' dir='ltr'><strong>ait</strong></span> <span class='ocrx_word' id='word_1_543' title='bbox 2925 1578 3166 1634; x_wconf 78' lang='lat' dir='ltr'><strong>influere.</strong></span> <span class='ocrx_word' id='word_1_544' title='bbox 3239 1578 3388 1635; x_wconf 86' lang='lat' dir='ltr'><strong>Idem</strong></span> <span class='ocrx_word' id='word_1_545' title='bbox 3433 1581 3593 1637; x_wconf 82' lang='lat' dir='ltr'><strong>refert</strong></span> <span class='ocrx_word' id='word_1_546' title='bbox 3631 1583 3832 1640; x_wconf 78' lang='lat' dir='ltr'><strong>accolas</strong></span> <span class='ocrx_word' id='word_1_547' title='bbox 3872 1586 3948 1641; x_wconf 82' lang='lat' dir='ltr'><strong>ibi</strong></span> 
     </span>
     <span class='ocr_line' id='line_1_66' title="bbox 2379 1661 3942 1747; baseline 0.008 -32"><span class='ocrx_word' id='word_1_548' title='bbox 2379 1661 2620 1718; x_wconf 79' lang='lat' dir='ltr'><strong>dictitare</strong></span> <span class='ocrx_word' id='word_1_549' title='bbox 2659 1665 2951 1720; x_wconf 80' lang='lat' dir='ltr'><strong>Minervam</strong></span> <span class='ocrx_word' id='word_1_550' title='bbox 2973 1667 3264 1722; x_wconf 79' lang='lat' dir='ltr'><strong>Tritonidis</strong></span> <span class='ocrx_word' id='word_1_551' title='bbox 3297 1668 3457 1741; x_wconf 85' lang='lat' dir='ltr'><strong>hujus</strong></span> <span class='ocrx_word' id='word_1_552' title='bbox 3479 1670 3683 1744; x_wconf 78' lang='lat' dir='ltr'><strong>paludis</strong></span> <span class='ocrx_word' id='word_1_553' title='bbox 3714 1683 3770 1727; x_wconf 90' lang='lat' dir='ltr'><strong>et</strong></span> <span class='ocrx_word' id='word_1_554' title='bbox 3798 1675 3942 1747; x_wconf 87' lang='lat' dir='ltr'><strong>Nep·</strong></span> 
     </span>
     <span class='ocr_line' id='line_1_67' title="bbox 2384 1749 3947 1832; baseline 0.008 -31"><span class='ocrx_word' id='word_1_555' title='bbox 2384 1749 2496 1802; x_wconf 85' lang='lat' dir='ltr'><strong>tuni</strong></span> <span class='ocrx_word' id='word_1_556' title='bbox 2525 1765 2637 1804; x_wconf 81' lang='lat' dir='ltr'><strong>esse</strong></span> <span class='ocrx_word' id='word_1_557' title='bbox 2657 1749 2850 1819; x_wconf 73' lang='lat' dir='ltr'><strong>filiam,</strong></span> <span class='ocrx_word' id='word_1_558' title='bbox 2879 1751 3114 1824; x_wconf 86' lang='lat' dir='ltr'><strong>itemque</strong></span> <span class='ocrx_word' id='word_1_559' title='bbox 3143 1755 3468 1820; x_wconf 78' lang='lat' dir='ltr'><strong>Minervam,</strong></span> <span class='ocrx_word' id='word_1_560' title='bbox 3506 1774 3673 1829; x_wconf 86' lang='lat' dir='ltr'><strong>quum</strong></span> <span class='ocrx_word' id='word_1_561' title='bbox 3709 1757 3779 1812; x_wconf 89' lang='lat' dir='ltr'><strong>de</strong></span> <span class='ocrx_word' id='word_1_562' title='bbox 3805 1762 3947 1832; x_wconf 89' lang='lat' dir='ltr'><strong>Nep-</strong></span> 
     </span>
     <span class='ocr_line' id='line_1_68' title="bbox 2381 1840 3946 1917; baseline 0.007 -27"><span class='ocrx_word' id='word_1_563' title='bbox 2381 1845 2512 1891; x_wconf 86' lang='lat' dir='ltr'><strong>tuno</strong></span> <span class='ocrx_word' id='word_1_564' title='bbox 2533 1849 2684 1909; x_wconf 88' lang='lat' dir='ltr'><strong>patre</strong></span> <span class='ocrx_word' id='word_1_565' title='bbox 2701 1849 3130 1911; x_wconf 84' lang='lat' dir='ltr'><strong>conquereretur,</strong></span> <span class='ocrx_word' id='word_1_566' title='bbox 3157 1840 3453 1914; x_wconf 79' lang='lat' dir='ltr'><strong>adoptatam</strong></span> <span class='ocrx_word' id='word_1_567' title='bbox 3473 1843 3541 1898; x_wconf 83' lang='lat' dir='ltr'><strong>ab</strong></span> <span class='ocrx_word' id='word_1_568' title='bbox 3562 1845 3695 1898; x_wconf 82' lang='lat' dir='ltr'><strong>Jove</strong></span> <span class='ocrx_word' id='word_1_569' title='bbox 3716 1861 3818 1917; x_wconf 89' lang='lat' dir='ltr'><strong>pro</strong></span> <span class='ocrx_word' id='word_1_570' title='bbox 3841 1846 3946 1903; x_wconf 83' lang='lat' dir='ltr'><strong>filia</strong></span> 
     </span>
     <span class='ocr_line' id='line_1_69' title="bbox 2377 1922 3377 1983; baseline 0.009 -9"><span class='ocrx_word' id='word_1_571' title='bbox 2377 1922 2485 1976; x_wconf 84' lang='lat' dir='ltr'><strong>sive</strong></span> <span class='ocrx_word' id='word_1_572' title='bbox 2506 1924 2562 1977; x_wconf 88' lang='lat' dir='ltr'><strong>in</strong></span> <span class='ocrx_word' id='word_1_573' title='bbox 2585 1923 2703 1978; x_wconf 78' lang='lat' dir='ltr'><strong>fitiae</strong></span> <span class='ocrx_word' id='word_1_574' title='bbox 2729 1923 2904 1981; x_wconf 86' lang='lat' dir='ltr'><strong>locum</strong></span> <span class='ocrx_word' id='word_1_575' title='bbox 2924 1923 3173 1981; x_wconf 74' lang='lat' dir='ltr'><strong>adscitam</strong></span> <span class='ocrx_word' id='word_1_576' title='bbox 3201 1926 3377 1983; x_wconf 74' lang='lat' dir='ltr'><strong>fuisse.</strong></span> 
     </span>
    </p>
   </div>
   <div class='ocr_carea' id='block_1_7' title="bbox 2360 2014 3946 4654">
    <p class='ocr_par' dir='ltr' id='par_1_18' title="bbox 2360 2014 3946 4654">
     <span class='ocr_line' id='line_1_70' title="bbox 2446 2014 3942 2094; baseline 0.007 -29"><span class='ocrx_word' id='word_1_577' title='bbox 2446 2027 2570 2080; x_wconf 82' lang='grc'><strong>270.</strong></span> <span class='ocrx_word' id='word_1_578' title='bbox 2601 2014 2816 2085; x_wconf 85' lang='lat' dir='ltr'><strong>Europa</strong></span> <span class='ocrx_word' id='word_1_579' title='bbox 2839 2014 2985 2085; x_wconf 75' lang='lat' dir='ltr'><strong>regio</strong></span> <span class='ocrx_word' id='word_1_580' title='bbox 3005 2031 3200 2070; x_wconf 87' lang='lat' dir='ltr'><strong>nomen</strong></span> <span class='ocrx_word' id='word_1_581' title='bbox 3224 2015 3382 2070; x_wconf 84' lang='lat' dir='ltr'><strong>habet</strong></span> <span class='ocrx_word' id='word_1_582' title='bbox 3401 2016 3468 2071; x_wconf 84' lang='lat' dir='ltr'><strong>ah</strong></span> <span class='ocrx_word' id='word_1_583' title='bbox 3487 2015 3726 2090; x_wconf 84' lang='lat' dir='ltr'><strong>Europa&#39;,</strong></span> <span class='ocrx_word' id='word_1_584' title='bbox 3751 2030 3812 2075; x_wconf 89' lang='lat' dir='ltr'><strong>ut</strong></span> <span class='ocrx_word' id='word_1_585' title='bbox 3837 2022 3942 2094; x_wconf 72' lang='lat' dir='ltr'><strong>Ly·</strong></span> 
     </span>
     <span class='ocr_line' id='line_1_71' title="bbox 2376 2095 3944 2175; baseline 0.008 -27"><span class='ocrx_word' id='word_1_586' title='bbox 2376 2095 2612 2168; x_wconf 86' lang='lat' dir='ltr'><strong>cophron</strong></span> <span class='ocrx_word' id='word_1_587' title='bbox 2638 2095 2842 2171; x_wconf 80' lang='lat'><strong>(1398)</strong></span> <span class='ocrx_word' id='word_1_588' title='bbox 2871 2100 3030 2154; x_wconf 86' lang='lat' dir='ltr'><strong>etiam</strong></span> <span class='ocrx_word' id='word_1_589' title='bbox 3054 2099 3313 2171; x_wconf 78' lang='lat' dir='ltr'><strong>affirmat3</strong></span> <span class='ocrx_word' id='word_1_590' title='bbox 3341 2100 3493 2175; x_wconf 81' lang='lat' dir='ltr'><strong>cujus</strong></span> <span class='ocrx_word' id='word_1_591' title='bbox 3523 2101 3662 2159; x_wconf 82' lang='lat' dir='ltr'><strong>filius</strong></span> <span class='ocrx_word' id='word_1_592' title='bbox 3692 2104 3795 2159; x_wconf 76' lang='lat' dir='ltr'><strong>suit</strong></span> <span class='ocrx_word' id='word_1_593' title='bbox 3821 2108 3944 2162; x_wconf 80' lang='lat' dir='ltr'><strong>Sar-</strong></span> 
     </span>
     <span class='ocr_line' id='line_1_72' title="bbox 2373 2178 3945 2260; baseline 0.008 -26"><span class='ocrx_word' id='word_1_594' title='bbox 2373 2178 2546 2250; x_wconf 82' lang='lat' dir='ltr'><strong>pedon</strong></span> <span class='ocrx_word' id='word_1_595' title='bbox 2561 2219 2578 2247; x_wconf 96' lang='lat'><strong>,</strong></span> <span class='ocrx_word' id='word_1_596' title='bbox 2607 2191 2669 2236; x_wconf 86' lang='lat' dir='ltr'><strong>ut</strong></span> <span class='ocrx_word' id='word_1_597' title='bbox 2689 2193 2866 2237; x_wconf 84' lang='lat' dir='ltr'><strong>narrat</strong></span> <span class='ocrx_word' id='word_1_598' title='bbox 2890 2183 3170 2256; x_wconf 82' lang='lat' dir='ltr'><strong>Euripides</strong></span> <span class='ocrx_word' id='word_1_599' title='bbox 3196 2185 3252 2239; x_wconf 90' lang='lat' dir='ltr'><strong>in</strong></span> <span class='ocrx_word' id='word_1_600' title='bbox 3277 2185 3450 2241; x_wconf 84' lang='lat' dir='ltr'><strong>Rheso</strong></span> <span class='ocrx_word' id='word_1_601' title='bbox 3477 2186 3638 2260; x_wconf 86' lang='grc'><strong>(29).</strong></span> <span class='ocrx_word' id='word_1_602' title='bbox 3679 2188 3808 2244; x_wconf 75' lang='lat' dir='ltr'><strong>Filia</strong></span> <span class='ocrx_word' id='word_1_603' title='bbox 3832 2190 3945 2246; x_wconf 79' lang='lat' dir='ltr'><strong>haec.</strong></span> 
     </span>
     <span class='ocr_line' id='line_1_73' title="bbox 2375 2261 3942 2346; baseline 0.008 -29"><span class='ocrx_word' id='word_1_604' title='bbox 2375 2261 2474 2318; x_wconf 90' lang='lat' dir='ltr'><strong>suit</strong></span> <span class='ocrx_word' id='word_1_605' title='bbox 2498 2267 2786 2336; x_wconf 69' lang='lat' dir='ltr'><strong>Agenoris,</strong></span> <span class='ocrx_word' id='word_1_606' title='bbox 2822 2283 2982 2339; x_wconf 80' lang='lat' dir='ltr'><strong>quam</strong></span> <span class='ocrx_word' id='word_1_607' title='bbox 3008 2267 3208 2323; x_wconf 72' lang='lat' dir='ltr'><strong>Taurus</strong></span> <span class='ocrx_word' id='word_1_608' title='bbox 3231 2287 3326 2324; x_wconf 88' lang='lat' dir='ltr'><strong>rcx</strong></span> <span class='ocrx_word' id='word_1_609' title='bbox 3355 2271 3523 2326; x_wconf 80' lang='lat' dir='ltr'><strong>Cretae</strong></span> <span class='ocrx_word' id='word_1_610' title='bbox 3540 2312 3555 2337; x_wconf 91' lang='lat'><strong>,</strong></span> <span class='ocrx_word' id='word_1_611' title='bbox 3585 2283 3705 2346; x_wconf 82' lang='lat' dir='ltr'><strong>post</strong></span> <span class='ocrx_word' id='word_1_612' title='bbox 3737 2285 3942 2346; x_wconf 70' lang='lat' dir='ltr'><strong>captam</strong></span> 
     </span>
     <span class='ocr_line' id='line_1_74' title="bbox 2374 2348 3941 2424; baseline 0.008 -24"><span class='ocrx_word' id='word_1_613' title='bbox 2374 2348 2540 2404; x_wconf 80' lang='lat' dir='ltr'><strong>navali</strong></span> <span class='ocrx_word' id='word_1_614' title='bbox 2571 2349 2758 2422; x_wconf 82' lang='lat' dir='ltr'><strong>proelio</strong></span> <span class='ocrx_word' id='word_1_615' title='bbox 2781 2351 3003 2423; x_wconf 83' lang='lat' dir='ltr'><strong>Tyrum,</strong></span> <span class='ocrx_word' id='word_1_616' title='bbox 3029 2352 3286 2424; x_wconf 79' lang='lat' dir='ltr'><strong>captivam</strong></span> <span class='ocrx_word' id='word_1_617' title='bbox 3313 2352 3552 2410; x_wconf 79' lang='lat' dir='ltr'><strong>abduxit.</strong></span> <span class='ocrx_word' id='word_1_618' title='bbox 3598 2354 3700 2411; x_wconf 82' lang='lat' dir='ltr'><strong>Sed</strong></span> <span class='ocrx_word' id='word_1_619' title='bbox 3725 2355 3941 2412; x_wconf 70' lang='lat' dir='ltr'><strong>obserm</strong></span> 
     </span>
     <span class='ocr_line' id='line_1_75' title="bbox 2372 2431 3946 2512; baseline 0.005 -26"><span class='ocrx_word' id='word_1_620' title='bbox 2372 2431 2532 2488; x_wconf 80' lang='lat' dir='ltr'><strong>alium</strong></span> <span class='ocrx_word' id='word_1_621' title='bbox 2559 2434 2704 2488; x_wconf 87' lang='lat' dir='ltr'><strong>hunc</strong></span> <span class='ocrx_word' id='word_1_622' title='bbox 2723 2451 2835 2490; x_wconf 83' lang='lat' dir='ltr'><strong>csse</strong></span> <span class='ocrx_word' id='word_1_623' title='bbox 2855 2452 2887 2488; x_wconf 84' lang='lat' dir='ltr'><strong>a</strong></span> <span class='ocrx_word' id='word_1_624' title='bbox 2911 2435 3214 2508; x_wconf 77' lang='lat' dir='ltr'><strong>Sarpedone</strong></span> <span class='ocrx_word' id='word_1_625' title='bbox 3237 2438 3420 2508; x_wconf 74' lang='lat' dir='ltr'><strong>Lycio.</strong></span> <span class='ocrx_word' id='word_1_626' title='bbox 3489 2437 3624 2492; x_wconf 87' lang='lat' dir='ltr'><strong>Nam</strong></span> <span class='ocrx_word' id='word_1_627' title='bbox 3652 2438 3739 2493; x_wconf 87' lang='lat' dir='ltr'><strong>bic</strong></span> <span class='ocrx_word' id='word_1_628' title='bbox 3761 2440 3946 2512; x_wconf 78' lang='lat' dir='ltr'><strong>Sarpe-</strong></span> 
     </span>
     <span class='ocr_line' id='line_1_76' title="bbox 2371 2515 3940 2590; baseline 0.005 -21"><span class='ocrx_word' id='word_1_629' title='bbox 2371 2515 2480 2571; x_wconf 90' lang='lat' dir='ltr'><strong>don</strong></span> <span class='ocrx_word' id='word_1_630' title='bbox 2497 2556 2513 2583; x_wconf 93' lang='lat'><strong>,</strong></span> <span class='ocrx_word' id='word_1_631' title='bbox 2537 2518 2766 2590; x_wconf 68' lang='lat' dir='ltr'><strong>Europe</strong></span> <span class='ocrx_word' id='word_1_632' title='bbox 2781 2555 2798 2583; x_wconf 93' lang='lat'><strong>,</strong></span> <span class='ocrx_word' id='word_1_633' title='bbox 2834 2515 2903 2572; x_wconf 87' lang='lat' dir='ltr'><strong>de</strong></span> <span class='ocrx_word' id='word_1_634' title='bbox 2924 2534 3029 2590; x_wconf 88' lang='lat' dir='ltr'><strong>qua</strong></span> <span class='ocrx_word' id='word_1_635' title='bbox 3051 2516 3283 2573; x_wconf 84' lang='lat' dir='ltr'><strong>diximus</strong></span> <span class='ocrx_word' id='word_1_636' title='bbox 3299 2558 3315 2586; x_wconf 92' lang='lat'><strong>,</strong></span> <span class='ocrx_word' id='word_1_637' title='bbox 3340 2519 3507 2584; x_wconf 82' lang='lat' dir='ltr'><strong>filius,</strong></span> <span class='ocrx_word' id='word_1_638' title='bbox 3542 2519 3704 2576; x_wconf 81' lang='lat' dir='ltr'><strong>frater</strong></span> <span class='ocrx_word' id='word_1_639' title='bbox 3735 2533 3816 2576; x_wconf 80' lang='lat' dir='ltr'><strong>est</strong></span> <span class='ocrx_word' id='word_1_640' title='bbox 3839 2524 3940 2577; x_wconf 79' lang='lat' dir='ltr'><strong>Mi-</strong></span> 
     </span>
     <span class='ocr_line' id='line_1_77' title="bbox 2373 2600 3940 2679; baseline 0.003 -23"><span class='ocrx_word' id='word_1_641' title='bbox 2373 2603 2489 2657; x_wconf 85' lang='lat' dir='ltr'><strong>nois</strong></span> <span class='ocrx_word' id='word_1_642' title='bbox 2535 2609 2590 2656; x_wconf 89' lang='lat' dir='ltr'><strong>et</strong></span> <span class='ocrx_word' id='word_1_643' title='bbox 2655 2601 2830 2668; x_wconf 80' lang='lat' dir='ltr'><strong>AEaci,</strong></span> <span class='ocrx_word' id='word_1_644' title='bbox 2876 2600 3170 2656; x_wconf 74' lang='lat' dir='ltr'><strong>secundum</strong></span> <span class='ocrx_word' id='word_1_645' title='bbox 3211 2603 3528 2673; x_wconf 73' lang='lat' dir='ltr'><strong>Arrianum5</strong></span> <span class='ocrx_word' id='word_1_646' title='bbox 3578 2615 3634 2659; x_wconf 83' lang='lat' dir='ltr'><strong>at</strong></span> <span class='ocrx_word' id='word_1_647' title='bbox 3670 2605 3940 2679; x_wconf 81' lang='lat' dir='ltr'><strong>Sarpedon</strong></span> 
     </span>
     <span class='ocr_line' id='line_1_78' title="bbox 2373 2685 3944 2764; baseline 0.003 -25"><span class='ocrx_word' id='word_1_648' title='bbox 2373 2686 2684 2740; x_wconf 80' lang='lat' dir='ltr'><strong>Homericus</strong></span> <span class='ocrx_word' id='word_1_649' title='bbox 2708 2703 2775 2740; x_wconf 87' lang='lat' dir='ltr'><strong>ex</strong></span> <span class='ocrx_word' id='word_1_650' title='bbox 2801 2687 2989 2758; x_wconf 78' lang='lat' dir='ltr'><strong>Lycia,</strong></span> <span class='ocrx_word' id='word_1_651' title='bbox 3015 2685 3152 2740; x_wconf 88' lang='lat' dir='ltr'><strong>illius</strong></span> <span class='ocrx_word' id='word_1_652' title='bbox 3179 2687 3388 2758; x_wconf 78' lang='lat' dir='ltr'><strong>aequalis</strong></span> <span class='ocrx_word' id='word_1_653' title='bbox 3419 2687 3509 2742; x_wconf 81' lang='lat' dir='ltr'><strong>vix</strong></span> <span class='ocrx_word' id='word_1_654' title='bbox 3534 2687 3713 2748; x_wconf 86' lang='lat' dir='ltr'><strong>suerit.</strong></span> <span class='ocrx_word' id='word_1_655' title='bbox 3811 2692 3944 2764; x_wconf 82' lang='lat' dir='ltr'><strong>Hip·</strong></span> 
     </span>
     <span class='ocr_line' id='line_1_79' title="bbox 2371 2765 3941 2843; baseline 0.004 -23"><span class='ocrx_word' id='word_1_656' title='bbox 2371 2767 2482 2839; x_wconf 87' lang='lat' dir='ltr'><strong>pias</strong></span> <span class='ocrx_word' id='word_1_657' title='bbox 2501 2767 2828 2822; x_wconf 84' lang='lat' dir='ltr'><strong>continentes</strong></span> <span class='ocrx_word' id='word_1_658' title='bbox 2855 2765 2948 2820; x_wconf 82' lang='lat' dir='ltr'><strong>has</strong></span> <span class='ocrx_word' id='word_1_659' title='bbox 2978 2777 3130 2820; x_wconf 79' lang='lat' dir='ltr'><strong>vocat</strong></span> <span class='ocrx_word' id='word_1_660' title='bbox 3147 2765 3216 2821; x_wconf 88' lang='lat' dir='ltr'><strong>ab</strong></span> <span class='ocrx_word' id='word_1_661' title='bbox 3240 2767 3364 2822; x_wconf 80' lang='lat' dir='ltr'><strong>Asia</strong></span> <span class='ocrx_word' id='word_1_662' title='bbox 3389 2778 3443 2822; x_wconf 89' lang='lat' dir='ltr'><strong>et</strong></span> <span class='ocrx_word' id='word_1_663' title='bbox 3474 2769 3708 2843; x_wconf 81' lang='lat' dir='ltr'><strong>Europa,</strong></span> <span class='ocrx_word' id='word_1_664' title='bbox 3734 2769 3941 2827; x_wconf 80' lang='lat' dir='ltr'><strong>filiabus</strong></span> 
     </span>
     <span class='ocr_line' id='line_1_80' title="bbox 2372 2841 3942 2920; baseline 0.002 -20"><span class='ocrx_word' id='word_1_665' title='bbox 2372 2846 2588 2900; x_wconf 82' lang='lat' dir='ltr'><strong>Oceani.</strong></span> <span class='ocrx_word' id='word_1_666' title='bbox 2678 2841 3012 2915; x_wconf 77' lang='lat' dir='ltr'><strong>Quibusdam</strong></span> <span class='ocrx_word' id='word_1_667' title='bbox 3039 2855 3214 2900; x_wconf 88' lang='lat' dir='ltr'><strong>tamen</strong></span> <span class='ocrx_word' id='word_1_668' title='bbox 3244 2863 3353 2900; x_wconf 88' lang='lat' dir='ltr'><strong>non</strong></span> <span class='ocrx_word' id='word_1_669' title='bbox 3397 2846 3564 2920; x_wconf 78' lang='lat' dir='ltr'><strong>placet</strong></span> <span class='ocrx_word' id='word_1_670' title='bbox 3599 2851 3816 2903; x_wconf 89' lang='lat' dir='ltr'><strong>nomina</strong></span> <span class='ocrx_word' id='word_1_671' title='bbox 3859 2849 3942 2904; x_wconf 74' lang='lat' dir='ltr'><strong>liis</strong></span> 
     </span>
     <span class='ocr_line' id='line_1_81' title="bbox 2371 2921 3936 2996; baseline 0.003 -19"><span class='ocrx_word' id='word_1_672' title='bbox 2371 2921 2762 2978; x_wconf 82' lang='lat' dir='ltr'><strong>continentibus</strong></span> <span class='ocrx_word' id='word_1_673' title='bbox 2791 2923 3035 2996; x_wconf 74' lang='lat' dir='ltr'><strong>imposita</strong></span> <span class='ocrx_word' id='word_1_674' title='bbox 3056 2940 3172 2977; x_wconf 85' lang='lat' dir='ltr'><strong>esse</strong></span> <span class='ocrx_word' id='word_1_675' title='bbox 3191 2941 3225 2976; x_wconf 87' lang='lat' dir='ltr'><strong>a</strong></span> <span class='ocrx_word' id='word_1_676' title='bbox 3245 2921 3572 2990; x_wconf 80' lang='lat' dir='ltr'><strong>mulieribus,</strong></span> <span class='ocrx_word' id='word_1_677' title='bbox 3596 2925 3803 2980; x_wconf 85' lang='lat' dir='ltr'><strong>tametsi</strong></span> <span class='ocrx_word' id='word_1_678' title='bbox 3827 2927 3936 2981; x_wconf 83' lang='lat' dir='ltr'><strong>He·</strong></span> 
     </span>
     <span class='ocr_line' id='line_1_82' title="bbox 2372 2999 3938 3073; baseline 0.004 -19"><span class='ocrx_word' id='word_1_679' title='bbox 2372 2999 2591 3054; x_wconf 88' lang='lat' dir='ltr'><strong>rodotus</strong></span> <span class='ocrx_word' id='word_1_680' title='bbox 2631 3003 2718 3068; x_wconf 89' lang='grc'><strong>(4,</strong></span> <span class='ocrx_word' id='word_1_681' title='bbox 2753 2999 2854 3071; x_wconf 81' lang='grc'><strong>45)</strong></span> <span class='ocrx_word' id='word_1_682' title='bbox 2893 2999 3015 3055; x_wconf 82' lang='lat' dir='ltr'><strong>velit</strong></span> <span class='ocrx_word' id='word_1_683' title='bbox 3050 3011 3225 3073; x_wconf 81' lang='lat' dir='ltr'><strong>partes</strong></span> <span class='ocrx_word' id='word_1_684' title='bbox 3251 3010 3356 3055; x_wconf 80' lang='lat' dir='ltr'><strong>tres</strong></span> <span class='ocrx_word' id='word_1_685' title='bbox 3377 2999 3522 3055; x_wconf 88' lang='lat' dir='ltr'><strong>orbis</strong></span> <span class='ocrx_word' id='word_1_686' title='bbox 3544 3011 3805 3058; x_wconf 85' lang='lat' dir='ltr'><strong>terrarum</strong></span> <span class='ocrx_word' id='word_1_687' title='bbox 3841 3022 3938 3060; x_wconf 89' lang='lat' dir='ltr'><strong>no·</strong></span> 
     </span>
     <span class='ocr_line' id='line_1_83' title="bbox 2373 3077 3941 3151; baseline 0.003 -18"><span class='ocrx_word' id='word_1_688' title='bbox 2373 3080 2516 3134; x_wconf 82' lang='lat' dir='ltr'><strong>mina</strong></span> <span class='ocrx_word' id='word_1_689' title='bbox 2542 3097 2574 3133; x_wconf 84' lang='lat' dir='ltr'><strong>a</strong></span> <span class='ocrx_word' id='word_1_690' title='bbox 2614 3077 2922 3134; x_wconf 86' lang='lat' dir='ltr'><strong>mulieribus</strong></span> <span class='ocrx_word' id='word_1_691' title='bbox 2970 3078 3166 3134; x_wconf 89' lang='lat' dir='ltr'><strong>ducere</strong></span> <span class='ocrx_word' id='word_1_692' title='bbox 3179 3118 3197 3146; x_wconf 94' lang='lat'><strong>,</strong></span> <span class='ocrx_word' id='word_1_693' title='bbox 3242 3097 3351 3151; x_wconf 88' lang='lat' dir='ltr'><strong>quo</strong></span> <span class='ocrx_word' id='word_1_694' title='bbox 3389 3079 3493 3134; x_wconf 91' lang='lat' dir='ltr'><strong>loci</strong></span> <span class='ocrx_word' id='word_1_695' title='bbox 3535 3093 3793 3137; x_wconf 76' lang='lat' dir='ltr'><strong>asseverat</strong></span> <span class='ocrx_word' id='word_1_696' title='bbox 3855 3085 3941 3139; x_wconf 91' lang='lat' dir='ltr'><strong>Li-</strong></span> 
     </span>
     <span class='ocr_line' id='line_1_84' title="bbox 2371 3156 3939 3231; baseline 0.004 -21"><span class='ocrx_word' id='word_1_697' title='bbox 2371 3156 2526 3230; x_wconf 80' lang='lat' dir='ltr'><strong>byam</strong></span> <span class='ocrx_word' id='word_1_698' title='bbox 2552 3156 2659 3213; x_wconf 89' lang='lat' dir='ltr'><strong>dici</strong></span> <span class='ocrx_word' id='word_1_699' title='bbox 2683 3174 2716 3212; x_wconf 88' lang='lat' dir='ltr'><strong>a</strong></span> <span class='ocrx_word' id='word_1_700' title='bbox 2754 3157 2949 3231; x_wconf 77' lang='lat' dir='ltr'><strong>Libya,</strong></span> <span class='ocrx_word' id='word_1_701' title='bbox 2993 3157 3210 3212; x_wconf 87' lang='lat' dir='ltr'><strong>muliere</strong></span> <span class='ocrx_word' id='word_1_702' title='bbox 3243 3156 3517 3228; x_wconf 77' lang='lat' dir='ltr'><strong>indigena,</strong></span> <span class='ocrx_word' id='word_1_703' title='bbox 3556 3160 3735 3214; x_wconf 78' lang='lat' dir='ltr'><strong>Asiam</strong></span> <span class='ocrx_word' id='word_1_704' title='bbox 3760 3178 3886 3216; x_wconf 77' lang='lat' dir='ltr'><strong>vero</strong></span> <span class='ocrx_word' id='word_1_705' title='bbox 3902 3181 3939 3226; x_wconf 57' lang='lat' dir='ltr'><strong>‚a</strong></span> 
     </span>
     <span class='ocr_line' id='line_1_85' title="bbox 2372 3235 3937 3312; baseline 0.003 -22"><span class='ocrx_word' id='word_1_706' title='bbox 2372 3237 2672 3290; x_wconf 83' lang='lat' dir='ltr'><strong>Promethei</strong></span> <span class='ocrx_word' id='word_1_707' title='bbox 2699 3245 2864 3292; x_wconf 89' lang='lat' dir='ltr'><strong>matre</strong></span> <span class='ocrx_word' id='word_1_708' title='bbox 2885 3235 3248 3302; x_wconf 86' lang='lat' dir='ltr'><strong>denominari,</strong></span> <span class='ocrx_word' id='word_1_709' title='bbox 3280 3238 3518 3308; x_wconf 72' lang='lat' dir='ltr'><strong>quamvis</strong></span> <span class='ocrx_word' id='word_1_710' title='bbox 3543 3256 3652 3294; x_wconf 91' lang='lat' dir='ltr'><strong>non</strong></span> <span class='ocrx_word' id='word_1_711' title='bbox 3678 3238 3752 3292; x_wconf 87' lang='lat' dir='ltr'><strong>ita</strong></span> <span class='ocrx_word' id='word_1_712' title='bbox 3778 3239 3937 3312; x_wconf 73' lang='lat' dir='ltr'><strong>Lydi,</strong></span> 
     </span>
     <span class='ocr_line' id='line_1_86' title="bbox 2371 3313 3938 3390; baseline 0.003 -21"><span class='ocrx_word' id='word_1_713' title='bbox 2371 3313 2464 3369; x_wconf 88' lang='lat' dir='ltr'><strong>sed</strong></span> <span class='ocrx_word' id='word_1_714' title='bbox 2486 3326 2720 3370; x_wconf 71' lang='lat' dir='ltr'><strong>vocatam</strong></span> <span class='ocrx_word' id='word_1_715' title='bbox 2745 3333 2860 3370; x_wconf 74' lang='lat' dir='ltr'><strong>cem</strong></span> <span class='ocrx_word' id='word_1_716' title='bbox 2880 3316 3142 3371; x_wconf 70' lang='lat' dir='ltr'><strong>affirment</strong></span> <span class='ocrx_word' id='word_1_717' title='bbox 3163 3314 3230 3369; x_wconf 85' lang='lat' dir='ltr'><strong>ab</strong></span> <span class='ocrx_word' id='word_1_718' title='bbox 3257 3317 3410 3384; x_wconf 78' lang='lat' dir='ltr'><strong>Asia,</strong></span> <span class='ocrx_word' id='word_1_719' title='bbox 3431 3318 3583 3390; x_wconf 76' lang='lat' dir='ltr'><strong>Atyis</strong></span> <span class='ocrx_word' id='word_1_720' title='bbox 3603 3316 3744 3384; x_wconf 85' lang='lat' dir='ltr'><strong>filio,</strong></span> <span class='ocrx_word' id='word_1_721' title='bbox 3775 3335 3806 3372; x_wconf 86' lang='lat' dir='ltr'><strong>a</strong></span> <span class='ocrx_word' id='word_1_722' title='bbox 3828 3335 3938 3390; x_wconf 89' lang='lat' dir='ltr'><strong>quo</strong></span> 
     </span>
     <span class='ocr_line' id='line_1_87' title="bbox 2369 3391 3932 3466; baseline 0.001 -20"><span class='ocrx_word' id='word_1_723' title='bbox 2369 3393 2526 3448; x_wconf 85' lang='lat' dir='ltr'><strong>etiam</strong></span> <span class='ocrx_word' id='word_1_724' title='bbox 2549 3393 2718 3447; x_wconf 85' lang='lat' dir='ltr'><strong>tribus</strong></span> <span class='ocrx_word' id='word_1_725' title='bbox 2737 3391 2977 3466; x_wconf 72' lang='lat' dir='ltr'><strong>quedam</strong></span> <span class='ocrx_word' id='word_1_726' title='bbox 3005 3393 3257 3449; x_wconf 84' lang='lat' dir='ltr'><strong>Sardibus</strong></span> <span class='ocrx_word' id='word_1_727' title='bbox 3282 3405 3503 3449; x_wconf 79' lang='lat' dir='ltr'><strong>vocatur</strong></span> <span class='ocrx_word' id='word_1_728' title='bbox 3545 3395 3727 3461; x_wconf 65' lang='lat' dir='ltr'><strong>Asin,</strong></span> <span class='ocrx_word' id='word_1_729' title='bbox 3759 3396 3932 3449; x_wconf 83' lang='lat' dir='ltr'><strong>Euro-</strong></span> 
     </span>
     <span class='ocr_line' id='line_1_88' title="bbox 2370 3470 3938 3546; baseline 0.003 -21"><span class='ocrx_word' id='word_1_730' title='bbox 2370 3488 2490 3543; x_wconf 87' lang='lat' dir='ltr'><strong>pam</strong></span> <span class='ocrx_word' id='word_1_731' title='bbox 2515 3470 2744 3545; x_wconf 89' lang='lat' dir='ltr'><strong>denique</strong></span> <span class='ocrx_word' id='word_1_732' title='bbox 2766 3472 2931 3528; x_wconf 81' lang='lat' dir='ltr'><strong>videri</strong></span> <span class='ocrx_word' id='word_1_733' title='bbox 2962 3471 3016 3527; x_wconf 90' lang='lat' dir='ltr'><strong>id</strong></span> <span class='ocrx_word' id='word_1_734' title='bbox 3039 3473 3268 3529; x_wconf 87' lang='lat' dir='ltr'><strong>nominis</strong></span> <span class='ocrx_word' id='word_1_735' title='bbox 3294 3471 3360 3527; x_wconf 74' lang='lat' dir='ltr'><strong>ab</strong></span> <span class='ocrx_word' id='word_1_736' title='bbox 3381 3474 3595 3546; x_wconf 83' lang='lat' dir='ltr'><strong>Europa</strong></span> <span class='ocrx_word' id='word_1_737' title='bbox 3617 3473 3765 3546; x_wconf 79' lang='lat' dir='ltr'><strong>Syria</strong></span> <span class='ocrx_word' id='word_1_738' title='bbox 3792 3491 3938 3529; x_wconf 83' lang='lat' dir='ltr'><strong>acce·</strong></span> 
     </span>
     <span class='ocr_line' id='line_1_89' title="bbox 2369 3549 3939 3625; baseline 0.001 -19"><span class='ocrx_word' id='word_1_739' title='bbox 2369 3552 2524 3624; x_wconf 83' lang='lat' dir='ltr'><strong>pisse.</strong></span> <span class='ocrx_word' id='word_1_740' title='bbox 2586 3554 2706 3607; x_wconf 81' lang='lat' dir='ltr'><strong>Jam</strong></span> <span class='ocrx_word' id='word_1_741' title='bbox 2733 3569 2858 3607; x_wconf 79' lang='lat' dir='ltr'><strong>vcro</strong></span> <span class='ocrx_word' id='word_1_742' title='bbox 2883 3551 3085 3608; x_wconf 88' lang='lat' dir='ltr'><strong>dictum</strong></span> <span class='ocrx_word' id='word_1_743' title='bbox 3111 3561 3190 3606; x_wconf 63' lang='grc' dir='ltr'><strong>ωε</strong></span> <span class='ocrx_word' id='word_1_744' title='bbox 3212 3568 3386 3624; x_wconf 81' lang='lat' dir='ltr'><strong>supra,</strong></span> <span class='ocrx_word' id='word_1_745' title='bbox 3404 3549 3660 3625; x_wconf 85' lang='lat' dir='ltr'><strong>quosdam</strong></span> <span class='ocrx_word' id='word_1_746' title='bbox 3682 3551 3812 3606; x_wconf 78' lang='lat' dir='ltr'><strong>velle</strong></span> <span class='ocrx_word' id='word_1_747' title='bbox 3833 3554 3939 3607; x_wconf 88' lang='lat' dir='ltr'><strong>Eu-</strong></span> 
     </span>
     <span class='ocr_line' id='line_1_90' title="bbox 2369 3629 3932 3705; baseline 0.003 -21"><span class='ocrx_word' id='word_1_748' title='bbox 2369 3649 2554 3704; x_wconf 88' lang='lat' dir='ltr'><strong>ropam</strong></span> <span class='ocrx_word' id='word_1_749' title='bbox 2593 3631 2660 3686; x_wconf 85' lang='lat' dir='ltr'><strong>ah</strong></span> <span class='ocrx_word' id='word_1_750' title='bbox 2698 3633 2914 3704; x_wconf 82' lang='lat' dir='ltr'><strong>Europe</strong></span> <span class='ocrx_word' id='word_1_751' title='bbox 2953 3629 3184 3705; x_wconf 79' lang='lat' dir='ltr'><strong>quodam</strong></span> <span class='ocrx_word' id='word_1_752' title='bbox 3231 3631 3346 3685; x_wconf 77' lang='lat' dir='ltr'><strong>viro</strong></span> <span class='ocrx_word' id='word_1_753' title='bbox 3383 3631 3708 3686; x_wconf 86' lang='lat' dir='ltr'><strong>nominatam</strong></span> <span class='ocrx_word' id='word_1_754' title='bbox 3748 3630 3932 3688; x_wconf 79' lang='lat' dir='ltr'><strong>fuisse.</strong></span> 
     </span>
     <span class='ocr_line' id='line_1_91' title="bbox 2368 3709 3932 3784; baseline 0.001 -20"><span class='ocrx_word' id='word_1_755' title='bbox 2368 3713 2548 3781; x_wconf 81' lang='lat' dir='ltr'><strong>Quare</strong></span> <span class='ocrx_word' id='word_1_756' title='bbox 2593 3712 2752 3766; x_wconf 86' lang='lat' dir='ltr'><strong>etiam</strong></span> <span class='ocrx_word' id='word_1_757' title='bbox 2813 3709 2872 3765; x_wconf 92' lang='lat' dir='ltr'><strong>id</strong></span> <span class='ocrx_word' id='word_1_758' title='bbox 2919 3710 3150 3766; x_wconf 87' lang='lat' dir='ltr'><strong>nominis</strong></span> <span class='ocrx_word' id='word_1_759' title='bbox 3193 3721 3272 3766; x_wconf 88' lang='lat' dir='ltr'><strong>est</strong></span> <span class='ocrx_word' id='word_1_760' title='bbox 3323 3710 3639 3784; x_wconf 65' lang='lat' dir='ltr'><strong>berytonum</strong></span> <span class='ocrx_word' id='word_1_761' title='bbox 3651 3729 3668 3777; x_wconf 89' lang='lat'>;</span> <span class='ocrx_word' id='word_1_762' title='bbox 3720 3729 3932 3782; x_wconf 72' lang='lat' dir='ltr'><strong>gravem</strong></span> 
     </span>
     <span class='ocr_line' id='line_1_92' title="bbox 2368 3787 3931 3864; baseline 0.003 -21"><span class='ocrx_word' id='word_1_763' title='bbox 2368 3806 2594 3862; x_wconf 87' lang='lat' dir='ltr'><strong>namque</strong></span> <span class='ocrx_word' id='word_1_764' title='bbox 2618 3800 2888 3846; x_wconf 72' lang='lat' dir='ltr'><strong>ass-tum</strong></span> <span class='ocrx_word' id='word_1_765' title='bbox 2915 3789 3072 3845; x_wconf 86' lang='lat' dir='ltr'><strong>habet</strong></span> <span class='ocrx_word' id='word_1_766' title='bbox 3097 3789 3128 3844; x_wconf 79' lang='grc' dir='ltr'><strong>δ</strong></span> <span class='ocrx_word' id='word_1_767' title='bbox 3155 3787 3385 3862; x_wconf 73' lang='grc' dir='ltr'><strong>Εὔρωπος</strong></span> <span class='ocrx_word' id='word_1_768' title='bbox 3412 3808 3606 3844; x_wconf 86' lang='lat' dir='ltr'><strong>nomen</strong></span> <span class='ocrx_word' id='word_1_769' title='bbox 3632 3793 3931 3864; x_wconf 87' lang='lat' dir='ltr'><strong>proprium,</strong></span> 
     </span>
     <span class='ocr_line' id='line_1_93' title="bbox 2365 3867 3934 3942; baseline 0.002 -18"><span class='ocrx_word' id='word_1_770' title='bbox 2365 3868 2434 3924; x_wconf 83' lang='lat' dir='ltr'><strong>ad</strong></span> <span class='ocrx_word' id='word_1_771' title='bbox 2459 3868 2808 3925; x_wconf 76' lang='lat' dir='ltr'><strong>differentiam</strong></span> <span class='ocrx_word' id='word_1_772' title='bbox 2856 3872 2944 3924; x_wconf 76' lang='grc' dir='ltr'><strong>τοῦ</strong></span> <span class='ocrx_word' id='word_1_773' title='bbox 2975 3869 3227 3942; x_wconf 76' lang='grc' dir='ltr'><strong>εὐρωποῦ,</strong></span> <span class='ocrx_word' id='word_1_774' title='bbox 3252 3867 3397 3940; x_wconf 90' lang='lat' dir='ltr'><strong>quod</strong></span> <span class='ocrx_word' id='word_1_775' title='bbox 3431 3867 3646 3940; x_wconf 85' lang='lat' dir='ltr'><strong>quidem</strong></span> <span class='ocrx_word' id='word_1_776' title='bbox 3677 3870 3934 3942; x_wconf 77' lang='lat' dir='ltr'><strong>significat</strong></span> 
     </span>
     <span class='ocr_line' id='line_1_94' title="bbox 2365 3948 3934 4022; baseline 0.001 -18"><span class='ocrx_word' id='word_1_777' title='bbox 2365 3948 2526 4004; x_wconf 84' lang='lat' dir='ltr'><strong>latum</strong></span> <span class='ocrx_word' id='word_1_778' title='bbox 2553 3960 2646 4004; x_wconf 87' lang='lat' dir='ltr'><strong>aut</strong></span> <span class='ocrx_word' id='word_1_779' title='bbox 2683 3948 3097 4013; x_wconf 87' lang='lat' dir='ltr'><strong>tenebricosum,</strong></span> <span class='ocrx_word' id='word_1_780' title='bbox 3128 3965 3195 4002; x_wconf 80' lang='lat' dir='ltr'><strong>ex</strong></span> <span class='ocrx_word' id='word_1_781' title='bbox 3234 3965 3342 4021; x_wconf 87' lang='lat' dir='ltr'><strong>quo</strong></span> <span class='ocrx_word' id='word_1_782' title='bbox 3381 3950 3539 4003; x_wconf 88' lang='lat' dir='ltr'><strong>etiam</strong></span> <span class='ocrx_word' id='word_1_783' title='bbox 3571 3948 3714 4022; x_wconf 88' lang='lat' dir='ltr'><strong>apud</strong></span> <span class='ocrx_word' id='word_1_784' title='bbox 3736 3951 3934 4022; x_wconf 82' lang='lat' dir='ltr'><strong>Oppia-</strong></span> 
     </span>
     <span class='ocr_line' id='line_1_95' title="bbox 2364 4025 3934 4102; baseline 0.003 -21"><span class='ocrx_word' id='word_1_785' title='bbox 2364 4026 2535 4099; x_wconf 84' lang='lat' dir='ltr'><strong>num&#39;(</strong></span> <span class='ocrx_word' id='word_1_786' title='bbox 2546 4027 2675 4084; x_wconf 82' lang='lat' dir='ltr'><strong>Hal.</strong></span> <span class='ocrx_word' id='word_1_787' title='bbox 2699 4029 2752 4094; x_wconf 81' lang='lat'><strong>3,</strong></span> <span class='ocrx_word' id='word_1_788' title='bbox 2773 4026 2875 4102; x_wconf 85' lang='grc' dir='ltr'><strong>2ο)</strong></span> <span class='ocrx_word' id='word_1_789' title='bbox 2899 4027 3142 4096; x_wconf 74' lang='grc' dir='ltr'><strong>σπήλαιον</strong></span> <span class='ocrx_word' id='word_1_790' title='bbox 3157 4025 3395 4100; x_wconf 78' lang='grc' dir='ltr'><strong>εὐρωπόν.</strong></span> <span class='ocrx_word' id='word_1_791' title='bbox 3413 4027 3559 4082; x_wconf 81' lang='lat' dir='ltr'><strong>Scire</strong></span> <span class='ocrx_word' id='word_1_792' title='bbox 3575 4039 3752 4084; x_wconf 84' lang='lat' dir='ltr'><strong>autem</strong></span> <span class='ocrx_word' id='word_1_793' title='bbox 3775 4047 3934 4102; x_wconf 90' lang='lat' dir='ltr'><strong>opor-</strong></span> 
     </span>
     <span class='ocr_line' id='line_1_96' title="bbox 2363 4106 3930 4181; baseline 0.001 -21"><span class='ocrx_word' id='word_1_794' title='bbox 2363 4117 2464 4174; x_wconf 88' lang='lat' dir='ltr'><strong>tet,</strong></span> <span class='ocrx_word' id='word_1_795' title='bbox 2493 4106 2642 4180; x_wconf 88' lang='lat' dir='ltr'><strong>quod</strong></span> <span class='ocrx_word' id='word_1_796' title='bbox 2663 4117 2862 4162; x_wconf 78' lang='lat' dir='ltr'><strong>veteres</strong></span> <span class='ocrx_word' id='word_1_797' title='bbox 2891 4107 3102 4180; x_wconf 75' lang='lat' dir='ltr'><strong>(Str-ab.</strong></span> <span class='ocrx_word' id='word_1_798' title='bbox 3122 4125 3191 4181; x_wconf 85' lang='lat' dir='ltr'><strong>p.</strong></span> <span class='ocrx_word' id='word_1_799' title='bbox 3223 4112 3322 4164; x_wconf 77' lang='lat'><strong>126</strong></span> <span class='ocrx_word' id='word_1_800' title='bbox 3339 4111 3360 4176; x_wconf 88' lang='lat'>)</span> <span class='ocrx_word' id='word_1_801' title='bbox 3379 4115 3656 4174; x_wconf 65' lang='lat' dir='ltr'><strong>testantur,</strong></span> <span class='ocrx_word' id='word_1_802' title='bbox 3680 4118 3930 4179; x_wconf 84' lang='lat' dir='ltr'><strong>praestare</strong></span> 
     </span>
     <span class='ocr_line' id='line_1_97' title="bbox 2361 4183 3929 4260; baseline 0.001 -21"><span class='ocrx_word' id='word_1_803' title='bbox 2361 4187 2630 4260; x_wconf 84' lang='lat' dir='ltr'><strong>Europam</strong></span> <span class='ocrx_word' id='word_1_804' title='bbox 2672 4187 2808 4242; x_wconf 73' lang='lat' dir='ltr'><strong>Asiae</strong></span> <span class='ocrx_word' id='word_1_805' title='bbox 2824 4224 2841 4253; x_wconf 92' lang='lat'><strong>,</strong></span> <span class='ocrx_word' id='word_1_806' title='bbox 2884 4204 2996 4241; x_wconf 87' lang='lat' dir='ltr'><strong>non</strong></span> <span class='ocrx_word' id='word_1_807' title='bbox 3021 4185 3300 4240; x_wconf 89' lang='lat' dir='ltr'><strong>hominum</strong></span> <span class='ocrx_word' id='word_1_808' title='bbox 3343 4183 3508 4240; x_wconf 89' lang='lat' dir='ltr'><strong>modo</strong></span> <span class='ocrx_word' id='word_1_809' title='bbox 3549 4185 3744 4241; x_wconf 81' lang='lat' dir='ltr'><strong>virtute</strong></span> <span class='ocrx_word' id='word_1_810' title='bbox 3771 4199 3929 4258; x_wconf 87' lang='lat' dir='ltr'><strong>atque</strong></span> 
     </span>
     <span class='ocr_line' id='line_1_98' title="bbox 2360 4261 3926 4337; baseline 0.002 -21"><span class='ocrx_word' id='word_1_811' title='bbox 2360 4261 2556 4318; x_wconf 82' lang='lat' dir='ltr'><strong>divitiis</strong></span> <span class='ocrx_word' id='word_1_812' title='bbox 2609 4263 2982 4337; x_wconf 85' lang='lat' dir='ltr'><strong>fructuumque</strong></span> <span class='ocrx_word' id='word_1_813' title='bbox 3033 4263 3300 4330; x_wconf 80' lang='lat' dir='ltr'><strong>ubertate,</strong></span> <span class='ocrx_word' id='word_1_814' title='bbox 3343 4262 3438 4318; x_wconf 87' lang='lat' dir='ltr'><strong>sed</strong></span> <span class='ocrx_word' id='word_1_815' title='bbox 3499 4265 3657 4319; x_wconf 85' lang='lat' dir='ltr'><strong>etiam</strong></span> <span class='ocrx_word' id='word_1_816' title='bbox 3711 4265 3926 4319; x_wconf 74' lang='lat' dir='ltr'><strong>raritate</strong></span> 
     </span>
     <span class='ocr_line' id='line_1_99' title="bbox 2361 4341 3928 4417; baseline 0.001 -20"><span class='ocrx_word' id='word_1_817' title='bbox 2361 4341 2612 4402; x_wconf 85' lang='lat' dir='ltr'><strong>ferarum.</strong></span> <span class='ocrx_word' id='word_1_818' title='bbox 2687 4347 2932 4400; x_wconf 87' lang='lat' dir='ltr'><strong>Ceterum</strong></span> <span class='ocrx_word' id='word_1_819' title='bbox 2979 4347 3196 4417; x_wconf 75' lang='lat' dir='ltr'><strong>Europa</strong></span> <span class='ocrx_word' id='word_1_820' title='bbox 3239 4343 3466 4399; x_wconf 79' lang='lat' dir='ltr'><strong>maxime</strong></span> <span class='ocrx_word' id='word_1_821' title='bbox 3508 4343 3727 4399; x_wconf 72' lang='lat' dir='ltr'><strong>aliarum</strong></span> <span class='ocrx_word' id='word_1_822' title='bbox 3758 4346 3928 4400; x_wconf 88' lang='lat' dir='ltr'><strong>conti·</strong></span> 
     </span>
     <span class='ocr_line' id='line_1_100' title="bbox 2360 4421 3933 4497; baseline 0 -19"><span class='ocrx_word' id='word_1_823' title='bbox 2360 4425 2599 4479; x_wconf 88' lang='lat' dir='ltr'><strong>nentium</strong></span> <span class='ocrx_word' id='word_1_824' title='bbox 2627 4423 2794 4494; x_wconf 79' lang='lat' dir='ltr'><strong>figura</strong></span> <span class='ocrx_word' id='word_1_825' title='bbox 2813 4434 2892 4478; x_wconf 83' lang='lat' dir='ltr'><strong>est</strong></span> <span class='ocrx_word' id='word_1_826' title='bbox 2915 4423 3188 4496; x_wconf 84' lang='lat' dir='ltr'><strong>multiplici</strong></span> <span class='ocrx_word' id='word_1_827' title='bbox 3210 4441 3273 4478; x_wconf 87' lang='lat' dir='ltr'><strong>ac</strong></span> <span class='ocrx_word' id='word_1_828' title='bbox 3291 4423 3436 4478; x_wconf 82' lang='lat' dir='ltr'><strong>varia</strong></span> <span class='ocrx_word' id='word_1_829' title='bbox 3449 4441 3467 4490; x_wconf 87' lang='lat'>;</span> <span class='ocrx_word' id='word_1_830' title='bbox 3493 4421 3875 4497; x_wconf 83' lang='lat' dir='ltr'><strong>simplicissima</strong></span> <span class='ocrx_word' id='word_1_831' title='bbox 3900 4441 3933 4478; x_wconf 89' lang='lat' dir='ltr'><strong>e</strong></span> 
     </span>
     <span class='ocr_line' id='line_1_101' title="bbox 2360 4499 3930 4574; baseline 0.001 -19"><span class='ocrx_word' id='word_1_832' title='bbox 2360 4503 2626 4557; x_wconf 80' lang='lat' dir='ltr'><strong>contrario</strong></span> <span class='ocrx_word' id='word_1_833' title='bbox 2671 4500 2882 4568; x_wconf 72' lang='lat' dir='ltr'><strong>Afrioe;</strong></span> <span class='ocrx_word' id='word_1_834' title='bbox 2929 4499 3104 4556; x_wconf 89' lang='lat' dir='ltr'><strong>media</strong></span> <span class='ocrx_word' id='word_1_835' title='bbox 3143 4503 3282 4555; x_wconf 89' lang='lat' dir='ltr'><strong>inter</strong></span> <span class='ocrx_word' id='word_1_836' title='bbox 3309 4511 3584 4574; x_wconf 84' lang='lat' dir='ltr'><strong>utramque</strong></span> <span class='ocrx_word' id='word_1_837' title='bbox 3619 4501 3930 4574; x_wconf 72' lang='lat' dir='ltr'><strong>figuratione</strong></span> 
     </span>
     <span class='ocr_line' id='line_1_102' title="bbox 2363 4579 3928 4654; baseline 0 -18"><span class='ocrx_word' id='word_1_838' title='bbox 2363 4583 2504 4636; x_wconf 78' lang='lat' dir='ltr'><strong>Asia.</strong></span> <span class='ocrx_word' id='word_1_839' title='bbox 2541 4581 2641 4636; x_wconf 90' lang='lat' dir='ltr'><strong>Sed</strong></span> <span class='ocrx_word' id='word_1_840' title='bbox 2681 4593 2736 4636; x_wconf 90' lang='lat' dir='ltr'><strong>et</strong></span> <span class='ocrx_word' id='word_1_841' title='bbox 2773 4580 2901 4636; x_wconf 91' lang='lat' dir='ltr'><strong>illud</strong></span> <span class='ocrx_word' id='word_1_842' title='bbox 2929 4580 3350 4653; x_wconf 81' lang='lat' dir='ltr'><strong>cognoscendum</strong></span> <span class='ocrx_word' id='word_1_843' title='bbox 3370 4621 3386 4644; x_wconf 91' lang='lat'>‚</span> <span class='ocrx_word' id='word_1_844' title='bbox 3417 4583 3686 4654; x_wconf 87' lang='lat' dir='ltr'><strong>Europam</strong></span> <span class='ocrx_word' id='word_1_845' title='bbox 3711 4579 3928 4654; x_wconf 89' lang='lat' dir='ltr'><strong>quidem</strong></span> 
     </span>
    </p>
   </div>
   <div class='ocr_carea' id='block_1_8' title="bbox 3753 4737 3917 4751">
    <p class='ocr_par' dir='ltr' id='par_1_19' title="bbox 3753 4737 3917 4751">
     <span class='ocr_line' id='line_1_103' title="bbox 3753 4737 3917 4751; baseline 0 1533"><span class='ocrx_word' id='word_1_846' title='bbox 3753 4737 3917 4751; x_wconf 95' lang='lat' dir='ltr'><strong> </strong></span> 
     </span>
    </p>
   </div>
   <div class='ocr_carea' id='block_1_9' title="bbox 2359 4841 3927 5303">
    <p class='ocr_par' dir='ltr' id='par_1_20' title="bbox 2359 4841 3927 5303">
     <span class='ocr_line' id='line_1_104' title="bbox 2359 4841 3927 4914; baseline -0.001 -17"><span class='ocrx_word' id='word_1_847' title='bbox 2359 4845 2547 4907; x_wconf 83' lang='grc' dir='ltr'><strong>τούτοις</strong></span> <span class='ocrx_word' id='word_1_848' title='bbox 2577 4847 2996 4914; x_wconf 74' lang='lat' dir='ltr'><strong>CDFKLMY3·,</strong></span> <span class='ocrx_word' id='word_1_849' title='bbox 3022 4843 3186 4914; x_wconf 81' lang='grc' dir='ltr'><strong>,τούτῳ</strong></span> <span class='ocrx_word' id='word_1_850' title='bbox 3209 4852 3335 4898; x_wconf 78' lang='lat' dir='ltr'><strong>cett.</strong></span> <span class='ocrx_word' id='word_1_851' title='bbox 3371 4841 3394 4912; x_wconf 86' lang='grc' dir='ltr'><strong>ΙΙ</strong></span> <span class='ocrx_word' id='word_1_852' title='bbox 3421 4871 3494 4882; x_wconf 92' lang='lat'>-</span> <span class='ocrx_word' id='word_1_853' title='bbox 3515 4846 3605 4895; x_wconf 85' lang='grc'><strong>26.</strong></span> <span class='ocrx_word' id='word_1_854' title='bbox 3637 4842 3754 4907; x_wconf 77' lang='grc' dir='ltr'><strong>καὶ,</strong></span> <span class='ocrx_word' id='word_1_855' title='bbox 3779 4842 3927 4913; x_wconf 84' lang='lat' dir='ltr'><strong>quod</strong></span> 
     </span>
     <span class='ocr_line' id='line_1_105' title="bbox 2361 4921 3920 4996; baseline -0.003 -16"><span class='ocrx_word' id='word_1_856' title='bbox 2361 4925 2516 4996; x_wconf 76' lang='lat' dir='ltr'><strong>vulgo</strong></span> <span class='ocrx_word' id='word_1_857' title='bbox 2541 4924 2731 4996; x_wconf 77' lang='lat' dir='ltr'><strong>legitur</strong></span> <span class='ocrx_word' id='word_1_858' title='bbox 2749 4933 2870 4978; x_wconf 86' lang='lat' dir='ltr'><strong>ante</strong></span> <span class='ocrx_word' id='word_1_859' title='bbox 2899 4922 2996 4978; x_wconf 70' lang='grc' dir='ltr'><strong>ὰπὸ</strong></span> <span class='ocrx_word' id='word_1_860' title='bbox 3012 4963 3027 4988; x_wconf 84' lang='grc'><strong>,</strong></span> <span class='ocrx_word' id='word_1_861' title='bbox 3071 4940 3180 4978; x_wconf 88' lang='lat' dir='ltr'><strong>om.</strong></span> <span class='ocrx_word' id='word_1_862' title='bbox 3224 4923 3629 4989; x_wconf 73' lang='lat' dir='ltr'><strong>CDFKLMYr.</strong></span> <span class='ocrx_word' id='word_1_863' title='bbox 3671 4922 3693 4991; x_wconf 92' lang='grc' dir='ltr'><strong>ΙΙ</strong></span> <span class='ocrx_word' id='word_1_864' title='bbox 3731 4951 3806 4964; x_wconf 90' lang='lat'>-</span> <span class='ocrx_word' id='word_1_865' title='bbox 3832 4921 3920 4976; x_wconf 82' lang='lat'><strong>30.</strong></span> 
     </span>
     <span class='ocr_line' id='line_1_106' title="bbox 2360 4998 3923 5075; baseline -0.001 -19"><span class='ocrx_word' id='word_1_866' title='bbox 2360 5004 2558 5075; x_wconf 80' lang='grc' dir='ltr'><strong>λέγεται</strong></span> <span class='ocrx_word' id='word_1_867' title='bbox 2593 5002 2689 5058; x_wconf 72' lang='grc' dir='ltr'><strong>ἀπὸ</strong></span> <span class='ocrx_word' id='word_1_868' title='bbox 2714 5001 2890 5070; x_wconf 74' lang='grc' dir='ltr'><strong>Διὸύης</strong></span> <span class='ocrx_word' id='word_1_869' title='bbox 2924 5005 2977 5056; x_wconf 85' lang='lat' dir='ltr'><strong>C.</strong></span> <span class='ocrx_word' id='word_1_870' title='bbox 3006 5003 3029 5072; x_wconf 88' lang='grc' dir='ltr'><strong>ΙΙ</strong></span> <span class='ocrx_word' id='word_1_871' title='bbox 3060 5030 3134 5041; x_wconf 92' lang='grc'>-</span> <span class='ocrx_word' id='word_1_872' title='bbox 3161 5000 3249 5055; x_wconf 91' lang='grc'><strong>32.</strong></span> <span class='ocrx_word' id='word_1_873' title='bbox 3279 5000 3465 5070; x_wconf 77' lang='grc' dir='ltr'><strong>Λυδοί]</strong></span> <span class='ocrx_word' id='word_1_874' title='bbox 3491 4998 3644 5066; x_wconf 80' lang='grc' dir='ltr'><strong>Δηδοί</strong></span> <span class='ocrx_word' id='word_1_875' title='bbox 3671 5003 3760 5062; x_wconf 81' lang='lat' dir='ltr'><strong>M,</strong></span> <span class='ocrx_word' id='word_1_876' title='bbox 3801 4999 3923 5055; x_wconf 62' lang='grc' dir='ltr'><strong>Λυδὲ</strong></span> 
     </span>
     <span class='ocr_line' id='line_1_107' title="bbox 2360 5067 3925 5146; baseline -0.004 -18"><span class='ocrx_word' id='word_1_877' title='bbox 2360 5074 2455 5146; x_wconf 83' lang='grc' dir='ltr'><strong>οὐχ</strong></span> <span class='ocrx_word' id='word_1_878' title='bbox 2493 5079 2572 5138; x_wconf 83' lang='lat' dir='ltr'><strong>E,</strong></span> <span class='ocrx_word' id='word_1_879' title='bbox 2614 5075 2875 5145; x_wconf 78' lang='grc' dir='ltr'><strong>Λυκόφρων</strong></span> <span class='ocrx_word' id='word_1_880' title='bbox 2898 5077 2970 5130; x_wconf 87' lang='grc' dir='ltr'><strong>Ν.</strong></span> <span class='ocrx_word' id='word_1_881' title='bbox 3003 5073 3026 5142; x_wconf 77' lang='grc' dir='ltr'><strong>ΙΙ</strong></span> <span class='ocrx_word' id='word_1_882' title='bbox 3057 5101 3130 5111; x_wconf 89' lang='grc'>-</span> <span class='ocrx_word' id='word_1_883' title='bbox 3162 5069 3250 5123; x_wconf 88' lang='grc'><strong>33.</strong></span> <span class='ocrx_word' id='word_1_884' title='bbox 3295 5068 3460 5123; x_wconf 79' lang='grc' dir='ltr'><strong>Ἀσίεω</strong></span> <span class='ocrx_word' id='word_1_885' title='bbox 3505 5071 3701 5135; x_wconf 63' lang='lat' dir='ltr'><strong>eamr,</strong></span> <span class='ocrx_word' id='word_1_886' title='bbox 3739 5067 3925 5133; x_wconf 73' lang='grc' dir='ltr'><strong>Ἀσιέως</strong></span> 
     </span>
     <span class='ocr_line' id='line_1_108' title="bbox 2361 5145 3923 5224; baseline -0.004 -16"><span class='ocrx_word' id='word_1_887' title='bbox 2361 5164 2484 5210; x_wconf 84' lang='lat' dir='ltr'><strong>cett.</strong></span> <span class='ocrx_word' id='word_1_888' title='bbox 2499 5173 2516 5219; x_wconf 68' lang='grc' dir='ltr'><strong>ς</strong></span> <span class='ocrx_word' id='word_1_889' title='bbox 2561 5171 2706 5224; x_wconf 78' lang='grc' dir='ltr'><strong>φησιν</strong></span> <span class='ocrx_word' id='word_1_890' title='bbox 2749 5155 2800 5206; x_wconf 82' lang='lat' dir='ltr'><strong>G.</strong></span> <span class='ocrx_word' id='word_1_891' title='bbox 2837 5151 2960 5221; x_wconf 83' lang='grc' dir='ltr'><strong>ΙΙ-</strong></span> <span class='ocrx_word' id='word_1_892' title='bbox 2991 5151 3079 5212; x_wconf 79' lang='grc'><strong>34.</strong></span> <span class='ocrx_word' id='word_1_893' title='bbox 3136 5145 3302 5210; x_wconf 53' lang='lat' dir='ltr'><strong>’Aonie</strong></span> <span class='ocrx_word' id='word_1_894' title='bbox 3345 5150 3740 5210; x_wconf 77' lang='lat' dir='ltr'><strong>anFKMY,</strong></span> <span class='ocrx_word' id='word_1_895' title='bbox 3792 5145 3923 5202; x_wconf 77' lang='grc' dir='ltr'><strong>Ἀσία</strong></span> 
     </span>
     <span class='ocr_line' id='line_1_109' title="bbox 2363 5226 3918 5303; baseline -0.003 -18"><span class='ocrx_word' id='word_1_896' title='bbox 2363 5233 2544 5303; x_wconf 77' lang='lat' dir='ltr'><strong>vulgo,</strong></span> <span class='ocrx_word' id='word_1_897' title='bbox 2566 5231 2598 5299; x_wconf 75' lang='grc' dir='ltr'><strong>ἡ</strong></span> <span class='ocrx_word' id='word_1_898' title='bbox 2629 5231 2756 5286; x_wconf 79' lang='grc' dir='ltr'><strong>Ἀσία</strong></span> <span class='ocrx_word' id='word_1_899' title='bbox 2777 5233 2840 5286; x_wconf 86' lang='lat' dir='ltr'><strong>L.</strong></span> <span class='ocrx_word' id='word_1_900' title='bbox 2868 5229 2953 5283; x_wconf 84' lang='lat'><strong>35.</strong></span> <span class='ocrx_word' id='word_1_901' title='bbox 2978 5226 3186 5299; x_wconf 80' lang='grc' dir='ltr'><strong>Εὐρωπά</strong></span> <span class='ocrx_word' id='word_1_902' title='bbox 3208 5231 3270 5282; x_wconf 77' lang='lat' dir='ltr'><strong>L.</strong></span> <span class='ocrx_word' id='word_1_903' title='bbox 3303 5227 3326 5298; x_wconf 81' lang='grc' dir='ltr'><strong>ΙΙ</strong></span> <span class='ocrx_word' id='word_1_904' title='bbox 3343 5257 3416 5269; x_wconf 91' lang='lat'><em>-</em></span> <span class='ocrx_word' id='word_1_905' title='bbox 3433 5231 3523 5291; x_wconf 92' lang='grc'><strong>42.</strong></span> <span class='ocrx_word' id='word_1_906' title='bbox 3549 5245 3666 5298; x_wconf 74' lang='grc' dir='ltr'><strong>φασι</strong></span> <span class='ocrx_word' id='word_1_907' title='bbox 3682 5227 3918 5299; x_wconf 77' lang='grc' dir='ltr'><strong>διαφέρειν</strong></span> 
     </span>
    </p>
   </div>
   <div class='ocr_carea' id='block_1_10' title="bbox 690 5306 3910 5394">
    <p class='ocr_par' dir='ltr' id='par_1_21' title="bbox 690 5306 3910 5394">
     <span class='ocr_line' id='line_1_110' title="bbox 690 5306 3910 5394; baseline -0.005 -16"><span class='ocrx_word' id='word_1_908' title='bbox 690 5325 815 5380; x_wconf 76' lang='lat' dir='ltr'><strong>‘hoec</strong></span> <span class='ocrx_word' id='word_1_909' title='bbox 861 5324 1125 5394; x_wconf 76' lang='lat' dir='ltr'><strong>Arrianus</strong></span> <span class='ocrx_word' id='word_1_910' title='bbox 1173 5323 1399 5389; x_wconf 80' lang='lat' dir='ltr'><strong>dixerit,</strong></span> <span class='ocrx_word' id='word_1_911' title='bbox 1450 5339 1561 5376; x_wconf 88' lang='lat' dir='ltr'><strong>non</strong></span> <span class='ocrx_word' id='word_1_912' title='bbox 1609 5319 1734 5374; x_wconf 85' lang='lat' dir='ltr'><strong>satis</strong></span> <span class='ocrx_word' id='word_1_913' title='bbox 1776 5319 1958 5391; x_wconf 86' lang='lat' dir='ltr'><strong>liquet.</strong></span> <span class='ocrx_word' id='word_1_914' title='bbox 2008 5320 2031 5389; x_wconf 84' lang='grc' dir='ltr'><strong>ΙΙ</strong></span> <span class='ocrx_word' id='word_1_915' title='bbox 2078 5347 2139 5360; x_wconf 91' lang='lat'><em>-</em></span> <span class='ocrx_word' id='word_1_916' title='bbox 2176 5317 2265 5370; x_wconf 87' lang='grc'><strong>25.</strong></span> <span class='ocrx_word' id='word_1_917' title='bbox 2366 5311 2676 5375; x_wconf 49' lang='lat' dir='ltr'><strong>coenni,-</strong></span> <span class='ocrx_word' id='word_1_918' title='bbox 2703 5313 2834 5383; x_wconf 69' lang='lat'><strong>3¹²²?-</strong></span> <span class='ocrx_word' id='word_1_919' title='bbox 2874 5310 3016 5380; x_wconf 79' lang='grc' dir='ltr'><strong>φασίν</strong></span> <span class='ocrx_word' id='word_1_920' title='bbox 3057 5316 3182 5361; x_wconf 89' lang='lat' dir='ltr'><strong>cett.</strong></span> <span class='ocrx_word' id='word_1_921' title='bbox 3218 5307 3241 5378; x_wconf 80' lang='lat' dir='ltr'>ss</span> <span class='ocrx_word' id='word_1_922' title='bbox 3276 5336 3346 5348; x_wconf 90' lang='lat'><strong>—</strong></span> <span class='ocrx_word' id='word_1_923' title='bbox 3375 5308 3465 5372; x_wconf 87' lang='grc'><strong>43.</strong></span> <span class='ocrx_word' id='word_1_924' title='bbox 3494 5306 3682 5377; x_wconf 76' lang='grc' dir='ltr'><strong>ἀνδρῶν</strong></span> <span class='ocrx_word' id='word_1_925' title='bbox 3706 5323 3818 5361; x_wconf 87' lang='lat' dir='ltr'><strong>om.</strong></span> <span class='ocrx_word' id='word_1_926' title='bbox 3858 5313 3910 5363; x_wconf 77' lang='lat' dir='ltr'><strong>C.</strong></span> 
     </span>
    </p>
   </div>
   <div class='ocr_carea' id='block_1_11' title="bbox 4483 2738 4492 3348">
    <p class='ocr_par' dir='ltr' id='par_1_22' title="bbox 4483 2738 4492 3348">
     <span class='ocr_line' id='line_1_111' title="bbox 4483 2738 4492 3348; baseline 0 0"><span class='ocrx_word' id='word_1_927' title='bbox 4483 2738 4492 3348; x_wconf 95' lang='lat' dir='ltr'><strong> </strong></span> 
     </span>
    </p>
   </div>
  </div>
 </body>
</html>
