4584 6284
1800 536 2151 600 ANAPLUS
2193 536 2510 599 BOSPORl
2555 538 2898 601 Tamen.
3884 551 3954 605 71

752 670 848 725 Dei
874 672 1057 743 optimi
1086 670 1299 723 inaximi
1324 667 1645 739 benignitate
1669 667 1779 721 hoec
1802 676 1975 721 nostra
1994 665 2061 719 dc
2076 668 2310 738 Bosporo

749 757 1123 810 commentaria
1160 756 1419 819 resarcio,
1465 770 1583 826 que
1622 754 1803 827 pirata
1838 769 1870 805 a
1896 768 1979 805 me
2014 762 2133 806 ante
2159 750 2310 821 longe

748 844 1039 898 accuratius
1064 840 1329 896 elaborate
1354 858 1442 895 me
1464 839 1767 895 verberibus
1788 849 2092 909 coegerunt,
2123 848 2179 891 ut
2202 836 2310 891 dis·

749 929 1011 983 traherem
1028 968 1045 997 ,
1094 928 1153 981 in
1206 944 1455 999 mareque
1503 924 1840 999 projicerem,
1892 923 2174 997 quamlibet
2215 922 2310 979 diu

748 1035 901 1091 prece
934 1027 991 1072 et
1027 1014 1247 1091 praemio
1278 1015 1553 1090 proposito
1585 1032 1673 1069 eos
1696 1028 1939 1069 revocure
1972 1030 2206 1078 conarer,
2242 1030 2310 1067 ne

748 1107 909 1161 mein
933 1124 1053 1161 mee
1072 1104 1274 1160 viscere
1297 1106 1475 1159 saevire
1504 1114 1763 1177 cogerent.

821 1192 993 1263 Quale
1018 1202 1193 1247 sutem
1220 1194 1289 1247 sit
1311 1192 1733 1266 promontorium
1763 1192 2099 1262 Aneyraeum,
2124 1198 2177 1243 et
2200 1205 2309 1260 quo

750 1284 969 1336 nomine
994 1271 1299 1355 appelletur,
1326 1279 1435 1353 jam
1461 1279 1795 1353 explicemus.
1868 1278 2032 1334 Penio
2060 1292 2310 1351 promou-

752 1368 893 1422 torio
918 1368 1179 1439 Europoeo
1210 1367 1531 1421 contrarium
1568 1366 1851 1421 Asiaticum
1885 1363 2307 1436 promontorium

751 1453 923 1508 Graeci
945 1463 1134 1508 nostra
1148 1454 1307 1508 oetntis
1322 1451 1579 1527 appellant
1597 1443 1827 1522 Ψώμιον
1842 1440 1883 1517 ³,
1908 1460 2074 1505 totum
2093 1466 2306 1504 saxeum

753 1538 820 1594 sb
844 1541 954 1595 imo
973 1539 1041 1595 ad
1063 1558 1329 1595 summum
1356 1541 1583 1607 exsistit,
1608 1540 1831 1595 arduum
1855 1548 1910 1592 et
1934 1536 2219 1603 dixmum,
2248 1548 2308 1592 ut

752 1644 937 1682 murus
952 1669 967 1694 ,
1008 1630 1233 1700 exceptis
1269 1627 1478 1683 duobus
1498 1626 1625 1681 locis
1650 1626 1933 1699 depressis,
1980 1626 2039 1679 in
2076 1642 2306 1697 quorum

753 1713 917 1771 sltero
938 1726 1015 1769 est
1036 1714 1151 1769 fons
1176 1732 1320 1769 sacer
1346 1715 1533 1786 virgini
1556 1715 1809 1786 Pansgiae.
1850 1710 1934 1767 Ad
1955 1712 2060 1767 hoc
2084 1709 2304 1784 quidem

752 1805 1169 1876 promontorium
1201 1821 1232 1857 a
1256 1806 1489 1877 Bosporo
1517 1805 1806 1869 venientes,
1831 1812 2107 1875 postquam
2134 1816 2304 1855 ncces·

750 1900 957 1957 serunt,
1002 1900 1213 1963 repente
1242 1890 1422 1945 vident
1444 1908 1501 1945 se
1530 1891 1673 1945 exire
1702 1908 1767 1944 ex
1801 1889 2047 1960 angustiis
2077 1888 2133 1941 in
2164 1904 2308 1942 mere

750 1990 985 2052 apertum
1005 2018 1021 2044 ,
1048 1980 1105 2033 in
1127 1996 1309 2034 omnes
1336 1990 1509 2052 partos
1532 1978 1850 2033 interminati
1876 1986 2127 2050 aspectus.
2196 1976 2306 2029 Ve-

750 2067 945 2122 nientes
984 2083 1111 2122 vero
1147 2085 1180 2121 a
1226 2066 1409 2121 Rheba
1458 2066 1704 2129 flumine.
1754 2063 1911 2137 hujus
1955 2062 2304 2138 promontorii

750 2171 1053 2209 mucronem
1092 2162 1491 2227 pretereuntes,
1540 2153 1719 2208 vident
1755 2152 1917 2207 latum
1956 2168 2099 2206 mate
2140 2148 2307 2221 redigi

748 2242 801 2293 in
828 2250 1103 2313 angustum
1132 2258 1395 2295 recessum
1408 2280 1425 2307 ,
1454 2240 1521 2295 ab
1555 2256 1743 2295 occasu
1764 2237 1979 2312 quidem
2010 2237 2177 2293 Penio
2192 2276 2209 2305 ,
2240 2236 2310 2291 sb

748 2329 949 2385 oriente
990 2344 1117 2383 vero
1155 2320 1403 2401 Ψωμίῳ.
1444 2328 1570 2381 Haec
1608 2327 1750 2381 euim
1792 2324 1905 2379 duo
1948 2323 2308 2398 promontoria

750 2418 945 2489 primns
986 2417 1202 2489 Bospori
1238 2415 1413 2471 fauces
1453 2415 1728 2481 inchoent,
1764 2412 1957 2467 similes
1994 2412 2133 2466 sinui
2161 2429 2308 2467 acce·

748 2504 895 2559 denti
926 2503 993 2559 ed
1025 2502 1251 2559 sormam
1274 2502 1521 2575 trianguli
1548 2503 1705 2557 crassi
1742 2511 1797 2556 et
1836 2499 2101 2573 inaequalis
2116 2540 2131 2563 ,
2163 2495 2311 2571 cujus

748 2608 813 2643 ex
838 2590 1085 2646 lateribus
1110 2589 1279 2661 longis
1304 2590 1514 2644 circiter
1534 2588 1717 2660 viginti
1744 2586 1909 2642 stadie
1925 2626 1942 2653 ,
1970 2586 2189 2642 alterum
2226 2583 2310 2640 di·

745 2677 937 2732 rectius
961 2674 1123 2731 efficit
1148 2674 1297 2730 littus
1333 2675 1623 2731 Asiaticum
1637 2714 1655 2742 ,
1689 2690 1911 2746 pergens
1937 2692 1967 2727 a
1994 2672 2185 2727 vertice
2218 2689 2310 2727 en·

742 2763 850 2835 guli
878 2762 1103 2819 occiduo
1132 2761 1201 2817 sd
1223 2763 1391 2818 hasim
1418 2763 1775 2835 aquilonarem
1790 2782 1809 2830 3
1834 2762 1967 2818 letus
1992 2780 2137 2828 vero,
2167 2762 2312 2835 quod

739 2850 899 2907 efficit
930 2850 1079 2907 littus
1100 2851 1424 2924 Europaeum
1452 2849 1718 2923 obliquius
1740 2850 1913 2923 pergit
1932 2870 1965 2907 a
1991 2848 2210 2905 meridie
2242 2851 2311 2906 ad

748 2934 1009 2993 terdinem
1034 2938 1455 3010 septentrionum
1482 2955 1547 2992 ex
1571 2938 1759 2992 intimo
1780 2938 1901 2993 sinu
1920 2937 2178 2993 efficiente
2196 2955 2310 2993 ver·

738 3026 892 3081 tieem
933 3024 1199 3097 trianguli.
1275 3028 1349 3080 Os
1374 3025 1531 3081 Ponti
1557 3026 1835 3097 stringitur
1862 3026 2079 3081 velutin
2117 3025 2309 3081 collum

738 3110 898 3166 latum
920 3111 1037 3184 plus
1062 3111 1238 3165 minus
1260 3130 1349 3166 sex
1369 3109 1535 3167 stedia
1550 3150 1567 3179 ,
1589 3113 1645 3167 in
1662 3130 1771 3185 quo
1796 3122 1875 3165 est
1894 3111 2193 3185 Myrelium,
2223 3130 2310 3167 ve-

737 3198 815 3251 lut
838 3197 893 3252 in
922 3195 1097 3269 anguli
1126 3200 1321 3251 vertice
1344 3218 1361 3263 ;
1398 3196 1565 3251 basim
1609 3214 1733 3252 vero
1756 3196 2039 3252 efficientes
2078 3196 2190 3251 duo
2212 3215 2307 3252 sn-

740 3281 875 3354 guli,
902 3300 997 3337 seu
1034 3282 1211 3354 potius
1250 3280 1361 3338 duo
1394 3300 1593 3337 cornus
1608 3324 1625 3351 ,
1654 3284 1913 3337 exsistunt
1945 3284 2307 3355 promontoria

740 3370 941 3425 Panion
980 3380 1033 3423 et
1069 3371 1337 3425 Psomion.
1412 3370 1531 3425 Hoc
1565 3369 1680 3443 ipso
1715 3370 1861 3425 littus
1892 3388 2210 3443 procurrens
2236 3370 2304 3425 ed

741 3455 1037 3529 aquilonem
1064 3456 1291 3511 flectitur
1304 3456 1367 3511 ad
1387 3456 1509 3512 solis
1530 3468 1710 3513 ortum
1732 3456 1839 3512 fere
1858 3456 2271 3529 equinoctialem
2282 3480 2300 3526 ς

740 3542 831 3598 illo
849 3562 882 3598 a
904 3542 1121 3598 meridie
1142 3544 1209 3598 nd
1232 3542 1419 3599 mundi
1446 3544 1715 3601 cardinem
1740 3547 1993 3600 arcticum
2014 3544 2302 3619 procedens

740 3631 1045 3685 incurvatur
1077 3629 1145 3686 ed
1168 3630 1291 3686 solis
1311 3648 1576 3687 occasum.
1649 3636 1765 3689 Jem
1794 3651 1917 3689 cum
1940 3652 2005 3688 ex
2026 3631 2300 3688 antedictis

740 3729 856 3773 tum
877 3738 943 3775 ex
983 3736 1075 3784 eo,
1105 3718 1252 3791 quod
1278 3721 1417 3775 inter
1442 3721 1717 3793 scopulum
1755 3732 2117 3795 nuncupetum
2144 3721 2300 3777 Colo-

740 3822 845 3859 nen
871 3816 925 3860 et
942 3806 1138 3878 primas
1160 3804 1279 3860 freti
1302 3807 1571 3879 Bosporici
1601 3806 1771 3861 fauces
1800 3807 1999 3861 nullum
2025 3806 2302 3861 intercedit

812 4000 867 4055 3.
900 4000 1155 4075 Ψώμιον]
1191 4006 1235 4058 Α
1255 4005 1443 4059 Turcis
1470 4023 1615 4059 nunc
1638 4016 1853 4059 vocatur
1879 4008 2029 4059 Ioum
2054 4006 2300 4060 bottmun.

744 4080 863 4133 Vox
892 4078 1109 4152 Ψωμίον
1134 4098 1303 4154 quum
1328 4101 1523 4157 panem
1543 4082 1796 4155 significet
1814 4123 1831 4149 ,
1866 4083 1965 4139 hoc
1997 4095 2302 4157 promonto-

738 4158 879 4213 rium
920 4160 1139 4215 nomine
1180 4162 1501 4235 respondere
1540 4164 1705 4219 Penio
1728 4165 1803 4235 (i.
1841 4182 1892 4219 e.
1922 4164 2150 4237 Πανείῳ)
2176 4182 2299 4235 pro-

736 4240 1006 4293 montorio
1030 4240 1294 4313 Europaeo
1317 4242 1609 4297 hariolatur
1624 4245 1938 4298 Hammerus
1955 4262 2009 4317 p.
2032 4262 2157 4317 279.

811 4334 862 4372 1.
887 4320 1047 4375 Sinus
1078 4318 1213 4375 Divi
1234 4320 1442 4387 Sideri,
1476 4322 1570 4395 qui
1588 4342 1621 4378 a
1656 4322 1815 4379 borea
1840 4322 2100 4379 clauditur
2129 4327 2304 4397 Ancy-

736 4415 843 4452 raeo
874 4402 1244 4472 promontorio
1279 4404 1467 4473 (Ioum
1498 4402 1761 4474 boumuu)
1779 4443 1796 4470 ,
1825 4422 1857 4458 a
1883 4404 2101 4460 meridie
2130 4415 2304 4461 eutem

734 4480 1174 4552 eopromontorio
1192 4480 1247 4535 in
1261 4500 1369 4555 quo
1382 4481 1577 4555 pharus
1588 4493 1643 4537 et
1656 4482 1893 4537 Anadoli
1909 4482 2114 4539 Kalessi
2132 4486 2302 4557 posita

739 4568 862 4613 sunt
876 4599 894 4627 ,
919 4560 1251 4628 terminatur,
1274 4560 1437 4617 hodie
1460 4561 1658 4618 dicitur
1684 4563 1802 4617 baie
1824 4563 1887 4617 de
1903 4564 2163 4630 Eubulus,
2196 4564 2298 4633 vel,

738 4646 799 4691 ut
818 4638 875 4693 in
890 4638 1095 4694 Moltkii
1114 4640 1291 4697 tabule
1302 4642 1509 4715 legitur,
1528 4648 1643 4715 Ar)-
1657 4643 1897 4716 Kujassi.
1921 4647 1985 4697 In
2005 4645 2179 4699 sinum
2196 4648 2302 4703 exit

740 4714 933 4772 fluvius
988 4718 1475 4776 Kabakos·Tchaire
1511 4720 1683 4777 dictus
1698 4761 1716 4790 ,
1768 4722 1855 4777 cui
1904 4722 2107 4795 adjacet
2158 4727 2301 4781 vicus

737 4796 1065 4865 cognominis
1088 4797 1367 4867 (Kabakos
1396 4799 1679 4872 Tchiftelik
1698 4803 1741 4873 ).
1773 4802 2088 4857 Hammerus
2105 4821 2159 4876 p.
2188 4808 2292 4876 278

736 4872 911 4930 Sideri
926 4876 1101 4931 sinum
1127 4876 1195 4931 eb
1220 4882 1476 4952 Ancyraeo
1493 4899 1665 4954 prom.
1699 4882 1956 4937 orientem
1979 4901 2160 4939 versus
2194 4903 2292 4959 po·

738 4970 892 5021 nens,
911 4954 1225 5011 hodiernam
1247 4976 1371 5013 vero
1394 4958 1511 5014 baie
1526 4958 1588 5013 de
1607 4961 1849 5015 Kabakos
1864 4960 1932 5015 ed
1956 4980 2077 5017 eum
2094 4964 2292 5031 sinum,

733 5047 895 5102 quem
922 5033 1127 5107 Gyllius
1160 5036 1493 5110 Ampelodem
1513 5040 1684 5093 vocari
1707 5040 1779 5093 ait
1800 5078 1815 5103 ,
1840 5039 2067 5096 referens
2088 5081 2103 5107 ,
2137 5052 2294 5113 atque

735 5111 1011 5166 Psomium
1028 5117 1457 5186 promontorium
1487 5118 1833 5191 (Ancyraeum
1872 5122 2149 5193 Dionysii)
2172 5139 2295 5176 cum

732 5186 997 5245 hodierno
1040 5193 1319 5247 raam-aka·
1360 5213 1451 5250 seu
1494 5195 1645 5269 pheri
1678 5200 2041 5270 promontorio
2084 5218 2296 5273 compo-

732 5284 863 5321 nens
877 5308 896 5336 ,
910 5272 1109 5326 erravit
1134 5272 1417 5331 manifesto
1435 5276 1771 5350 Gylliumque
1792 5279 2011 5351 inspexit
2028 5280 2289 5351 negligen-

730 5346 853 5403 tius.

2397 668 2818 741 promontorium
2831 707 2847 734 ,
2881 665 2972 721 sed
2999 666 3257 721 duntaxat
3277 666 3422 720 littus
3449 676 3654 721 rectum
3667 706 3682 733 ,
3714 668 3928 743 plenum
3942 707 3962 737 ,

2395 754 2692 810 subulosum
2705 796 2721 821 ,
2752 765 2894 828 petet
2918 745 3156 826 Ψώμιον
3183 772 3294 809 esse
3317 762 3632 829 Ancyreum
3657 767 3966 828 promonto-

2396 840 2534 895 rium
2551 883 2567 906 ,
2597 840 2745 915 quod
2762 841 2832 896 ab
2857 841 3060 897 oriente
3075 882 3091 906 ,
3137 850 3196 896 ut
3219 840 3331 914 ipse
3363 842 3569 907 notavi,
3595 850 3658 896 ut
3679 858 3805 897 vero
3835 842 3966 901 Dio-

2397 928 2574 999 nysius
2602 928 2704 995 eit,
2733 946 2762 983 s
2789 926 3007 981 meridie
3051 926 3248 981 claudit
3295 926 3578 999 pulchrum
3608 944 3671 983 os
3697 929 3881 997 Ponti,
3911 940 3966 985 et

2395 1034 2461 1069 ex
2489 1034 2680 1087 magno
2705 1015 2888 1089 pelago
2907 1024 2963 1071 et
2993 1024 3178 1089 aperto
3204 1015 3344 1086 cogit
3375 1033 3518 1071 mere
3544 1016 3599 1069 in
3645 1015 3838 1072 fretum
3871 1036 3967 1072 an·-

2395 1112 2626 1173 gustum.

2467 1253 2566 1307 111.
2609 1254 2689 1305 De
2712 1254 2880 1321 Pyt-go
2897 1250 3092 1305 Medea·
3113 1263 3164 1305 et
3189 1248 3252 1305 de
3277 1250 3466 1305 insulis
3489 1250 3702 1321 &aneis
3722 1251 3887 1308 Asiae.

3051 1405 3151 1465 Fr.
3198 1414 3298 1465 55.

2469 1548 2615 1609 Post,
2633 1544 2806 1615 inquit
2819 1543 3119 1613 Dionysius,
3131 1555 3548 1616 promontorium
3563 1546 3870 1616 Ancyreum
3885 1558 3965 1602 est

2399 1634 2592 1701 Pyrgos
2613 1628 2809 1684 Medece
2839 1627 3124 1693 Colchidis,
3147 1640 3307 1703 petra
3344 1628 3570 1684 rotunda
3584 1669 3599 1696 ,
3632 1630 3684 1684 in
3708 1631 3964 1688 dit-ectum

2398 1716 2652 1772 tumulum
2675 1716 2836 1775 elata.
2884 1715 3038 1770 Ultra
3071 1720 3278 1787 pyrgon
3308 1715 3498 1771 Medea
3542 1715 3718 1771 insula
3744 1719 3958 1786 existit,

2395 1824 2512 1879 quoe
2536 1804 2702 1859 mariv
2733 1802 3040 1879 perturbati
3057 1802 3320 1875 fiuctibus
3359 1802 3628 1870 obruitur,
3679 1808 3964 1880 tranquillo

2395 1893 2534 1947 mari
2560 1892 2846 1964 manifesta
2869 1903 3112 1966 apparet.
3185 1892 3366 1963 Hujus
3401 1904 3662 1947 extremas
3695 1906 3877 1967 partes
3911 1906 3964 1950 et

2393 1978 2666 2035 cacumina
2700 1982 2921 2051 Cyaneas
2961 1977 3301 2033 nominarunt
3314 2019 3331 2044 ,
3361 1997 3423 2033 ne
3457 1977 3740 2034 seeundum
3768 1980 3962 2037 Asiam

2393 2078 2588 2121 natura
2603 2082 2786 2141 expers
2803 2075 2932 2120 esset
2957 2065 3268 2133 insularum,
3291 2083 3384 2120 nee
3402 2064 3724 2139 fabulafide
3742 2080 3955 2131 cantet.

2396 2152 2631 2209 tradente
2655 2156 2878 2225 &aneas
2900 2149 3026 2206 olim
3065 2150 3202 2207 inter
3213 2168 3270 2207 se
3303 2149 3642 2218 concurrisse,
3667 2153 3962 2229 Symplega-

2394 2238 2580 2313 desque
2613 2258 2648 2293 a
2685 2258 2740 2295 re
2753 2279 2769 2305 ,
2807 2258 2921 2313 quoe
2959 2236 3272 2305 accidisset,
3315 2237 3616 2293 nominatas
3658 2257 3765 2297 esse
3777 2264 3800 2307 ,·
3843 2240 3963 2299 inde

2393 2324 2670 2381 stationem
2691 2324 2896 2392 fimum
2921 2323 3106 2379 habere
3140 2322 3291 2399 apud
3309 2337 3584 2399 utramque
3619 2326 3960 2386 coutinentem

2396 2412 2473 2467 aci
2494 2410 2690 2468 vadum
2731 2410 2895 2467 maris
2926 2410 3040 2466 suis
3077 2408 3350 2466 radicibus
3386 2410 3684 2467 adnitentes
3700 2412 3861 2485 fato,
3905 2416 3960 2471 in

2399 2502 2669 2572 utmmque‘
2687 2508 2896 2573 partem
2918 2495 3271 2570 separationis
3293 2498 3758 2570 seruantesfidem.

2470 2586 2594 2640 Haec
2633 2582 2848 2657 quidem
2891 2583 3194 2655 Dionysius.
3279 2583 3656 2639 Promontorio
3703 2588 3962 2659 Ancyraeo

2400 2672 2627 2743 cingitur
2647 2670 2716 2725 sb
2745 2668 2986 2742 aquilone
3008 2670 3156 2723 sinus
3183 2686 3214 2721 a
3253 2668 3449 2725 Graecis
3475 2682 3808 2744 nuncupatus
3835 2674 3961 2731 Divi

2400 2757 2568 2814 Sideri
2590 2769 2633 2823 ⁸,
2676 2758 2732 2812 iu
2773 2773 2930 2829 quem
2969 2754 3205 2811 medium
3249 2756 3428 2811 influit
3463 2757 3610 2813 rivus
3645 2762 3792 2815 omni
3834 2764 3960 2819 anni

2402 2857 2638 2917 tempore
2665 2843 2908 2917 perennis
2921 2882 2938 2909 ,
2969 2843 3062 2915 qui
3098 2841 3230 2896 exile
3253 2842 3446 2897 ostium
3477 2844 3574 2898 etsi
3597 2862 3658 2899 en
3696 2850 3958 2919 magnitu-

2399 2932 2526 2989 dine
2561 2932 2726 2987 fluens
2746 2931 2902 2987 habet
2918 2972 2933 2997 ,
2959 2948 3064 3003 qua
3086 2929 3198 2985 dixi
3223 2931 3552 3004 Myrlesnum
3581 2932 3765 2990 flueret
3785 2947 3962 2994 tamen

2397 3021 2616 3077 interius
2641 3020 2798 3094 poulo
2821 3034 2978 3094 supra
3001 3022 3194 3075 ostium
3221 3018 3379 3074 habet
3401 3019 3606 3075 alveum
3639 3040 3884 3095 magnum
3907 3036 3963 3085 et

2395 3110 2608 3184 plenum
2649 3108 2720 3164 ob
2763 3107 3032 3182 planitiem
3075 3106 3261 3163 leniter
3297 3110 3598 3181 resupinam
3614 3149 3632 3177 ,
3666 3128 3762 3183 per
3800 3132 3961 3187 quam

2396 3195 2622 3251 mediam
2646 3193 2923 3249 delabitur.
2996 3196 3061 3248 In
3092 3192 3250 3265 hujus
3272 3194 3419 3247 sinus
3441 3193 3630 3262 latere,
3663 3198 3808 3269 quod
3845 3200 3961 3255 effi.

2394 3284 2469 3336 cit
2500 3280 2926 3355 promontorium
2952 3282 3295 3352 Ancyraeum,
3333 3290 3410 3333 est
3432 3279 3678 3352 scopulus
3699 3294 3717 3319 ²
3742 3286 3796 3338 in
3831 3304 3962 3358 qua-

2395 3378 2518 3423 tuor
2549 3376 2722 3439 petrns
2747 3365 2945 3419 divisus
2974 3383 3133 3438 supra
3166 3382 3356 3437 aquam
3370 3405 3388 3433 ,
3415 3384 3534 3438 quae
3565 3366 3748 3423 subter
3767 3388 3960 3444 equam

2391 3453 2592 3509 radices
2621 3452 2925 3525 conjunctas
2958 3451 3179 3519 habent,
3209 3462 3460 3525 separata
3485 3452 3702 3526 quidem
3725 3474 3756 3511 a
3787 3462 3960 3515 conti-

2389 3542 2536 3597 nenti
2579 3540 2727 3595 brevi
2772 3542 2982 3614 euripo,
3027 3541 3166 3595 sexis
3208 3539 3408 3595 crebris
3443 3539 3639 3596 referto
3652 3581 3670 3609 ,
3713 3560 3811 3616 per
3841 3562 3960 3619 quae

2391 3630 2530 3685 velut
2557 3648 2653 3703 per
2677 3628 2901 3703 gradus,
2927 3646 3051 3685 cum
3087 3639 3167 3684 est
3202 3645 3350 3683 mere
3388 3628 3761 3701 tranquillum,
3807 3634 3960 3691 siccis

2389 3718 2610 3794 pedibus
2650 3720 2894 3792 euripum
2941 3718 3340 3774 intercidentem
3387 3720 3526 3775 inter
3577 3723 3854 3794 scopulum
3903 3738 3958 3784 et

2391 3808 2746 3863 continentem
2785 3808 3005 3861 transire
3041 3808 3180 3863 licet.
3255 3808 3393 3863 Cum
3429 3820 3602 3864 autem
3640 3823 3765 3868 sunt
3798 3815 3958 3893 meris

2468 4020 2522 4059 α.
2555 4006 2844 4080 scopulus]
2865 4006 2966 4059 Hic
2986 4004 3232 4079 scopulus
3249 4006 3340 4078 qui
3359 4017 3414 4060 et
3440 4008 3544 4061 situ
3569 4024 3670 4061 suo
3694 4019 3748 4063 et
3771 4020 3958 4066 ustura

2393 4084 2632 4139 omnium
2673 4086 2872 4158 optime
2906 4084 3189 4158 respondet
3235 4086 3456 4157 Cyaneae
3497 4088 3797 4160 Europoeae,
3824 4108 3956 4146 num

2393 4163 2508 4218 talis
2529 4163 2835 4219 etiamnunc
2858 4175 3023 4219 exstet
3047 4174 3102 4219 et
3123 4163 3340 4219 ubinam
3365 4164 3645 4238 ponendus
3671 4166 3766 4235 sit,
3801 4186 3956 4223 sccu-

2391 4244 2555 4299 ratius
2591 4242 2766 4299 dicere
2811 4262 2918 4299 non
2974 4244 3164 4299 haheo.
3237 4244 3492 4300 Moltkius
3534 4246 3592 4300 in
3641 4246 3957 4320 amplissima

2393 4324 2612 4397 Bospori
2653 4322 2830 4379 tabule
2854 4323 2920 4378 nd
2967 4323 3140 4397 ipsum
3177 4327 3495 4397 Ancyreum
3531 4328 3956 4398 promontorium

2386 4401 2540 4476 juxte
2563 4403 2741 4459 locum
2757 4403 2850 4459 ubi
2873 4422 3060 4476 magne
3086 4402 3334 4478 spelunca
3352 4415 3459 4473 est,
3484 4403 3780 4479 complures
3805 4417 3957 4464 notat

2391 4483 2639 4539 insulules
2655 4486 2764 4539 sive
2789 4496 2962 4540 cautes
2979 4525 2994 4551 ,
3019 4502 3244 4558 querum
3270 4486 3448 4541 nescio
3475 4502 3592 4560 quae
3615 4482 3811 4541 suerint
3830 4504 3953 4543 sco-

2389 4566 2543 4639 pulus
2561 4584 2592 4621 a
2609 4566 2782 4640 Gyllio
2795 4565 3084 4640 descriptus
3102 4578 3258 4640 atque
3276 4567 3437 4623 turris
3453 4567 3653 4622 Medeae
3669 4578 3722 4622 et
3735 4568 3956 4641 Cyaneas

2391 4646 2650 4720 Dionysii.
2727 4648 3039 4702 Hammerus
3066 4664 3120 4721 p.
3154 4664 3254 4717 ²79
3281 4646 3355 4701 ite
3394 4646 3594 4701 habet:
3631 4671 3654 4693 ι
3691 4648 3755 4700 In
3783 4646 3955 4704 dieser

2387 4726 2559 4781 Bucht
2584 4730 2726 4794 (von
2754 4725 3040 4797 Kabakos)
3075 4745 3248 4781 waren
3273 4726 3454 4780 Felsen
3487 4724 3682 4780 welche
3708 4726 3845 4781 noch
3884 4744 3955 4782 zu

2385 4805 2588 4879 Gyllius
2619 4810 2798 4862 Zeiten
2817 4804 2968 4879 jeder
2993 4808 3146 4861 einen
3167 4806 3462 4860 boeondern
3488 4807 3690 4861 Numen
3729 4816 3914 4877 trugen
3930 4846 3948 4873 ,

2383 4886 2472 4941 die
2513 4886 2639 4941 aber
2676 4888 2834 4942 heute
2881 4904 2985 4941 von
3028 4884 3138 4939 ‘den
3181 4884 3412 4946 Fluthen
3449 4882 3676 4939 hedeckt
3713 4882 3947 4940 werden.

2385 4968 2564 5021 Diesss
2596 4984 2774 5024 waren
2804 4964 3150 5021 vermuthlich
3198 4964 3285 5021 die
3339 4964 3646 5019 asiatischen
3696 4964 3951 5036 Kyancen

2380 5046 2578 5101 welche
2613 5045 2710 5101 der
2737 5044 3042 5101 Wanderer
3063 5044 3222 5099 heute
3243 5043 3536 5114 vergeblich
3561 5042 3733 5098 sucht.
3763 5066 3786 5089 ι
3823 5041 3951 5097 Hac

2381 5121 2598 5180 confuse
2620 5136 2762 5189 sunt,
2788 5144 2950 5197 quum
2969 5123 3036 5179 ad
3055 5124 3296 5177 Kabakos
3317 5125 3427 5178 sive
3445 5122 3566 5175 Divi
3585 5119 3753 5177 Sideri
3771 5122 3948 5174 sinum

2379 5204 2673 5260 reserantur
2713 5223 2830 5278 quae
2855 5203 3054 5277 Gyllius
3097 5207 3166 5257 de
3205 5202 3496 5275 Ampelode
3534 5203 3656 5256 sinu
3701 5201 3942 5272 exponit,

2379 5302 2503 5339 saxa
2520 5293 2698 5338 eutem
2727 5281 3028 5356 Ampelodis
3046 5283 3192 5336 sinus
3210 5300 3241 5335 a
3269 5281 3444 5353 Gyllio
3481 5288 3768 5335 memorata
3787 5278 3944 5331 etiam

2383 5364 2438 5417 in
2457 5362 2726 5418 hodiernis
2749 5363 2936 5417 tabulis
2953 5363 3176 5417 nauticis
3200 5370 3470 5418 notentur.
