4584 6284
1974 561 2195 623 ORBlS
2234 562 2706 627 msscnwrlo.

886 692 1141 773 σφενδόνῃ
1170 692 1417 751 εἷοικυῖα·
1450 691 1575 767 μίαν
1605 692 1663 754 δέ
1688 696 1713 753 ί
1741 694 1933 771 καίπερ
1962 697 2141 755 ἐοῦσαν

881 782 1147 861 ἄνθρωποι
1172 784 1443 861 τρισσῇσιν
1474 782 1558 839 ε’π*
1586 780 1849 862 ἠπείροισι
1882 781 2105 843 δάσαντο
2123 805 2137 819 ·

3829 577 3944 639 10⁸

2388 702 2564 760 funde
2589 706 2789 760 similis.
2819 708 2938 760 Una
2963 719 3138 763 autem
3165 710 3402 781 quamvis
3423 711 3518 777 sit,

2387 790 2622 845 homines
2647 793 2702 845 in
2727 803 2828 845 tres
2849 810 2968 847 eam
2991 795 3316 849 continentes
3343 796 3522 867 partiti
3543 806 3692 863 sunt,

884 868 1101 950 πρώτην
1126 868 1222 947 μὲν
1244 868 1449 939 Λιὸύην
1464 914 1477 941 ,
1504 869 1638 948 μετὰ
1661 872 1711 929 δ’
1742 867 1999 950 Εὐρώπην
2018 872 2191 945 Ἀσίην
2212 892 2291 933 τε.
2385 878 2612 949 primum
2631 880 2685 932 in
2713 879 2930 951 Libyam
2949 920 2964 945 ,
2992 877 3184 935 deinde
3207 882 3262 935 iu
3281 882 3552 955 Europam
3564 884 3862 957 Asiamque.

807 976 855 1015 ιυ
886 955 1025 1016 Ἀλλ’
1052 958 1170 1031 ἤτοι
1200 956 1373 1029 Λιὸύη
1404 956 1496 1033 μὲν
1528 961 1623 1016 ἀπ’
1648 958 1901 1037 Εὐρώπης
1928 958 2039 1038 ἔχει
2068 950 2215 1040 οὖρον

880 1042 1028 1113 λοξὸν
1051 1045 1138 1104 ἐπὶ
1154 1051 1455 1125 γραμμῇσι,
1472 1046 1699 1127 Γάδειρά
1718 1069 1775 1106 τε
1794 1046 1881 1107 καὶ
1902 1046 2073 1125 στόμα
2092 1050 2296 1123 Νείλου,

880 1136 999 1192 ἔνθα
1034 1133 1357 1212 βορειότατος
1385 1133 1600 1195 πέλεται
1624 1134 1787 1217 μυχὸς
1814 1134 2097 1217 Αἰγύπτοιο

882 1220 971 1280 καὶ
1002 1221 1215 1298 τέμενος
1240 1222 1555 1303 περίπυστον
1588 1223 1917 1302 Ἀμυκλαίοιο
1944 1223 2233 1285 Κανώὸου·

888 1308 1146 1386 Εὐρώπην
1176 1311 1222 1367 δ’
1252 1308 1423 1383 Ἀσίης
1448 1311 1649 1380 Τάναϊς
1676 1311 1763 1371 διὰ
1794 1312 1985 1388 μίσσον
2014 1310 2201 1392 ὁρίζει,

800 1413 847 1455 ts
876 1394 929 1463 ὅς
958 1396 1024 1477 poi
1048 1401 1095 1454 θ’
1120 1396 1446 1475 ἑλισσόμενος
1478 1396 1629 1475 γαίης
1658 1398 1745 1459 διὰ
1775 1398 2171 1479 Σαυροματάων

882 1482 1099 1564 σύρεται
1128 1486 1175 1555 ἐς
1205 1487 1430 1559 Σκυθίην
1457 1510 1514 1547 τε
1538 1489 1629 1547 καὶ
1652 1491 1703 1555 ἐς
1729 1486 2009 1551 Μαιώτιδα
2033 1486 2250 1567 λίμνην,

878 1572 1008 1653 πρὸς
1036 1573 1237 1652 βορέην·
1258 1572 1421 1634 νότιον
1453 1574 1507 1633 δὲ
1537 1573 1811 1655 μεσούριον
1836 1575 2249 1649 Ἑλλήσποντος·

882 1666 1031 1735 σῆμα
1052 1661 1097 1720 δ’
1122 1661 1463 1741 ὐπαρτέταται
1484 1662 1783 1742 νοτιώτερον
1804 1668 1853 1731 ἐς
1874 1665 2049 1743 στόμα
2068 1664 2261 1728 Νείλου
2275 1689 2288 1703 ·

874 1744 1049 1805 Ἄλλοι
1076 1750 1119 1805 δ’
1144 1748 1403 1828 ἠπείροισι
1430 1749 1513 1808 διὰ
1541 1750 1703 1828 χθόνα
1734 1749 2081 1831 νοσφίζουσιν.

796 1852 850 1893 20
878 1832 1083 1911 ’ἰσθμὸς
1111 1835 1217 1894 ἄνω
1242 1835 1455 1895 τέταταί
1476 1860 1551 1903 τις
1575 1836 1863 1916 ὑπέρτατος
1887 1835 2083 1905 Ἀσίδος
2105 1836 2253 1910 αἴης,

876 1922 1115 1997 Κασπίης
1140 1946 1196 1981 τε
1225 1922 1426 2001 μεσηγὺ
1455 1926 1545 1984 καὶ
1580 1923 1844 1994 Εὐξείνοιο
1870 1924 2168 1998 θαλάσσης·

868 2017 1035 2067 κεῖνον
1064 2008 1108 2068 δ’
1142 2010 1393 2090 Εὐρώπης
1415 2012 1587 2083 Ἀσίης
1616 2016 1662 2069 θ’
1694 2011 1811 2091 ὅρον
1840 2014 2131 2085 ηὐδάξαντο
2150 2040 2163 2053 ·

869 2096 1022 2162 ἄλλος
1050 2098 1095 2153 δ’
1129 2090 1195 2157 αὗ
1224 2099 1423 2179 μακρὸς
1447 2099 1540 2159 καὶ
1565 2098 1851 2181 ἀθέσφατος
1874 2103 1924 2167 ἐς
1946 2100 2091 2160 νότον
2121 2101 2285 2181 ἷρπει,

864 2184 1109 2266 Ἀραὸίου
1140 2188 1358 2248 κόλποιο
1379 2188 1471 2248 καὶ
1501 2190 1787 2268 Αἰγύπτοιο
1814 2191 2045 2269 μεσηγὺ,

783 2292 834 2333 as
868 2272 921 2341 ὅς
954 2274 1019 2354 ῥά
1046 2298 1101 2333 τε
1130 2276 1355 2357 mestun
1385 2275 1586 2349 Λιῧύην
1610 2275 1897 2347 Ἀσιήτιδος
1925 2277 2065 2347 αἴης.

956 2366 1095 2424 Τοῖα
1127 2365 1219 2438 μὲν
1250 2368 1383 2446 ἀμφ’
1413 2362 1609 2445 οὔροισι
1638 2366 1811 2446 βροτοὶ
1841 2364 2203 2447 διεφημίξαντο
2220 2388 2233 2403 ·

867 2450 1042 2523 πάντη
1072 2452 1116 2510 δ’
1147 2452 1421 2528 ἀκαμάτου
1452 2453 1663 2534 φέρεται
1694 2452 1806 2533 ῥόος
1838 2450 2145 2529 Ὠκεανοῖο,

2385 968 2454 1019 At
2483 982 2603 1019 vero
2631 965 2808 1039 Libyae
2829 978 2884 1021 et
2906 968 3132 1039 Europae
3157 967 3385 1023 confinia
3409 968 3650 1026 obtinent

2382 1071 2477 1126 per
2499 1053 2764 1126 obliquam
2787 1054 2974 1109 lineam
2996 1054 3168 1109 Gades
3195 1055 3404 1129 Nilique
3429 1059 3622 1113 ostium
3639 1099 3655 1125 ,

2383 1159 2482 1213 qua
2513 1142 2738 1197 maxime
2761 1140 2982 1197 borealis
3003 1154 3082 1198 est
3103 1144 3307 1217 AEgypti
3335 1162 3565 1201 recessus
3582 1186 3598 1212 ,

2381 1241 2432 1284 et
2455 1248 2660 1285 sacrum
2684 1230 2940 1286 famosum
2966 1232 3210 1305 Amyelaei
3237 1234 3459 1305 Canopi.

2381 1318 2644 1390 Europam
2673 1336 2795 1373 vero
2817 1317 2886 1373 ab
2909 1319 3032 1373 Asia
3051 1318 3244 1373 Tanais
3269 1316 3474 1373 medius
3495 1317 3698 1375 dirimit
3715 1364 3728 1383 ,

2379 1404 2470 1475 qui
2494 1402 2706 1475 quidem
2733 1404 2911 1458 labens
2937 1421 3032 1475 per
3053 1414 3246 1459 terram
3269 1404 3695 1461 Sauromatarum

2379 1490 2539 1562 serpit
2556 1492 2610 1544 in
2633 1489 2896 1564 Scythiam
2919 1508 2982 1545 ae
3003 1490 3296 1547 Meotidem
3323 1492 3567 1565 paludem
3583 1534 3600 1559 ,

2380 1593 2556 1631 venus
2572 1576 2784 1632 boream
2798 1598 2815 1644 ς
2831 1576 3068 1633 australis
3085 1588 3258 1633 autern
3273 1580 3531 1633 terminus
3541 1581 3929 1655 Hellespontus,

2377 1666 2502 1721 hinc
2525 1667 2797 1721 australior
2821 1666 2967 1720 limes
2989 1667 3320 1739 protenditur
3335 1668 3392 1721 in
3417 1668 3610 1722 ostium
3633 1669 3758 1725 Nili.

2377 1754 2480 1810 Alii
2503 1772 2626 1810 vero
2649 1754 3038 1809 continentibus
3061 1764 3254 1809 terram
3273 1753 3582 1809 diffindunt.

2375 1844 2602 1898 Isthmus
2622 1842 2838 1915 quidam
2861 1859 3068 1896 sursum
3093 1840 3290 1906 tendit,
3316 1844 3556 1897 Asiaticae
3573 1843 3801 1915 regionis

2377 1946 2667 2003 supremus,
2689 1928 2936 2001 Caspium
2964 1930 3102 1983 inter
3125 1940 3178 1983 et
3203 1930 3472 1984 Euxinum
3494 1947 3672 1996 mare3

2374 2015 2518 2070 hune
2540 2017 2760 2087 Europoe
2786 2017 3026 2085 Asiaeque
3053 2016 3332 2069 terminum
3357 2012 3694 2073 definierunt.

2375 2104 2600 2155 Rursum
2627 2100 2758 2155 alius
2779 2100 2965 2172 longus
2987 2110 3042 2154 et
3063 2102 3242 2171 iugens
3268 2118 3449 2156 versus
3475 2114 3712 2157 austrum
3739 2104 3928 2175 serpit,

2378 2187 2660 2244 Arabicum
2681 2188 2818 2242 inter
2833 2188 3008 2241 sinum
3029 2197 3083 2242 et
3099 2188 3380 2260 AEgyptum
3397 2228 3414 2254 ‚

2373 2276 2464 2347 qui
2492 2275 2710 2346 Libyam
2731 2272 2954 2346 sejungit
2974 2273 3041 2327 ab
3061 2281 3201 2329 terra
3225 2275 3471 2333 Asiatica.

2438 2360 2582 2417 Talia
2603 2361 2669 2415 de
2695 2360 2885 2414 finibus
2907 2359 3146 2414 mortales
3170 2358 3526 2433 divulgarunt.

2371 2448 2616 2520 Undique
2641 2466 2764 2501 vero
2786 2444 3026 2501 indefessi
3055 2445 3298 2501 feruntur
3315 2448 3508 2503 fluenta
3528 2448 3742 2515 Oceani,

718 2616 911 2688 ρυτίρη.
939 2616 1109 2669 Testis
1132 2619 1203 2669 rei
1230 2627 1307 2669 est
1334 2618 1565 2671 Avienus
1585 2637 1636 2672 ν.
1668 2619 1729 2671 13
1757 2616 1887 2672 :sed
1905 2617 2165 2672 mataeetiao
2186 2634 2287 2689 quo
2377 2611 2591 2669 raelides
2609 2613 2857 2666 Ponticus
2888 2611 3001 2684 (ap.
3031 2611 3294 2666 Plutarch.
3317 2616 3396 2667 De
3415 2616 3484 2668 Is.
3515 2623 3567 2667 et
3587 2616 3726 2669 Ostr.
3755 2634 3803 2670 c.
3838 2620 3930 2686 27)

718 2693 901 2749 coeleem
926 2695 1032 2750 sole
1073 2696 1299 2749 rubescat
1314 2736 1328 2760 ,
1357 2696 1519 2750 latior
1530 2719 1551 2762 ,·
1572 2697 1739 2751 ποὺ-ι’
1782 2710 2039 2751 etat-mtur-
2068 2696 2287 2770 ces-puis
2375 2694 2432 2749 τὸ
2457 2692 2752 2765 χρηστήριον
2793 2690 2844 2743 ἂν
2879 2690 3097 2763 nervoso
3125 2691 3415 2754 Πλούτωνος
3456 2709 3772 2749 memorans.
3814 2696 3931 2769 Ipsa

714 2790 847 2826 arvo
860 2795 881 2837 ,·
914 2784 1082 2826 cetera
1097 2785 1376 2847 protentus
1404 2794 1422 2827 .·
1450 2776 1506 2829 in
1552 2776 1747 2847 quibus
1773 2776 1967 2830 Vlitius
1995 2792 2095 2848 pro
2128 2774 2290 2829 latior
2375 2772 2599 2845 deniqne
2623 2768 2822 2826 Canohi
2851 2784 2904 2823 et
2923 2770 3128 2843 Serapis
3153 2771 3362 2824 nomina
3381 2810 3396 2839 ,
3427 2789 3653 2843 quorum
3681 2772 3806 2828 illud
3835 2792 3929 2830 an·

715 2848 811 2921 legi
842 2852 1007 2906 voluit
1032 2854 1249 2916 arctior,
1280 2853 1454 2925 quod,
1485 2857 1725 2927 quamvis
1770 2856 1992 2930 probare
2018 2855 2284 2913 Bernhar-
2375 2852 2568 2925 tiquius
2585 2892 2602 2918 ,
2633 2851 2734 2905 hoe
2757 2850 3014 2905 recentius
3055 2848 3206 2903 suerit
3225 2889 3242 2917 ,
3270 2849 3336 2904 ab
3371 2867 3482 2905 uno
3521 2851 3812 2927 eodemque
3836 2860 3930 2909 Sa·

710 2928 845 3002 dyus
866 2934 939 3003 (p.
970 2930 1095 3005 523)
1117 2930 1372 2997 videatur,
1392 2931 1513 2987 ferri
1534 2932 1679 2987 nullo
1704 2932 1865 2988 modo
1879 2944 2080 3007 potest3
2102 2942 2285 2988 contra
2373 2948 2531 3005 aupes
2555 2930 2664 2983 sive
2684 2928 2895 3002 Sinopes
2923 2928 3064 2983 urbis
3089 2928 3302 2982 nomine
3317 2927 3602 2983 derivanda
3627 2948 3738 2985 esse
3756 2944 3930 2989 censet

710 3026 834 3062 vero
862 3009 1031 3064 miror
1056 3010 1319 3064 neminem
1362 3010 1536 3067 adhuc
1566 3012 1757 3067 vidisse
1798 3030 1897 3085 pro
1936 3030 2098 3079 arva,
2139 3012 2283 3084 quod
2371 3012 2578 3063 Movet-s
2607 3011 2745 3078 (Dus
2762 3008 2938 3080 pleoen.
2963 3007 3194 3062 Altertla.
3227 3022 3279 3073 a,
3308 3023 3364 3079 p.
3395 3010 3540 3079 198).
3579 3009 3736 3063 Hune
3770 3010 3932 3083 igitur

710 3086 861 3157 vulgo
886 3087 1093 3159 legitur,
1121 3090 1482 3161 reponendum
1512 3109 1623 3145 esse
1642 3110 1792 3146 arvo.
1825 3094 1845 3161 ΙΙ
1867 3122 1938 3133 -
1966 3094 2019 3147 8.
2052 3090 2279 3161 εἰοικυῗα]
2369 3088 2565 3143 cultum
2596 3086 2680 3141 dei
2709 3084 2859 3141 inseri
2889 3096 2941 3141 et
2967 3104 2998 3140 e
3023 3087 3298 3158 peregrino
3313 3082 3544 3152 advecti,
3566 3103 3724 3158 quem
3744 3086 3930 3145 fabule

707 3166 826 3221 ἔοικ.
858 3171 979 3232 ΝΥ,
1010 3166 1169 3223 εἰκυῖα
1197 3170 1504 3232 Gaea-meet
1517 3180 1568 3225 et
1598 3189 1735 3225 unus
1764 3172 1901 3227 Flor.
1933 3170 2031 3241 ἐπ’]
2057 3170 2108 3225 ἐν
2133 3170 2275 3236 ihus,

2370 3165 2448 3220 vel
2489 3166 2784 3221 Chat-onem
2832 3163 3095 3237 quendam
3139 3163 3220 3219 vel
3259 3164 3482 3221 Menelai
3527 3166 3928 3236 gubernatorem

707 3264 825 3316 mgo
850 3250 915 3311 X,
942 3246 1322 3319 paraphrasis„
1349 3269 1484 3319 -9,
1508 3252 1707 3320 πρώτην
1726 3251 1811 3321 μὲν
1841 3250 2045 3318 Διὸΰην]
2068 3252 2275 3307 CADG
2367 3244 2648 3311 exhibent,
2672 3262 2704 3299 a
2743 3245 2997 3317 Dionysio
3035 3262 3162 3299 voce
3203 3245 3401 3316 τέμενος
3443 3244 3709 3316 indigitari
3757 3248 3926 3303 eredi-

710 3322 1205 3394 Ltvoytsaefigehot,
1226 3337 1331 3380 tres
1346 3326 1509 3392 Flor„
1528 3331 1699 3401 prima
1720 3347 1880 3383 inanu
1902 3346 1949 3393 s,
1978 3327 2105 3381 edit.
2129 3328 2274 3393 ΑΜ..

706 3402 1062 3473 paraphrasis,
1108 3404 1453 3473 probantibus
1492 3404 1731 3459 Brunkio
1758 3417 1810 3460 et
1838 3402 2131 3469 Sehaesero;
2154 3405 2275 3477 pri·

709 3498 845 3533 mam
864 3480 1072 3550 Libyam
1088 3482 1557 3553 Priscian.,np‹'i'›rov
1574 3484 1659 3553 μὲν
1678 3487 1739 3539 Δ.
1760 3487 1819 3541 M
1825 3484 1990 3537 schol.
1996 3522 2013 3549 ,
2030 3484 2273 3538 Eustath.

711 3558 871 3630 (apud
899 3576 1059 3630 quem
1084 3564 1249 3629 πρῶτα
1272 3560 1359 3631 μὲν
1386 3559 1507 3615 cod.
1542 3565 1639 3629 E);
1670 3568 1836 3632 πρῶτα
1860 3561 1944 3633 μὲν
1969 3564 2027 3615 Δ.
2050 3562 2169 3615 cod.
2204 3568 2275 3618 Lo

708 3647 761 3691 et
792 3654 825 3691 e
862 3648 1083 3693 correct.
1113 3655 1173 3701 s,·
1197 3644 1362 3709 πρῶτα
1406 3638 1492 3709 μὲν
1520 3634 1607 3694 οὖν
1634 3652 1758 3696 cett.
1802 3652 1855 3695 et
1891 3640 2019 3696 edit.
2050 3641 2269 3707 Bernh.;

706 3717 904 3787 πρώτην
938 3715 1024 3789 μὲν
1067 3710 1153 3770 οὖν
1182 3736 1235 3791 q.
1267 3718 1291 3789 ΙΙ
1324 3750 1391 3759 -
1426 3736 1510 3775 11.
1552 3718 1635 3775 Cf.
1686 3738 1761 3775 vs.
1797 3720 1895 3773 313
1944 3738 1958 3775 :
2003 3718 2149 3791 ὀρθὸν
2194 3720 2274 3775 ἐπὶ

708 3801 935 3869 γραμμῇ.
967 3796 989 3865 ΙΙ
1032 3826 1100 3837 -
1130 3813 1211 3851 ta.
1242 3796 1567 3869 βορειότατος]
1611 3799 1912 3871 θερειότατος
1955 3800 2010 3853 in
2040 3802 2273 3869 margine

709 3884 857 3928 notat
899 3876 1210 3947 Stephanus.
1264 3876 1507 3931 Meminit
1548 3876 1664 3949 ejus
1710 3878 1944 3932 lectionis
1997 3878 2271 3935 scholiasta

710 3954 953 4025 miroque
981 3952 1140 4007 modo
1157 3972 1269 4008 eam
1288 3955 1545 4027 explicare
1562 3956 1756 4011 studet.
1787 3960 1807 4027 n
1836 3988 1907 3999 —
1933 3958 2018 4012 13.
2056 3982 2078 4004 ι
2120 3958 2269 4031 Τέμε-

707 4052 791 4095 νος
834 4033 1065 4087 Κανώὸου
1130 4034 1429 4088 Eustathius
1474 4052 1593 4089 vere
1650 4034 1716 4088 ad
1762 4038 2019 4109 poetieam
2074 4036 2271 4091 rettulit

706 4112 1195 4183 amplificationem3
1234 4114 1287 4166 in
1321 4123 1461 4168 tanta
1498 4114 1698 4170 cunobi
1731 4116 1840 4169 sive
1866 4114 2066 4186 Canopi
2098 4113 2271 4169 herois

705 4194 1032 4258 celebritate,
1064 4192 1269 4263 publica
1314 4203 1489 4247 tamen
1539 4212 1698 4265 quam
1738 4193 2063 4267 geographus
2100 4206 2270 4266 posset

704 4271 865 4325 literis
906 4268 1313 4344 compendiariis
1356 4270 1606 4326 mandare
1634 4275 1929 4338 veneratio,
1958 4274 2215 4345 siquidem
2240 4292 2269 4327 a

700 4350 1018 4421 conjecturis
1032 4352 1245 4405 novitiis
1262 4350 1576 4417 discesseris,
1599 4352 1818 4427 reperiri
1836 4351 2043 4407 videtur
2056 4352 2215 4407 nulla.
2241 4378 2263 4399 ι

698 4426 1080 4501 Bernhw-‹ij-ees.
1130 4430 1405 4484 Canobum
1435 4431 1845 4501 gubernatorem
1872 4429 2088 4503 ejusque
2128 4447 2263 4485 uxo-

695 4526 811 4563 rem
843 4509 1207 4563 Eumenuthin
1237 4510 1405 4564 cultos
1430 4509 1589 4565 fuisse
1606 4522 1787 4565 narrat
1804 4512 2129 4583 Epiphanius
2158 4514 2267 4566 An-

698 4598 863 4642 eorat.
894 4592 924 4657 S
955 4590 1076 4653 108,
1109 4598 1148 4642 t.
1178 4606 1230 4653 2,
1257 4607 1312 4661 p.
1350 4605 1447 4660 109
1485 4587 1573 4643 ed.
1609 4593 1789 4645 Petav.
1833 4590 2104 4663 (Κάνωὸός
2134 4610 2214 4658 τε,
2242 4592 2270 4645 ὅ

698 4666 955 4722 Μενελάου
998 4668 1289 4739 κυὸερνήτης
1304 4708 1320 4733 ,
1370 4670 1451 4721 καὶ
1495 4666 1527 4736 ἡ
1568 4669 1745 4723 τούτου
1794 4668 1915 4741 γυνὴ
1973 4669 2269 4742 Εὖμενουθὶς

699 4744 751 4801 ἐν
782 4743 1105 4819 Ἀλεξανδρείᾳ
1119 4748 1412 4819 τεθαμμένοι
1434 4754 1675 4819 τιμῶνται
1693 4748 1813 4819 πρὸς
1836 4753 1897 4822 τῇ
1923 4750 2054 4823 ὄχθῃ
2073 4754 2158 4817 τῆς
2185 4752 2267 4803 θα·

698 4826 915 4894 Meam,
962 4824 1057 4880 ἀπὸ
1092 4827 1294 4880 δεκαδύο
1332 4828 1548 4898 σημείων
1602 4828 1929 4897 διεστῶτες).
1989 4829 2157 4883 Aliam
2201 4829 2269 4883 de

698 4904 901 4959 Canobi
928 4902 1013 4959 dei
1041 4906 1183 4959 cultu
1219 4906 1489 4961 historiam
1528 4906 1689 4961 habes
1733 4906 1877 4979 apud
1917 4906 2167 4961 Rufinum
2209 4909 2263 4961 in

697 4983 842 5037 Eccl.
870 4985 1008 5041 Hist.
1047 5002 1100 5048 2,
1128 4990 1214 5050 26,
1244 4983 1470 5055 indeque
1491 4984 1633 5057 apud
1670 4986 1887 5039 Suidam
1930 5004 1981 5041 ν.
2016 4986 2261 5049 Κάνωὸος.

694 5063 974 5118 Canobum
1006 5082 1130 5117 vero
1154 5064 1309 5117 deum
1333 5084 1362 5118 a
1389 5066 1565 5137 S..rapi
1596 5083 1703 5119 non
1722 5064 1990 5119 diversum
2009 5083 2119 5119 esse
2144 5083 2263 5137 per·

692 5140 1039 5211 probabiliter
1084 5151 1316 5195 statuunt
1359 5141 1693 5197 Jablonskius
1740 5153 1793 5196 et
1840 5144 2131 5197 Creuzerus
2186 5146 2263 5217 (in

691 5220 930 5291 Dionyso
960 5236 1017 5291 p.
1062 5236 1159 5288 ¹09
1184 5224 1347 5291 sqq.).
1373 5221 1634 5295 Sarapidis
1662 5220 1911 5295 templum
1937 5221 2259 5277 Canobicum

693 5297 937 5352 novimus
964 5315 995 5351 e
1016 5298 1274 5353 Strabone
1296 5318 1352 5371 p.
1381 5302 1476 5355 801
1505 5309 1557 5355 et
1583 5301 1837 5355 Pausania
1867 5318 1921 5365 ο,
1967 5305 2036 5366 46
2075 5302 2257 5372 (2294-

692 5376 827 5437 πιδος
854 5374 903 5428 ἐν
930 5376 1151 5449 Κανώὸῳ
1178 5376 1482 5451 καλούμενον
1510 5380 1750 5451 τέμενος).
1776 5380 1975 5434 Eodem
2008 5380 2127 5436 facit
2155 5382 2259 5436 He-

2363 3326 2552 3383 det-im.
2587 3327 2610 3397 11
2636 3356 2711 3368 -
2739 3328 2822 3389 14.
2867 3328 2972 3379 Pro
3005 3324 3238 3395 Εὐρώπην
3265 3324 3312 3377 δ’
3345 3322 3502 3393 ’Aeta‘
3529 3324 3581 3376 in
3612 3324 3926 3395 quibusdam

2363 3404 2508 3460 libris
2535 3404 2692 3459 fuisse
2731 3402 2938 3456 videtur
2980 3402 3212 3473 Εὐρώπης
3237 3402 3283 3453 δ’
3313 3401 3494 3470 'Aelim
3523 3412 3662 3455 certe
3691 3400 3924 3473 Εὐρώπης

2363 3482 2595 3556 praebent
2605 3482 2700 3553 fh,
2731 3492 2782 3537 et
2815 3479 2974 3547 Ἀσίην
3003 3500 3033 3533 ι·
3055 3492 3108 3535 et
3133 3498 3272 3535 corr.
3304 3479 3357 3537 d.
3395 3482 3418 3551 ΙΙ
3447 3510 3520 3522 -
3537 3480 3746 3551 μέσσον]
3773 3484 3922 3552 μέσον

2363 3562 2806 3631 AoeKMNooq;
2841 3560 3018 3629 μέσσου
3055 3556 3090 3613 ἰ.
3131 3559 3286 3611 Hunc
3319 3558 3556 3629 Dionysii
3587 3556 3760 3611 locum
3797 3562 3925 3616 citat

2358 3641 2567 3695 Tzetzes
2605 3636 2672 3693 ad
2701 3637 2963 3709 Lycophr.
2997 3640 3130 3692 1288
3158 3646 3211 3690 et
3236 3634 3400 3690 schol.
3431 3634 3500 3689 ad
3528 3637 3701 3689 flisch.
3737 3640 3918 3692 Prom.

2361 3722 2516 3791 788.ss
2535 3750 2606 3761 —
2636 3719 2725 3773 15.
2753 3720 2804 3780 ὃς
2826 3716 2884 3789 ῥά
2915 3715 2982 3789 θ’]
3000 3715 3184 3771 ἔνθ’Ν.
3204 3715 3314 3785 ss—
3336 3720 3417 3769 16.
3451 3715 3710 3769 De'I'anai
3729 3734 3760 3770 e
3785 3718 3926 3771 Catt-

2358 3800 2506 3854 easiis
2521 3798 2785 3854 montibus
2803 3797 3084 3861 defluente,
3111 3794 3181 3851 ef.
3215 3812 3264 3847 ν.
3297 3794 3540 3865 663.11-
3563 3812 3645 3864 ¹7·
3667 3794 3924 3867 μεσούριον

2358 3880 2562 3947 (ionice
2587 3896 2684 3953 pro
2709 3875 2966 3951 μεσόριον)
2999 3894 3100 3929 vox
3127 3892 3251 3927 num
3277 3873 3400 3928 alibi
3421 3885 3665 3930 occurrat
3681 3915 3696 3939 ,
3718 3893 3919 3948 quaro.

2365 3958 2461 4027 ΙΙ-
2481 3959 2562 4011 18.
2583 3958 2892 4027 νοτιώτερον]
2915 3952 3296 4026 CANcIefhqgs,
3319 3970 3461 4007 unus
3479 3952 3598 4008 cod.
3622 3953 3788 4020 Flor„
3807 3972 3920 4009 var.

2357 4035 2471 4090 leet.
2500 4036 2764 4109 Stephani,
2791 4035 3064 4106 Pamphr„
3094 4033 3256 4087 schol.
3265 4052 3281 4100 ς
3308 4030 3479 4101 magis
3498 4032 3755 4088 australis
3781 4036 3922 4089 Pris-

2357 4116 2565 4180 cianus;
2591 4116 2884 4169 νοτιώτατον
2912 4124 3033 4169 cett.
3061 4112 3219 4167 codd.
3245 4122 3299 4166 et
3314 4110 3465 4167 editt.
3505 4118 3523 4175 Ι
3554 4142 3622 4153 -
3641 4111 3689 4175 te
3718 4114 3842 4183 μίσα
3873 4117 3922 4169 C

2363 4194 2852 4266 DGNQXacefoqr,·
2867 4192 2914 4256 ἐς
2933 4194 3092 4265 στόμα
3109 4196 3261 4248 ABE
3266 4194 3418 4247 ΓΗΚ
3422 4194 3542 4263 ΟΥ,
3558 4208 3682 4261 tngo
3704 4194 3772 4247 Χ.
3785 4192 3922 4247 Illud

2359 4283 2532 4327 tuetur
2541 4272 2910 4345 Bernhardyus
2923 4270 3065 4327 haud
3088 4280 3330 4347 aecum-te
3338 4280 3546 4343 poetam
3559 4271 3793 4325 locutum
3811 4289 3926 4326 esse

2358 4363 2606 4408 statuens.
2635 4354 2797 4407 Linea
2826 4370 2942 4424 quae
2977 4352 3043 4406 ab
3069 4352 3405 4423 Hellesponto
3431 4366 3610 4404 versus
3647 4348 3904 4404 meridien

2357 4432 2514 4487 dueta
2539 4434 2714 4489 Asiam
2736 4450 2766 4487 a
2794 4432 2960 4505 Libya
2985 4431 3331 4498 disterminet,
3363 4448 3470 4485 non
3495 4447 3590 4503 per
3617 4426 3787 4483 media
3809 4430 3906 4484 Nili

2358 4514 2488 4567 ostia
2517 4514 2626 4567 sive
2649 4530 2742 4586 per
2766 4510 2992 4567 mediam
3020 4511 3173 4568 Delta
3197 4511 3464 4582 regionem
3494 4512 3710 4575 transit,
3739 4509 3832 4565 sed
3863 4512 3916 4567 in

2357 4596 2546 4650 ostium
2560 4590 3195 4648 inciditCanobicumAEs.
3215 4610 3288 4646 vs.
3308 4608 3328 4644 ι
3343 4592 3497 4660 ι.ΙΙ-
3519 4606 3602 4659 19.
3617 4588 3908 4661 'limmoth

2361 4676 2395 4729 l.
2414 4673 2716 4730 fluminibus
2736 4683 3096 4745 opponuntur.
3109 4672 3280 4724 Terrae
3295 4670 3620 4724 continentes
3633 4668 3913 4723 nonnullos

2355 4754 2736 4807 ‹listerminasse
2753 4751 2952 4805 isthmis
2971 4751 3221 4804 (hueasio
3239 4764 3292 4802 et
3317 4747 3580 4801 Pelusiaco
3601 4764 3914 4801 noveramus

2356 4852 2417 4886 ex
2452 4830 2790 4885 Eratosthene
2816 4848 2900 4903 ap.
2927 4830 3097 4885 Strab.
3131 4842 3182 4883 et
3205 4846 3268 4881 ex
3296 4825 3575 4882 Aristotele
3605 4828 3684 4879 De
3708 4824 3913 4879 mundo

2352 4932 2401 4965 e.
2433 4911 2464 4963 3
2493 4914 2553 4975 (t.
2583 4911 2613 4963 3
2641 4928 2694 4982 p.
2718 4909 2815 4962 631
2843 4907 2928 4963 ed.
2961 4908 3164 4978 Didot).
3197 4908 3220 4977 ss
3242 4936 3315 4948 —
3335 4922 3425 4962 at.
3453 4904 3694 4973 θαλάττης
3718 4914 3760 4962 t.
3795 4904 3918 4976 ss—

2353 5007 2440 5043 οα.
2473 4988 2704 5061 Εὐρώπης
2731 4989 2774 5042 τ’
2809 4986 2960 5055 Ἀσίης
2987 4986 3032 5041 θ’
3057 4986 3221 5041 codex
3257 4987 3288 5047 ζ
3316 4982 3677 5054 (Barberinus)
3695 5022 3710 5050 ,
3746 4984 3910 5057 quod,

2353 5071 2394 5121 si
2425 5070 2478 5121 in
2505 5068 2804 5122 melioribus
2833 5066 2990 5121 codd.
3021 5065 3293 5136 legeretur,
3325 5065 3654 5135 recepissem.
3681 5064 3704 5133 ΙΙ
3729 5094 3802 5105 -
3820 5068 3910 5127 24.

2357 5144 2594 5219 Ἆραὸίου]
2625 5144 2870 5217 Ἆρραὸίου
2891 5147 3058 5199 ALM
3075 5155 3128 5198 et
3147 5161 3229 5215 ρι’.
3253 5161 3327 5197 m.
3358 5147 3425 5205 C,-
3453 5139 3730 5213 Ἇρραὸικοΰ
3756 5145 3913 5196 BDH

2357 5228 2678 5299 ΚΝΟΟΥαζ
2701 5236 2753 5279 et
2779 5242 2880 5280 see.
2929 5242 3003 5279 m.
3053 5228 3093 5277 C
3131 5222 3348 5295 aliique,
3397 5231 3456 5274 ut
3486 5218 3618 5286 vid„
3657 5219 3904 5292 plurimi;

2359 5304 2608 5377 Ἀραδικοΰ
2622 5302 2706 5357 ed.
2738 5306 2948 5360 Passov.
2971 5302 3167 5361 Ceteris
3185 5318 3396 5373 quoque
3421 5300 3548 5355 loeis
3575 5298 3782 5354 codices
3801 5298 3912 5369 plu·

2353 5385 2470 5437 rimi
2498 5384 2550 5435 in
2566 5384 2664 5437 hae
2680 5401 2802 5437 voce
2819 5403 2845 5455 ρ
2866 5383 3068 5437 literam
3093 5380 3386 5451 geminant3
3415 5377 3632 5450 simplex
3652 5397 3681 5449 ρ
3707 5378 3762 5431 in
3778 5378 3909 5432 Dio-
