4584 6284
649 508 779 552 xxx

1954 484 2531 548 PnoLEGOMENA

641 617 824 682 allata
863 636 878 678 ε
911 621 1003 688 τῆς
1032 611 1086 674 δὲ
1128 613 1260 695 πρὸς
1299 612 1539 689 ἂντολίην
1565 613 1797 692 Ἐμέσων
1835 614 1986 674 πόλιν
2029 613 2186 677 nibil
2224 615 2232 622 '
2292 614 2475 677 stiani
2499 613 2723 695 prodit,
2740 622 2803 678 et
2818 615 3138 694 nonnulla,
3160 635 3303 699 quse
3317 618 3507 698 graeci
3520 618 3839 702 scriptoris

641 722 975 769 commune
997 702 1230 767 habere
1253 720 1402 766 cum
1425 702 1818 782 Periegeseos
1843 720 2026 766 versu
2044 706 2189 780 919,
2286 700 2550 783 propria·
2590 708 2735 765 sunt
2775 719 2919 764 cum
2948 701 3083 764 aliis
3108 703 3373 767 Romani
3416 704 3741 786 scriptoris
3778 710 3842 769 et

639 792 746 876 qui
773 792 853 855 ab
879 790 1108 855 iisdem
1135 789 1346 853 verbis
1375 793 1469 862 τῆς
1497 789 1552 850 δὲ
1583 787 1710 870 πρὸς
1754 789 1995 862 ἄντολίην
2037 789 2194 854 inci·
2288 787 2675 867 grammatici
2702 788 3021 852 sententiis
3066 796 3380 872 permutat
3424 800 3533 856 aut
3577 793 3835 874 miscet,

639 881 759 962 pit,
795 877 908 942 sed
935 898 1014 944 ex
1045 878 1171 942 alio
1197 875 1473 960 quodam
1497 875 1786 959 Dionysio
1811 875 2054 952 afferri,
2081 877 2146 940 id
2167 923 2184 954 ,

638 968 893 1050 inquam
909 1013 927 1046 ,
961 964 1040 1029 ab
1082 964 1260 1028 omni
1304 962 1432 1027 veri
1477 963 1682 1047 specie
1725 962 2032 1028 abhorret.
2081 966 2191 1029 Ce-

639 1064 841 1118 terum
865 1053 1098 1118 Emisae
1125 1052 1510 1116 mentionem
1530 1071 1567 1114 a
1591 1051 1883 1134 magistro
1916 1053 2186 1134 quodam

639 1145 879 1206 illatam
922 1159 1062 1205 esse
1109 1158 1188 1204 ex
1230 1158 1307 1203 eo
1354 1138 1576 1220 colligo
1621 1138 1788 1220 quod
1825 1158 1914 1203 vs.
1953 1143 2095 1218 919,
2119 1148 2190 1204 ut

636 1231 824 1312 vulgo
846 1230 912 1293 in
933 1227 1118 1293 codd.
1145 1227 1391 1308 legitur,
1410 1226 1562 1292 falsa
1595 1224 1958 1309 produntur.
1986 1226 2188 1291 Simili

639 1318 836 1383 modo
865 1314 1061 1382 alium
1089 1317 1299 1379 locum
1316 1361 1334 1394 ,
1363 1313 1470 1378 ubi
1508 1313 1586 1378 de
1613 1314 1734 1377 situ
1755 1313 1938 1396 Cypri
1967 1312 2187 1378 insuloe

637 1405 972 1489 Dionysius
1021 1403 1278 1482 erravit,
1325 1422 1362 1466 a
1407 1401 1777 1486 quibusdam
1836 1410 2187 1467 correctum

638 1513 780 1559 esse
831 1510 1021 1574 supra
1065 1490 1362 1568 vidimus,
1403 1497 1466 1553 et
1513 1491 1871 1573 Alopeciam
1921 1491 2186 1556 insulam

643 1582 876 1647 sciolus
922 1580 988 1645 in
1029 1579 1278 1660 Dionys.
1324 1581 1440 1643 552
1487 1577 1710 1643 intulit.
1759 1579 1999 1644 Laudes
2041 1598 2188 1644 vero

641 1669 1000 1734 Emisorum
1035 1670 1272 1749 septem
1314 1664 1586 1730 versibus
1631 1666 1974 1730 celebratas
2018 1665 2187 1730 idem

647 1755 921 1820 Avienus
952 1751 1061 1837 qui
1096 1753 1384 1834 Daphnes
1422 1753 1636 1818 laudes
1665 1753 1925 1830 cecInit,
1953 1753 2032 1817 de
2074 1772 2187 1818 suo

639 1840 958 1908 addidisse
1000 1838 1343 1904 censendus
1384 1845 1496 1902 est.
1532 1842 1602 1903 In
1637 1859 1774 1924 sqq.
1796 1839 2068 1903 Avienus
2107 1839 2188 1903 de

641 1949 758 1995 suo
808 1926 1050 1994 addidit
1103 1946 1191 1992 vs.
1238 1931 1594 2003 1174-1176,
1651 1928 1760 2009 qui
1821 1927 1887 1990 in
1943 1935 2182 1992 antece.

639 2036 894 2103 quoque
919 2014 1331 2081 narrationem
1362 2015 1636 2099 Dionysii
1677 2015 1992 2098 ampliavit
2025 2021 2088 2078 et
2121 2015 2186 2079 in

643 2109 766 2170 ssne
807 2105 1099 2171 carminis
1139 2105 1451 2188 epilogum
1491 2105 1614 2169 alia
1653 2123 1909 2188 prorsus
1948 2104 2185 2170 ratione

637 2192 981 2256 adornavit.
1029 2194 1334 2256 Praeterea
1383 2193 1547 2258 haud
1596 2193 1788 2256 semel
1843 2191 2073 2256 accidit
2121 2200 2188 2257 ut

637 2279 910 2344 Avienus
952 2280 1140 2344 verba
1185 2279 1459 2363 Dionysii
1505 2270 1832 2364 perperam
1885 2281 2181 2362 interpre-

638 2372 803 2431 tatus
829 2367 945 2447 sit,
974 2373 1045 2430 ut
1066 2386 1154 2432 νε.
1182 2370 1300 2434 668
1325 2368 1733 2451 (Amnisusque
1767 2369 1984 2433 dehinc
2021 2371 2185 2432 alius

635 2456 1041 2540 circumfluit),
1071 2460 1224 2521 1077
1249 2457 1327 2540 (ei
1350 2459 1556 2537 ylauei
1569 2458 1978 2540 proelambiiur
1989 2475 2186 2540 ‹equo-

633 2549 724 2606 ris
750 2542 966 2624 unda),
990 2547 1144 2608 1103
1175 2542 1534 2626 (belliyeri...
1557 2547 1762 2626 Elani)
1791 2550 1855 2608 et
1873 2544 2042 2609 alibi.

715 2633 1084 2695 Pluscmms.
1119 2631 1394 2697 Alteram
1423 2632 1696 2714 Dionysii
1737 2633 2184 2715 interpretatio-

635 2737 782 2782 nem
802 2719 1128 2782 metricam
1147 2719 1484 2785 elaboravit
1495 2720 1864 2798 Priscianus,
1881 2720 2181 2800 religione

630 2805 1013 2870 Christianus
1029 2853 1046 2882 ,
1074 2814 1208 2871 arte
1243 2825 1356 2871 sua
1397 2808 1836 2890 grammaticus
1855 2854 1873 2883 ,
1914 2809 2022 2891 qui
2071 2811 2177 2873 Ju-

631 2893 898 2958 stiniano
919 2894 1265 2977 imperante
1287 2894 1816 2976 Constantinopoli
1836 2895 2070 2959 docuit.
2093 2898 2182 2960 De

631 3000 706 3046 eo
754 2982 839 3045 ita
886 2981 1356 3048 Wernsdorflus
1396 2983 1439 3046 1.
1477 2983 1520 3046 1.
1557 2987 1673 3048 227
1700 3003 1719 3047 -:
1767 2983 2004 3056 «Quod
2047 2985 2182 3065 ipse

629 3066 959 3151 Dionysius
985 3072 1096 3150 (νε.
1121 3072 1260 3148 171)
1283 3069 1402 3133 sibi
1421 3070 1508 3133 ait
1533 3071 1921 3153 propositum
1958 3071 2148 3135 fuisse
2163 3117 2180 3152 ,

629 3159 701 3218 ut
711 3162 1001 3238 poemate
1020 3173 1134 3219 suo
1155 3157 1430 3239 speciem
1445 3157 1718 3239 aliquam
1735 3157 2006 3221 universi
2017 3159 2186 3223 orbis

633 3241 956 3306 intellectu
1000 3241 1252 3306 facilem
1296 3244 1835 3327 complecteretur,
1884 3264 2008 3328 qua
2047 3247 2188 3328 quis

635 3336 948 3478 {3200233-
973 3328 2188 3499 {¹33⁵Qffi02„¹1‘532⁶s„30m.{2¹m

637 3500 830 3564 officii
854 3501 1278 3582 grammatici,
1308 3501 1552 3566 videtur
1573 3503 1893 3585 amplexus
1911 3548 1928 3579 ,
1961 3510 2023 3568 et
2049 3523 2188 3587 pro-

639 3593 854 3670 pterea
879 3589 1321 3673 Dionysianum
1344 3608 1570 3673 poema
1586 3589 1666 3655 ad
1689 3591 2040 3658 docendum
2059 3613 2188 3658 ver-

637 3675 788 3738 tisse
801 3722 823 3754 ‚
847 3677 1020 3760 quod
1049 3677 1258 3760 ipsum
1281 3696 1408 3742 non
1433 3679 1764 3743 intermisit
1786 3680 1888 3744 his
1910 3681 2187 3745 versibus

639 3763 917 3844 profiteri
945 3783 963 3829 ε

762 3905 904 3954 Nune
933 3901 1020 3954 tibi
1042 3903 1230 3954 telluris
1257 3903 1474 3967 regiones
1497 3904 1711 3956 carmine
1739 3905 1968 3969 pandam,

767 3975 826 4022 ut
850 3983 1017 4022 cernas
1040 3973 1204 4023 eninm
1227 3986 1325 4024 non
1352 3975 1480 4025 visas
1501 3975 1682 4025 lumine
1711 3977 1888 4036 tenu,

759 4043 906 4104 atque
931 4041 1108 4094 docens
1125 4043 1248 4094 allos
1272 4043 1483 4096 lauderis
1507 4048 1700 4110 pectore
1725 4046 1869 4096 docto

630 4161 921 4223 Ceterum
968 4161 1314 4244 Periegesis
1354 4163 1656 4228 Prisciani
1703 4183 1922 4245 graecm
1953 4185 1992 4229 a
2035 4168 2176 4233 Dio·

635 4247 808 4328 nysio
841 4247 1088 4330 scriptoe
1131 4268 1258 4314 non
1301 4269 1476 4316 mera
1517 4251 1747 4329 versio,
1779 4252 1888 4317 sed
1933 4253 2186 4322 liberior

635 4337 981 4418 explanatio
1003 4344 1125 4414 est,
1147 4338 1235 4402 ita
1261 4338 1518 4420 quidem
1547 4345 1618 4404 ut
1642 4340 1967 4424 dispositio
1993 4345 2182 4424 graeci

635 4423 937 4504 poematis
977 4431 1042 4487 et
1080 4424 1234 4488 ordo
1257 4443 1470 4488 rerum
1497 4433 1790 4502 servetur,
1819 4427 1929 4492 sed
1973 4431 2182 4494 omnia

633 4528 750 4592 pro
799 4511 1060 4574 consilio
1109 4518 1172 4576 et
1216 4530 1480 4595 persona
1533 4515 1862 4580 scribentis
1906 4515 2176 4598 diverse,

633 4605 823 4680 atque
850 4616 997 4662 mox
1022 4598 1270 4663 brevius
1299 4609 1364 4664 et
1390 4603 1761 4685 contractius
1776 4649 1793 4682 ,
1817 4622 1965 4669 mox
1997 4606 2183 4672 latius

633 4691 698 4748 et
721 4685 1066 4768 copiosiu3‚
1092 4688 1454 4752 auctoritate
1479 4691 1676 4771 magis
1702 4691 1844 4757 novi
1864 4693 2183 4775 scriptoris

633 4792 824 4856 quain
875 4773 1002 4838 fide
1049 4775 1440 4858 interpretis,
1463 4786 1926 4846 enarrentur...
1977 4783 2185 4848 Diver-

631 4860 782 4923 sitas
801 4860 1159 4943 scriptionis
1183 4863 1484 4929 Prisciani
1501 4885 1540 4929 a
1567 4867 1872 4948 primitivo
1893 4879 2182 4952 poemate

631 4949 771 5012 haec
821 4955 945 5026 est,
1016 4949 1190 5034 quod
1249 4952 1483 5037 ubique
1547 4956 1802 5037 vestigia
1861 4958 2182 5042 scriptoris

627 5035 864 5099 ethnici
893 5035 1093 5116 delet,
1129 5038 1266 5122 ipse
1291 5059 1623 5123 personam
1650 5052 1712 5107 et
1739 5063 1987 5110 sensum
2014 5048 2182 5112 Chri·

2281 892 2729 958 nonnunquam
2754 875 2939 939 etiam
2982 876 3179 939 aetatis
3208 882 3273 941 et
3298 877 3705 960 professionis
3734 881 3832 943 in-

2285 961 2452 1025 dicia
2478 963 2727 1044 spargit.
2762 963 2880 1026 Ubi
2907 962 3093 1044 igitur
3114 964 3443 1047 Dionysius
3483 969 3689 1031 Musas
3741 969 3832 1032 in·

2280 1055 2495 1128 vocat,
2521 1056 2627 1112 aut
2652 1049 2807 1114 allos
2834 1049 2985 1114 deos
3012 1050 3249 1131 laudat,
3270 1052 3625 1118 Priscianus
3642 1101 3659 1130 ,
3688 1074 3833 1136 sup-

2282 1138 2513 1220 pressis
2552 1137 2661 1214 iis,
2692 1137 2835 1202 veri-
2867 1137 2967 1201 dei
2996 1139 3363 1220 religionem
3391 1143 3739 1223 profitetur,
3772 1151 3837 1206 et

2279 1244 2667 1309 quaecunque
2680 1224 2785 1288 ille
2798 1224 3063 1289 subinde
3080 1225 3157 1290 de
3172 1227 3555 1308 singulorum
3569 1229 3831 1293 deorum

2279 1313 2665 1390 cerimoniis,
2693 1313 2913 1378 ritibus
2930 1359 2948 1395 ,
2975 1314 3165 1395 orgiis
3192 1322 3299 1380 aut
3335 1317 3471 1381 aliis
3501 1319 3687 1382 rebus
3728 1338 3832 1383 su-

2281 1403 2675 1483 perstitiones
2695 1401 3015 1484 gentilium
3038 1401 3464 1468 redolentibus
3491 1406 3827 1486 immiscet,

2279 1489 2418 1555 haec
2473 1490 2823 1554 Priscianus
2872 1490 3148 1556 studiose
3209 1493 3519 1574 praeterit,
3566 1513 3827 1558 vacuum

2277 1583 2483 1640 autem
2514 1579 2723 1641 locum
2765 1578 3132 1660 plerumque
3161 1578 3301 1641 aliis
3327 1579 3513 1642 rebus
3543 1580 3828 1644 locorum

2277 1671 2341 1728 et
2367 1665 2689 1747 regionum
2719 1666 3259 1743 memorabilibus,
3294 1669 3642 1750 prassertim
3692 1669 3832 1733 fon-

2275 1753 2434 1816 tium
2455 1799 2473 1830 ,
2523 1755 2803 1830 lacuum,
2852 1754 3175 1830 arborum,
3217 1753 3499 1836 lapidum
3544 1774 3829 1837 gemma-

2277 1859 2543 1925 rumque
2609 1840 3023 1922 singularibus
3086 1841 3321 1905 naturis
3384 1849 3450 1906 et
3510 1843 3828 1907 miraculis

2277 1927 2601 1993 narrandis
2647 1927 2895 2010 implet,
2935 1945 3078 2009 quae
3124 1946 3161 1992 e
3201 1929 3398 1992 Solini
3436 1931 3827 2010 grammatici

2275 2015 2438 2079 libro
2464 2017 2625 2080 solet
2645 2021 2874 2098 petere.
2908 2015 3142 2093 Quibus
3184 2017 3370 2080 rebus
3401 2018 3657 2083 omnino
3697 2021 3828 2082 exi-

2275 2103 2653 2168 stimandum
2676 2111 2773 2168 est
2789 2103 3091 2168 Prisciani
3117 2104 3182 2167 in
3208 2105 3505 2169 vertendo
3533 2106 3825 2189 Dionysio

2273 2193 2395 2256 hoc
2424 2191 2771 2268 institutum
2792 2191 3015 2268 fuisse,
3045 2199 3113 2255 ut
3137 2210 3216 2256 ex
3240 2192 3349 2256 illo
3378 2201 3669 2276 poemate
3704 2197 3827 2258 sin-

2272 2281 2487 2363 gulare
2512 2299 2691 2363 opus,
2712 2299 2842 2345 suae
2857 2280 3053 2344 aetatis
3076 2279 3437 2345 hominibus
3463 2289 3527 2345 et
3544 2283 3827 2347 moribus

2271 2369 2840 2444 accommodatum,
2873 2367 3189 2432 conderet.
3214 2391 3245 2429 a

2352 2456 2607 2519 Addidit
2630 2456 2980 2520 Priscianus
3012 2476 3069 2519 ν.
3104 2459 3391 2532 iss-187,
3427 2457 3656 2537 quibus
3693 2459 3831 2521 Vir-

2269 2544 2405 2624 gilii
2449 2543 2527 2608 de
2556 2543 2795 2607 Didone
2844 2543 3114 2608 narratio
3160 2545 3629 2625 perstringitur;
3674 2551 3826 2611 202-

2268 2636 2387 2696 205
2416 2633 2495 2695 de
2524 2632 2694 2695 fonte
2729 2631 2895 2713 apud
2944 2634 3343 2696 Garamantes
3391 2636 3821 2714 memorabili,

2273 2723 2391 2783 273
2419 2739 2511 2802 sq.
2537 2719 2614 2782 de
2642 2737 2792 2783 auro
2818 2719 3069 2796 Iberiae,
3100 2723 3215 2782 277
3236 2738 3328 2801 sq.
3357 2719 3436 2783 de
3460 2722 3673 2784 avibus
3696 2725 3827 2804 qui·

2273 2805 2538 2870 busdam
2556 2806 2922 2882 Germanias,
2942 2810 3211 2870 316-320
3230 2806 3309 2870 de
3326 2808 3607 2872 Thraciae
3630 2809 3826 2873 herba

2269 2892 2511 2957 Medica
2528 2939 2545 2969 ,
2569 2896 2838 2958 390-395
2866 2892 2945 2956 de
2981 2910 3159 2956 sacro
3187 2891 3361 2956 fonte
3386 2893 3614 2976 Illyrici
3630 2942 3646 2970 ‚
3670 2900 3823 2959 415-

2270 2985 2391 3047 418
2414 2980 2499 3044 de
2540 2979 2797 3044 merulis
2838 2980 2997 3045 albis
3021 2988 3085 3044 et
3107 2980 3354 3045 asbesto
3388 2981 3597 3062 lapide
3636 2985 3824 3048 Pelo-

2274 3067 2573 3152 ponnesi,
2603 3071 2873 3133 428-431
2908 3068 2986 3132 de
3024 3068 3277 3132 Boeotiae
3324 3068 3529 3146 fonte,
3560 3075 3817 3135 434-441

2273 3155 2353 3219 de
2381 3154 2598 3218 ostreis
2628 3154 2693 3216 in
2710 3154 3085 3218 Macedoniae
3111 3161 3312 3218 tractu
3336 3154 3817 3232 mediterrane0‚

2273 3243 2532 3306 testibus
2577 3241 2824 3318 diluvii,
2854 3245 3127 3308 »iso-452
3160 3241 3240 3306 de
3285 3242 3575 3324 galactite
3618 3244 3823 3325 lapide

2273 3329 2530 3408 Ithacae,
2558 3332 2675 3392 467
2704 3348 2838 3412 sqq.
2868 3330 2946 3393 de
2989 3331 3154 3393 fonte
3182 3329 3517 3405 Sardiniae,
3558 3334 3676 3393 472
3725 3351 3819 3414 sq.

2277 3417 2356 3480 de
2399 3416 2701 3481 catochite
2730 3416 2934 3499 lapide
2962 3417 3258 3494 Corsicae,
3289 3419 3571 3482 488-504
3620 3417 3699 3481 de
3724 3421 3821 3482 Si·

2277 3503 2439 3568 eilias
2487 3503 2673 3567 rebus
2737 3495 3163 3583 mirabilibus,
3218 3508 3338 3568 502
3394 3523 3529 3587 sqq.
3581 3505 3660 3568 de
3716 3505 3825 3569 lda

2277 3595 2489 3656 monto
2531 3596 2595 3654 et
2621 3598 2911 3655 nascente
2951 3590 3039 3654 ibi
3066 3590 3285 3669 elimo,
3319 3595 3430 3658 561
3470 3591 3549 3656 de
3593 3593 3825 3658 Proco-

2275 3698 2461 3754 neso,
2496 3681 2772 3745 581-584
2802 3679 2878 3743 de
2906 3687 3121 3760 gagate
3148 3679 3214 3742 in
3245 3680 3614 3744 Britannicis
3636 3680 3815 3758 inss.,

2277 3770 2539 3832 698-703
2584 3766 2661 3830 de
2698 3767 3037 3848 gryphibus
3086 3785 3307 3832 aurum
3354 3776 3417 3832 et
3461 3770 3821 3850 smaragdos

2275 3854 2790 3932 custodientibus,
2837 3857 3106 3920 707-709
3152 3855 3232 3920 de
3284 3855 3666 3921 Albanorum
3725 3877 3824 3922 ca-

2275 3940 2459 4005 nibus
2476 3946 2638 4018 „772
2681 3943 2870 4006 verba
2907 3944 3307 4024 Romanisque
3336 3947 3445 4024 pie
3482 3951 3689 4023 regnis
3717 3947 3824 4008 do·

2273 4033 2572 4092 minantia
2616 4030 2840 4092 mundo
2886 4030 2994 4109 (sc.
3044 4035 3259 4093 moenia
3310 4033 3655 4112 Byzantii),
3703 4036 3820 4098 802

2274 4116 2354 4180 de
2378 4115 2713 4180 molochite
2736 4121 2800 4181 et
2811 4117 3297 4181 andradamante
3325 4118 3569 4182 Arabim
3598 4120 3823 4202 lapidi-

2273 4203 2422 4283 bus,
2450 4205 2708 4268 880-890
2736 4203 2815 4268 de
2847 4203 3116 4268 Persidis
3144 4204 3411 4285 gemmis
3429 4251 3446 4281 ,
3483 4211 3823 4272 1027-1034

2274 4289 2353 4352 de
2399 4287 2694 4354 Indorum
2740 4290 3142 4372 proceritate,
3176 4293 3703 4375 gymnosophistis
3764 4304 3826 4358 et

2271 4375 2584 4460 psittacis,
2616 4377 2957 4443 1059-1072
3004 4378 3082 4441 de
3116 4379 3269 4460 Tylo
3308 4379 3531 4443 insula.
3570 4382 3675 4444 Vs.
3705 4385 3823 4447 846

2269 4464 2649 4529 Christianus
2675 4471 2885 4530 noster
2908 4465 3237 4531 Phoenices
3256 4513 3273 4543 ,
3307 4486 3467 4551 quos
3492 4467 3822 4550 Dionysius

2270 4553 2350 4616 ab
2370 4553 2705 4635 Erythraeis
2721 4553 3016 4618 oriundos
3038 4554 3209 4630 dicit,
3238 4573 3386 4618 cum
3408 4555 3645 4620 Judaeis
3673 4577 3821 4622 con-

2270 4638 2540 4704 fundens
2595 4638 2748 4703 dicit
2799 4642 3082 4705 Chald-20
3131 4645 3474 4706 decoratam
3520 4651 3823 4724 sanquine

2267 4737 2501 4807 qemem
2518 4773 2540 4805 ‚
2585 4733 2937 4809 arcanisque
2979 4724 3122 4793 'Dei
3174 4733 3526 4795 celebratam
3589 4735 3823 4814 leqibus

2269 4835 2473 4879 unam.
2505 4816 2745 4880 Omittit
2782 4817 3055 4901 Dionysii
3102 4837 3315 4883 versus
3354 4823 3641 4902 2550258,
3665 4827 3824 4886 441-

2267 4907 2414 4980 446,
2442 4907 2585 4981 485,
2618 4908 2861 4986 527-29,
2882 4909 3020 4985 534,
3048 4910 3331 4985 574-579,
3360 4912 3643 4986 700-705,
3672 4916 3824 4975 775-

2269 5001 2412 5073 779,
2460 5001 2745 5078 789-792,
2793 5001 3078 5064 836-846.
3112 5003 3395 5082 869-873,
3441 5006 3580 5080 995,
3635 5009 3823 5068 1152-

2273 5089 2449 5162 1165,
2477 5085 2704 5168 quibus
2732 5086 2809 5149 de
2837 5087 2957 5152 diis
2986 5106 3328 5171 eorumque
3356 5089 3529 5153 cultu
3556 5090 3819 5175 aliisque

625 5191 917 5257 Dionysium
945 5193 1184 5251 rm
1206 5199 1576 5265 mmmm
1603 5203 1840 5269 mm
1875 5205 2180 5271 mpimu„
2273 5175 2462 5238 rebus
2478 5171 2905 5254 mythologicis
2919 5194 3124 5240 sermo
3140 5184 3252 5240 est.
3273 5178 3581 5242 Praeterea
3595 5179 3819 5244 missos

623 5263 703 5313 vix
721 5267 869 5318 recte.

2275 5263 2425 5326 fecit
2454 5261 2727 5344 Dionysii
2750 5283 2839 5327 vs.
2865 5269 3151 5346 707-717,
3176 5265 3403 5349 quibus
3451 5265 3529 5330 de
3572 5285 3639 5330 se
3686 5267 3821 5350 ipse
