4584 6284
1837 519 1937 580 Ex
1978 518 2398 582 s‘rnsnoms
2441 520 2588 583 Lm.
2637 521 2744 582 v1.

810 674 885 715 as.
928 650 1055 715 Ὅτι
1090 652 1445 731 Ταραντῖνοι,
1475 648 1999 729 ἀριστοκρατηθέντες
2028 652 2081 710 ἐν
2110 650 2275 727 δημο-

3787 540 3901 593 565

2435 660 2522 714 36.
2561 658 2850 727 Tarentini,
2867 677 2978 715 rem
3002 678 3150 716 snam
3173 661 3378 718 civilem
3401 664 3636 737 populari
3653 678 3904 740 potestate

731 740 947 823 κρατίᾳ,
1013 738 1247 819 μεγάλως
1302 736 1529 817 ἴσχυσαν
1548 758 1561 771 ·
1621 736 1715 795 καὶ
1773 733 1871 807 τὴν
1928 734 2277 814 Πυθαγόρειον
2363 754 2620 815 ger-entes,
2643 762 2955 819 magnopere
2981 746 3314 819 polluerunt;
3346 750 3740 821 Pythagoricum
3767 773 3902 827 quo-

730 828 1094 904 ἀσπασάμενοι
1120 823 1345 901 γνησίως
1379 822 1687 903 φιλοσοφίαν
1723 822 1978 903 Ἀρχύταν
2004 822 2091 883 τὸν
2121 820 2277 903 φιλό-

727 936 883 995 σοφον
922 913 1151 993 ἄρχοντα
1200 910 1561 991 προῦὅάλοντο
1573 954 1593 986 ,
1640 908 1695 976 ὃς
1751 908 1843 967 καὶ
1884 907 2045 969 πολὺν
2091 908 2273 989 χρόνον

724 994 895 1082 ἧρξεν.
975 996 1235 1077 ’Υστερον
1265 995 1321 1056 δὲ
1343 1001 1588 1057 τοσοῦτον
1620 1000 1691 1065 εἰς
1717 996 1816 1068 τὴν
1841 995 2036 1077 τρυφὴν
2062 997 2153 1056 καὶ
2178 1019 2273 1055 κα-

724 1085 1051 1149 κοπολιτείαν
1085 1086 1371 1166 ἐτράποντο
1388 1130 1407 1157 ,
1438 1083 1575 1143 ὥστε
1602 1084 1691 1144 καὶ
1715 1082 1809 1153 τὰς
1834 1086 2131 1163 δημοτελεῖς
2160 1086 2273 1163 iop-

724 1176 815 1244 τὰς
868 1174 1076 1243 πλείους
1125 1178 1229 1233 τῶν
1280 1178 1373 1234 τοῦ
1418 1176 1653 1233 ἐνιαυτοῦ
1708 1176 1920 1253 ἡμερῶν
1966 1172 2138 1252 ἄγειν,
2182 1173 2273 1233 καὶ

722 1263 891 1334 ξένους
917 1261 1010 1322 καὶ
1052 1258 1375 1342 ἀλλοφύλους
1402 1260 1659 1339 ἄρχοντας
1686 1262 2039 1323 ἐπικαλεῖσθαι
2052 1302 2069 1331 ,
2100 1258 2268 1340 (καὶ)

722 1349 840 1412 οὐδὲ
866 1349 1063 1419 τούτοις
1086 1350 1338 1415 εὐπειθεῖς
1365 1348 1629 1426 γινόμενοι
1644 1369 1659 1386 ·
1684 1337 1789 1407 οἷον
1818 1345 2147 1427 Ἀλέξανδρον
2183 1343 2271 1405 τὸν

722 1438 1057 1519 Ἠπειρώτην
1088 1435 1227 1497 κατὰ
1277 1432 1605 1496 Μεσσαπίων
1642 1432 1732 1493 καὶ
1764 1431 1972 1514 Πύρρον
2010 1430 2103 1493 καί
2132 1456 2273 1501 τινας

723 1524 1203 1602 Λακεδαιμονίους·
1232 1523 1323 1582 καὶ
1350 1522 1438 1583 ἐπὶ
1464 1520 1671 1584 Ἀννίὸα
1698 1520 2023 1603 συνεμάχουν
2047 1523 2273 1603 Καρχη-

726 1613 935 1687 δονίοις,
956 1612 1046 1673 καὶ
1067 1614 1153 1672 διὰ
1174 1618 1326 1673 τοῦτο
1352 1610 1453 1672 ὑπὸ
1482 1610 1764 1690 Ῥωμαίων
1789 1610 2005 1690 ὕστερον
2031 1631 2271 1670 καταπο-

722 1699 1030 1780 λεμηθέντες
1057 1697 1497 1773 ἐταπεινώθησαν.

799 1808 873 1850 37.
917 1785 1047 1850 Ὅτι
1081 1791 1115 1859 ἡ
1147 1789 1252 1846 τῶν
1281 1784 1545 1866 Ἰαπύγων
1586 1783 1740 1868 χώρα
1785 1782 2091 1865 παραδόξως
2133 1784 2271 1843 ἐστὶν

718 1876 900 1937 ἆστεία
920 1899 931 1912 ·
962 1878 1212 1950 ἐπιπολῆς
1252 1874 1355 1956 γὰρ
1383 1874 1672 1955 φαινομένη
1708 1873 1931 1985 τραχεῖα
1979 1871 2273 1951 εὑρίσκεται

717 1962 988 2043 βαθύγειος
1016 1960 1330 2043 σχιζομένη·
1361 1960 1678 2042 ἀνυδροτιίρα
1704 1956 1762 2018 δὶ
1789 1980 1922 2018 ουσα
1948 1957 2155 2026 εύόοτος
2181 1958 2270 2018 καὶ

714 2048 975 2132 εὗδενδρός
1016 2052 1177 2111 ἐστιν.
1260 2046 1570 2127 Εὗάνδρησε
1598 2044 1655 2105 δέ
1686 2068 1816 2108 ποτε
1842 2044 1934 2105 καὶ
1962 2050 2115 2106 τοῦτο
2140 2046 2271 2129 σφό-

714 2141 813 2219 δρα
841 2137 902 2198 τὸ
933 2138 1127 2220 χωρίον
1155 2136 1373 2216 σύμπαν
1396 2136 1487 2195 καὶ
1510 2135 1632 2217 ἔσχε
1658 2136 1835 2201 πόλεις
1860 2132 1927 2213 r(
1942 2156 1957 2172 ·
1982 2132 2120 2196 ἀλλὰ
2146 2141 2267 2211 νῦν,

714 2224 856 2298 πλὴν
884 2224 1158 2306 Τάραντος
1184 2222 1277 2285 καὶ
1320 2221 1663 2306 Βρεντεσίου,
1688 2221 1759 2281 τὰ
1798 2220 1935 2283 ἄλλα
1968 2221 2267 2303 πολίσματά

715 2316 874 2376 εἰσιν·
910 2313 1074 2384 οὕτως
1102 2315 1485 2388 ἰκπεπόνηνται
1512 2311 1604 2374 καὶ
1637 2311 2065 2376 τεταπείνωνται.
2148 2311 2267 2376 Ἐν·

714 2409 885 2467 ταῦθα
906 2402 1000 2465 καὶ
1027 2407 1056 2465 ὃ
1082 2402 1366 2479 σκόπελος,
1396 2401 1453 2464 ὃν
1490 2404 1739 2467 καλοῦσιν
1766 2400 1933 2489 ἄκραν
1960 2403 2232 2489 Ἰαπυγίαν
2250 2452 2266 2482 ,

720 2492 887 2566 πολὺς
922 2494 1213 2577 ἰκκείμενος
1240 2498 1312 2567 εἰς
1341 2493 1404 2557 τὸ
1437 2493 1665 2579 πέλαγος
1689 2492 1829 2560 κατᾶ
1853 2495 1948 2567 τὰς
1974 2496 2273 2581 χειμερινὰς

724 2585 1013 2662 ἁνατολὰς,
1039 2586 1362 2668 ἔπιε-τρέφων
1390 2584 1449 2646 δέ
1473 2610 1586 2655 πως
1609 2586 1697 2646 ἐπὶ
1722 2585 1783 2648 τὸ
1807 2588 2052 2649 Λακίνιον
2072 2633 2090 2659 ,
2116 2588 2271 2667 ἄκρον

720 2678 814 2747 τῆς
873 2672 1126 2755 Βρεττίας
1192 2673 1296 2752 (ἣν
1344 2672 1576 2735 Ἐλλάδα
1624 2674 1860 2753 μεγάλην
1909 2673 2011 2735 ἀπὸ
2050 2678 2143 2747 τῆς
2182 2682 2271 2736 τοῦ

723 2764 1035 2845 Πυθαγόρου
1082 2764 1306 2823 ἐνταῦθα
1367 2762 1636 2842 διατριὸἥς
1686 2764 1977 2841 ἕκάλεσαν)
2032 2769 2268 2842 ἀνταῖρον

719 2850 825 2910 άπὸ
864 2855 962 2923 τῆς
987 2849 1216 2932 ἑσπέρας
1242 2852 1389 2931 αὗτῷ
1416 2851 1507 2910 καὶ
1538 2852 1711 2910 κλεῖον
1735 2849 1798 2910 τὸ
1832 2849 2003 2927 στόμα
2030 2856 2125 2910 τοῦ
2158 2856 2271 2913 Ta·

716 2936 953 3017 ραντίνου
1003 2937 1201 2997 κόλπου
1249 2936 1377 3019 πρὸς
1420 2936 1605 2998 αὐτόν·
1644 2937 1735 2997 καὶ
1781 2936 1850 2997 τὰ
1902 2938 2168 3019 Κεραύνια
2222 2942 2271 2999 δ’

712 3024 903 3102 ὁμοίως
939 3024 1035 3104 όρη
1064 3024 1232 3085 κλείει
1260 3025 1388 3105 πρὸς
1426 3026 1583 3086 αὐτὸν
1614 3024 1705 3105 [τὸ
1747 3025 1951 3106 στόμα]
1975 3032 2067 3086 τοῦ
2090 3026 2271 3088 Ἰονίου

712 3109 934 3173 κόλπου.
1023 3112 1133 3173 Καὶ
1173 3112 1289 3172 ἔστι
1334 3112 1395 3173 τὸ
1423 3113 1621 3193 δίαρμα
1670 3111 1789 3172 ὅσον
1818 3112 1875 3194 ψ’
1917 3113 2139 3173 σταδίων
2176 3117 2271 3175 ἀπ’

712 3201 872 3258 αὐτοῦ
909 3198 1040 3281 πρός
1078 3223 1136 3260 τε
1181 3200 1251 3261 τὰ
1280 3200 1545 3280 Κεραύνια
1590 3199 1681 3258 καὶ
1724 3198 1853 3281 πρὸς
1890 3200 1951 3259 τὸ
1999 3200 2265 3263 Λακίνιον.

708 3286 1007 3367 Περίπλους
1030 3287 1076 3345 δ’
1105 3286 1215 3367 [ἐκ]
1240 3286 1511 3366 Τάραντός
1544 3288 1681 3345 ἔστιν
1712 3288 1765 3353 ές
1784 3287 2088 3365 Βρεντέσιον
2112 3286 2267 3367 μέχρι

713 3373 808 3450 μὲν
836 3371 1056 3455 Βάριδος
1082 3373 1336 3453 πολίχνης
1352 3372 1408 3453 χ’
1434 3372 1656 3435 στάδιοι.
1744 3372 1981 3433 Καλοῧσι
2008 3373 2064 3432 δὲ
2104 3374 2267 3454 Βάριν

712 3462 763 3520 οἱ
788 3466 877 3519 νῦν
910 3458 1249 3544 [οὗερητόν].
1332 3458 1523 3521 Ἔνθεν
1552 3462 1626 3529 εἰς
1649 3458 1714 3519 τὰ
1743 3459 1926 3520 Λευκὰ
1954 3461 2142 3521 στάδια
2170 3460 2225 3520 π’
2243 3503 2260 3532 ,

714 3546 982 3629 πολίχνιον
1018 3548 1109 3608 καὶ
1136 3553 1289 3608 τοῦτο
1305 3595 1322 3622 ,
1362 3552 1417 3609 ἕν
1448 3539 1493 3631 ᾧ
1525 3546 1785 3609 δείκνυται
1816 3546 1963 3627 πηγὴ
2008 3548 2264 3618 δυσώδους

716 3634 921 3703 ὕδατος.
998 3635 1099 3697 Ἐκ
1127 3636 1181 3696 δὲ
1209 3640 1313 3696 τῶν
1342 3639 1556 3698 Δευκῶν
1596 3639 1668 3703 εἷς
1694 3634 1983 3716 Ὑδροῦντα
2009 3635 2261 3717 πολίχνην

726 3724 919 3783 στάδια
941 3723 1038 3804 ρν’.
1118 3723 1389 3785 Ἐντεῦθεν
1407 3727 1452 3783 δ’
1484 3727 1555 3793 εἷς
1583 3724 1881 3804 Βρεντέσιον
1906 3722 1953 3783 υ’
1970 3748 1983 3761 ·
2012 3728 2061 3785 οἱ
2082 3724 2137 3783 δὲ
2159 3722 2262 3783 ἴσοι

717 3810 810 3870 καὶ
840 3812 910 3879 εἰς
935 3810 1161 3872 Σάσωνα
1189 3809 1286 3883 τὴν
1312 3814 1496 3884 ν’ἧσον,
1516 3811 1630 3881 ἥτις
1657 3811 1791 3888 με’ση
1818 3834 1929 3879 πως
1946 3808 2152 3891 ἵδρυται
2172 3816 2263 3884 τῆς

716 3920 777 3958 τε
798 3896 1073 3977 Ἰαπυγίας
1098 3898 1189 3959 καὶ
1213 3902 1316 3958 τῶν
1346 3897 1646 3979 Κεραυνίων
1676 3902 1770 3971 τῆς
1792 3898 2062 3980 Ἠπείρου.

795 4006 873 4048 ss.
917 3983 1051 4049 Ὅτι
1070 3991 1108 4059 ἡ
1136 3984 1242 4045 ἀπὸ
1266 3986 1575 4065 Βρεντεσίου
1596 3986 1707 4053 ὁδὸς
1732 3988 1803 4053 εἰς
1824 3986 2107 4068 Τάραντα,
2127 3987 2264 4046 τοῦτ’

715 4074 855 4137 ἔστιν
887 4079 917 4136 ὅ
939 4075 1122 4155 ἰσθμὸς
1138 4120 1155 4149 ,
1179 4074 1368 4134 στάδια
1405 4074 1454 4134 σ’
1470 4118 1487 4147 ,
1508 4072 1759 4156 ἀφορίζων
1800 4078 1897 4149 γῆν
1918 4118 1935 4148 ,
1962 4073 2029 4145 ἢν
2054 4076 2264 4133 Μεσσα-

710 4160 839 4220 πίαν
862 4184 923 4221 τε
952 4161 1047 4223 καὶ
1070 4160 1348 4239 Ἰαπυγίαν
1376 4158 1467 4219 καὶ
1492 4157 1802 4238 Καλαὸρίαν
1828 4160 1920 4217 καὶ
1948 4158 2263 4231 Σαλεντίνην

707 4250 964 4316 κοινῶςοί
988 4248 1171 4307 πολλοὶ
1196 4249 1416 4309 καλοῦσι
1430 4291 1447 4320 ,
1473 4247 1785 4327 χερρόνησον
1807 4235 1986 4307 οὖσαν.

787 4355 863 4396 aa.
904 4334 1037 4395 Ὅτι
1066 4334 1331 4413 εὗλίμενός
1348 4338 1487 4397 ἔστιν
1515 4340 1551 4409 ἡ
1578 4333 1727 4401 πόλις
1751 4332 1812 4393 τὸ
1838 4331 2170 4413 Βρεντέσιον·
2191 4333 2265 4393 ίνὶ

704 4420 810 4501 γὰρ
838 4422 1066 4499 στόματι
1096 4422 1281 4482 πολλοὶ
1313 4423 1574 4482 κλείονται
1594 4420 1800 4498 λιμένες
1825 4418 2107 4497 ἄκλυστοι,
2136 4420 2265 4478 κόλ-

704 4530 821 4567 πων
866 4507 1387 4586 ἀπολαμὸανομένων
1430 4507 1571 4575 ἐντὸς
1588 4550 1605 4581 ,
1635 4506 1760 4566 ὥστ’
1801 4506 2027 4567 ἕοικέναι
2053 4504 2265 4586 κέρασιν

710 4597 903 4677 ἐλάφου
939 4596 1001 4656 τὸ
1024 4600 1211 4676 σχῆμα
1228 4642 1245 4671 ,
1278 4597 1368 4676 ἀφ’
1393 4588 1453 4656 οὗ
1480 4596 1571 4654 καὶ
1605 4592 1837 4672 τοῦνομα
1854 4618 1869 4633 ·
1918 4594 2011 4653 σὺν
2053 4595 2155 4675 γὰρ
2198 4599 2262 4673 τῇ

709 4685 861 4745 πόλει
884 4687 1086 4765 κεφαλῇ
1121 4684 1359 4761 μάλιστα
1388 4685 1583 4763 ἐλάφου
1606 4682 1907 4762 προσέοικεν
1939 4685 1968 4740 δ
1992 4681 2149 4748 τόπος
2164 4706 2179 4719 ·
2198 4686 2262 4763 τῇ

708 4770 763 4830 δὲ
788 4770 1071 4853 Μεσσαπία
1094 4769 1303 4852 γλώττῃ
1332 4771 1635 4853 Βρεντέσιον
1661 4776 1697 4840 ἡ
1720 4769 1923 4853 κεφαλὴ
1952 4776 2045 4830 τοῦ
2073 4770 2261 4853 ἐλάφου

704 4860 973 5015 ital-eierat..
1057 4857 1166 4919 Καί
1194 4860 1322 4919 εἰσιν
1354 4857 1460 4919 άπὸ
1482 4856 1698 4937 Ῥώμης
1735 4860 1807 4926 είς
1845 4856 2146 4937 Βρεντέσιον
2177 4856 2261 4934 μί·

740 4968 794 5004 ια
822 4970 853 5005 τ
880 4944 919 5005 '-

704 5184 790 5239 36.
809 5201 868 5256 p.
891 5187 1017 5250 280,
1033 5186 1171 5239 ΒΘΗ
1208 5180 1687 5253 ἂριστοκρατηθέντες
1704 5175 1754 5232 ἰν
1773 5177 2104 5250 δημοκρατίᾳ]
2127 5176 2265 5233 πολι·

700 5266 954 5336 τευόμενοι
968 5264 1335 5335 δημοκρατικῶς
1342 5259 1655 5331 Strabo.ss-
1665 5259 1749 5330 37.
1764 5277 1821 5332 p.
1834 5262 1901 5314 αθ
1910 5275 1931 5311 t
1942 5298 1958 5324 ,
1971 5261 2129 5313 Aac,
2140 5256 2262 5310 κατὰ

2361 847 2464 902 qne
2504 830 2880 904 philosophiam
2917 832 3175 905 amplexi,
3216 834 3500 908 Archytam
3535 837 3902 913 philosophum

2359 917 2646 990 principem
2689 916 2839 971 urbis
2871 916 3242 989 designarunt,
3276 922 3370 991 qui
3409 939 3503 996 per
3529 922 3744 994 longum
3775 937 3904 983 tem·

2359 1020 2458 1076 pus
2477 1004 2765 1077 imperavit.
2839 1003 3048 1058 Deinde
3069 1015 3246 1059 autem
3271 1006 3404 1065 adeo
3425 1009 3688 1065 invaluere
3707 1011 3906 1069 delicia:

2359 1110 2421 1147 ac
2445 1093 2698 1165 pessimus
2729 1092 3028 1165 reipublicae
3053 1102 3216 1147 status
3233 1133 3249 1159 ,
3273 1104 3336 1149 nt
3361 1093 3510 1167 plura
3552 1096 3677 1153 festa
3697 1100 3904 1173 publica

2359 1178 2502 1251 apud
2525 1198 2616 1233 eos
2637 1190 2914 1251 agerentur
2952 1198 3112 1251 quam
3137 1192 3312 1235 essent
3333 1180 3444 1235 dies
3472 1184 3634 1239 totius
3679 1189 3824 1253 anni,
3855 1202 3904 1245 οι

2361 1269 2664 1341 peregrinos
2706 1278 2760 1322 et
2801 1266 3113 1338 alienigenas
3147 1266 3308 1323 duces
3339 1267 3682 1339 advocarent,
3712 1276 3904 1345 quibus

2359 1372 2428 1409 ne
2453 1356 2574 1427 ipsis
2599 1353 2809 1428 quidem
2831 1354 3112 1427 parebant,
3144 1354 3304 1409 veluti
3341 1355 3691 1414 Alexandrum
3717 1362 3905 1433 Epiro-

2361 1453 2466 1497 tam
2491 1454 2670 1497 contra
2693 1444 2995 1513 Messapios,
3015 1452 3069 1495 et
3093 1442 3354 1515 Pyrrhum
3379 1454 3432 1497 et
3449 1462 3478 1498 e
3497 1446 3906 1503 Lacedaemoniis

2361 1528 2656 1583 nonnullos.
2679 1528 2788 1583 Sub
2807 1530 3096 1585 Hannibale
3119 1530 3632 1599 Carthaginiensibus
3649 1532 3904 1604 sejunxe-

2359 1627 2516 1682 runt;
2546 1628 2860 1689 quapropter
2885 1635 2916 1671 a
2951 1618 3198 1671 Romanis
3233 1628 3411 1690 postea
3437 1615 3678 1674 debellati
3719 1620 3774 1675 in
3802 1633 3905 1677 sta·

2363 1716 2473 1758 tum
2501 1703 2828 1759 humiliorem
2848 1703 3046 1760 redacti
3068 1714 3210 1761 sunt.

2433 1793 2519 1862 37.
2559 1792 2814 1865 Iapygum
2837 1792 2982 1863 regio
3009 1794 3204 1847 mirum
3232 1794 3292 1846 in
3332 1791 3543 1848 modum
3578 1793 3782 1867 elegans
3807 1809 3904 1855 est.

2361 1878 2539 1945 Quum
2565 1876 2705 1930 enim
2737 1876 2794 1929 in
2821 1875 3094 1949 superficie
3133 1894 3283 1949 asper
3306 1894 3428 1948 ager
3453 1875 3712 1945 videntur,
3733 1894 3908 1937 aratro

2357 1958 2543 2012 scissus
2564 1958 2802 2028 glebosus
2827 1974 2938 2012 esse
2955 1958 3216 2029 reperitur
3227 1978 3243 2025 3
3265 1968 3318 2011 et
3336 1976 3633 2031 quanquam
3653 1978 3906 2033 aquarum

2357 2039 2562 2112 indigus
2603 2042 2698 2109 sit,
2741 2042 2946 2114 pascuis
2975 2050 3152 2096 tamen
3195 2052 3349 2113 aptus
3393 2052 3502 2108 est,
3533 2053 3588 2097 et
3629 2043 3908 2101 arboribus

2357 2123 2518 2179 ser-ax.
2593 2124 2713 2179 Haec
2753 2133 2864 2179 tota
2903 2125 3048 2195 regio
3093 2124 3305 2197 copiosa
3351 2124 3620 2197 quondam
3669 2130 3905 2185 virorum

2355 2205 2686 2262 multitudine
2737 2208 2949 2274 floruit,
2995 2206 3260 2279 urbesque
3315 2208 3576 2262 eontinuit
3635 2210 3900 2269 tredecim.

2353 2292 2506 2347 Nunc
2522 2301 2710 2365 praeter
2725 2292 3010 2346 Tarentum
3033 2300 3086 2345 et
3106 2289 3487 2357 Brundusium,
3511 2301 3684 2347 cetera
3714 2294 3904 2365 exigua

2348 2388 2480 2433 sunt
2504 2375 2724 2454 oppida,
2765 2375 2898 2433 adeo
2942 2376 3181 2452 ipsorum
3227 2376 3364 2432 vires
3397 2374 3650 2433 absumta
3691 2388 3815 2435 sunt
3853 2389 3908 2435 et

2359 2462 2633 2541 depressa.
2704 2465 2822 2524 Hoc
2846 2464 2903 2523 in
2931 2463 3048 2523 loco
3089 2475 3258 2524 exstat
3281 2465 3526 2545 scopulus
3539 2511 3555 2538 ‚
3587 2486 3745 2546 quem
3781 2488 3909 2548 pro-

2362 2556 2680 2610 montorium
2710 2557 2984 2629 Iapygium
3017 2567 3208 2611 vocant
3226 2596 3242 2623 ,
3287 2558 3510 2612 multum
3537 2559 3592 2612 in
3619 2560 3830 2638 pelagus
3859 2572 3912 2614 et

2362 2650 2538 2694 ortum
2570 2639 2850 2694 hibernum
2876 2656 3194 2711 procurrens
3213 2679 3230 2706 ,
3261 2658 3324 2695 ae
3350 2660 3636 2698 conversus
3666 2643 3734 2698 ad
3759 2645 3910 2697 Laci-

2363 2726 2509 2778 nium
2553 2724 2974 2796 promontorium
3023 2724 3240 2777 Bruttiae
3285 2722 3464 2795 (quam
3498 2726 3744 2796 Magnam
3782 2729 3907 2784 olim

2360 2806 2612 2860 Graeciam
2660 2804 2982 2877 appeliatum
3035 2824 3066 2859 a
3127 2804 3434 2877 Pythagora
3479 2806 3582 2861 illic
3619 2827 3911 2866 commora-

2369 2890 2541 2958 tione)
2567 2888 2634 2943 ab
2661 2906 2846 2943 occasu
2881 2888 2929 2941 ei
2953 2888 3254 2960 oppositum
3272 2927 3288 2953 ‚
3329 2898 3482 2961 atque
3513 2908 3634 2944 cnm
3661 2892 3774 2964 ipso
3795 2892 3908 2949 sau·

2365 2990 2450 3025 ees
2475 2962 2631 3025 sinus*
2650 2970 2922 3026 Tarentini
2959 2970 3236 3035 clandenu
3271 2972 3407 3025 sicut
3433 2974 3675 3029 Ceraunii
3705 2989 3908 3033 montes

2361 3065 2415 3108 et
2439 3055 2706 3127 Iapygiam
2742 3054 3164 3127 promontorium
3193 3053 3445 3109 claudunt
3471 3054 3644 3111 fauces
3671 3059 3806 3114 Ionii
3834 3064 3906 3115 si·

2359 3154 2475 3193 nus.
2539 3133 2804 3206 Trajectus
2828 3134 2894 3188 ad
2921 3137 3208 3191 Ceraunios
3233 3148 3440 3190 montes
3464 3146 3517 3190 et
3541 3136 3611 3191 ad
3635 3139 3905 3199 Lacinium

2359 3228 2440 3270 est
2451 3216 2738 3272 stadiorum
2760 3234 2882 3286 7⁰⁰·
2899 3218 3176 3270 ATarento
3195 3216 3260 3271 ad
3275 3216 3631 3274 Brundusium
3647 3222 3906 3292 navigatio

2354 3298 2507 3369 juxta
2533 3299 2676 3353 littus
2707 3316 2870 3370 nsque
2907 3298 2976 3352 ad
3001 3300 3161 3352 Baria
3200 3297 3514 3371 oppidulum
3541 3303 3564 3369 (
3578 3302 3724 3372 quod
3763 3320 3908 3358 nunc

2358 3383 2610 3436 Veretum
2636 3380 2852 3455 dicitur)
2882 3381 3172 3435 stadiorum
3193 3392 3268 3435 est
3291 3385 3414 3437 600.
3486 3382 3626 3437 Hine
3644 3382 3712 3437 ad
3734 3386 3906 3441 Leuea

2353 3468 2515 3521 stadia
2538 3478 2660 3521 sunt
2687 3470 2785 3535 803
2811 3475 2864 3519 et
2892 3466 2995 3520 boc
3018 3468 3267 3536 exiguum
3293 3465 3548 3538 oppidum
3577 3478 3657 3522 est
3674 3510 3689 3534 ,
3717 3469 3772 3523 in
3795 3488 3905 3541 quo

2353 3552 2470 3607 sons
2489 3552 2678 3608 foetidae
2701 3570 2848 3625 aquae
2868 3562 3210 3608 monstratur.
3289 3554 3337 3607 A
3361 3553 3546 3606 Leucis
3560 3552 3627 3607 ad
3653 3553 3904 3627 Hydrun-

2354 3653 2461 3696 tem
2509 3640 2762 3715 oppidum
2807 3638 2974 3695 stadia
3018 3650 3144 3694 sunt
3204 3640 3306 3695 150
3318 3660 3334 3706 ;
3379 3639 3505 3695 inde
3541 3640 3902 3699 Brundusium

2352 3746 2514 3801 nsque
2531 3728 2698 3783 stadia
2733 3731 2866 3794 4⁰0³
2897 3726 3224 3799 totidemque
3251 3724 3320 3780 ad
3355 3727 3603 3782 Sasonem
3647 3728 3898 3792 insulam.

2351 3833 2467 3888 qun
2492 3816 2546 3869 in
2569 3815 2744 3869 medio
2763 3815 2900 3869 inter
2926 3814 3184 3869 Ceraunia
3218 3812 3363 3885 Epiri
3388 3825 3442 3868 et
3462 3816 3739 3888 Japygiam
3761 3815 3902 3890 jacet

2353 3900 2587 3973 trajectu.

2424 3990 2511 4045 38.
2547 3995 2596 4045 A
2625 3989 2932 4045 Brundusio
2959 3990 3044 4043 via
3063 3990 3354 4043 Tarentum
3381 4005 3576 4060 usque.
3594 3987 3652 4042 id
3678 3998 3756 4042 est
3773 3989 3901 4045 isth-

2353 4096 2490 4146 mus,
2507 4077 2796 4134 stadiornm
2811 4089 2890 4134 est
2908 4095 3032 4144 noo,
3054 4076 3423 4132 disterminans
3435 4088 3625 4131 terram
3643 4076 3798 4150 hujus
3810 4096 3900 4150 pe·

2353 4166 2590 4233 ninsulae,
2612 4184 2770 4239 quam
2787 4165 3022 4239 plerique
3037 4164 3307 4219 communi
3322 4162 3575 4218 vocabulo
3593 4166 3898 4237 Messapiam

2352 4264 2408 4307 et
2435 4252 2702 4327 Iapygiam
2725 4262 2779 4305 et
2798 4250 3091 4305 Calabriam
3118 4260 3172 4303 et
3199 4248 3515 4303 Salentinam
3539 4249 3818 4321 appellant.

2425 4342 2513 4414 39.
2551 4340 2692 4395 Urbs
2707 4338 3064 4394 Brundusium
3079 4345 3332 4409 portuum
3347 4334 3717 4391 commoditate
3733 4337 3900 4391 excel·

2355 4429 2432 4484 lit.
2505 4427 2660 4483 Multi
2687 4444 2915 4498 namque
2941 4435 3126 4498 portus
3150 4440 3261 4478 uno
3294 4421 3442 4476 aditu
3475 4422 3840 4488 includuntur,
3868 4442 3898 4478 a

2354 4514 2601 4570 fluctibus
2627 4515 2754 4581 tuti,
2783 4514 2924 4568 intus
2951 4512 3177 4584 receptis
3218 4510 3457 4576 sinibus,
3487 4508 3618 4565 adeo
3642 4521 3704 4564 ut
3729 4509 3900 4566 forma

2353 4602 2492 4657 cervi
2522 4600 2774 4655 cornibus
2798 4599 3060 4653 simillima
3085 4598 3183 4663 sit,
3213 4595 3355 4650 unde
3378 4607 3430 4650 et
3455 4596 3572 4650 urbi
3599 4614 3792 4650 nomen
3820 4608 3897 4651 est

2353 4689 2618 4755 inditum;
2647 4687 2792 4743 locus
2834 4686 2979 4741 enim
3017 4702 3120 4739 nna
3163 4701 3286 4738 cum
3334 4682 3464 4736 urbe
3499 4683 3712 4738 cervino
3740 4684 3896 4756 capiti

2355 4776 2578 4831 maxime
2623 4774 2914 4847 comparari
2946 4780 3117 4845 potest
3133 4810 3150 4835 ‚
3193 4788 3254 4823 ac
3299 4769 3474 4839 lingna
3511 4770 3894 4841 Messapiorum

2355 4862 2491 4916 cervi
2514 4872 2670 4933 eaput
2689 4860 3015 4916 Brentesium
3036 4856 3247 4910 dicitur.
3322 4856 3455 4908 Sunt
3479 4864 3655 4907 autem
3683 4871 3712 4907 e
3729 4854 3895 4907 Roma

2355 4946 2714 5002 Brundusium
2741 4962 2907 5017 usque
2943 4942 3178 4997 milliaria
3208 4940 3330 4994 360.

2352 5176 2576 5249 Βρεντίας
2596 5174 2780 5239 oodcx,
2807 5172 3055 5247 appositis
3073 5186 3230 5241 super
3251 5187 3280 5223 τ
3305 5167 3464 5221 literis
3487 5184 3542 5221 εσ
3555 5206 3570 5231 ,
3595 5167 3728 5221 adeo
3747 5176 3804 5221 nt
3827 5167 3894 5221 sit

2350 5257 2643 5329 Βρεντεσίας.
2657 5259 2783 5311 Mox
2799 5253 2965 5309 codex
2978 5252 3219 5323 ἀνταίρων
3233 5258 3286 5304 et
3297 5246 3474 5301 κλείων
3495 5256 3546 5300 et
3559 5248 3779 5319 Βάρητος
3795 5264 3894 5319 pro

700 5342 788 5407 τὰς
807 5345 973 5415 χειμ.]
989 5342 1071 5397 καὶ
1090 5361 1137 5397 τ.
1158 5361 1215 5413 χ.
1248 5339 1390 5407 cod.;
1411 5340 1476 5402 ὡς
1502 5336 1601 5409 ἰπὶ]
1623 5358 1723 5401 πως
1740 5336 1817 5393 ἐπὶ
1846 5336 1990 5402 cod.;
2016 5336 2257 5409 Βρεττίας]
2292 5376 2304 5393 .
2349 5336 2602 5408 Βάριδοςοι
2613 5338 2768 5389 Δουκα
2780 5332 2893 5407 (sic)
2905 5332 3187 5407 ριόΔευκά.
3197 5332 3298 5403 11-
3308 5326 3393 5381 38.
3409 5340 3463 5395 p.
3476 5327 3684 5389 282‚A.
3697 5326 3892 5397 11—39.
