4584 6284
629 487 732 564 χιι]
1931 487 2515 550 sacrationem

628 614 800 677 locus
839 621 1124 677 occurrat
1162 616 1246 697 (p.
1273 618 1414 692 503,
1457 616 1579 696 13),
1625 615 1733 677 ubi
1778 621 2019 678 tantum
2055 635 2178 679 non
2223 621 2232 656 ³

625 699 938 780 ipsissima
983 701 1166 764 verba
1217 702 1514 765 Marciani
1556 701 1784 774 habeS‚
1829 703 1938 783 qui
1979 702 2178 767 fontes

627 806 771 851 suos
805 788 1232 870 (Ptolemaeum
1259 795 1324 852 et
1341 788 1763 871 Protagoram)
1780 789 1968 855 verbo
1998 798 2178 854 tenus

624 874 755 939 fere
799 875 1150 940 exscribere
1200 876 1395 954 solet,
1441 877 2021 958 suspicio.nascitur
2059 881 2182 941 No-

625 971 823 1028 strum
842 983 1094 1050 quoque
1110 966 1508 1044 Anonymum
1526 971 1751 1047 praeter
1768 966 2176 1030 Ptolemaeum

625 1052 987 1116 adhibuisse
1015 1051 1456 1134 geographiam
1484 1054 1858 1134 Protagorae.
1887 1053 2180 1136 Sequitur

626 1140 706 1202 de
750 1139 949 1203 ventis
1002 1147 1222 1220 caput,
1269 1140 1450 1222 quale
1484 1141 1618 1223 Jam
1661 1141 1727 1204 in
1770 1141 2178 1222 Agathemero

627 1228 898 1311 legimus
917 1274 934 1305 ,
969 1234 1031 1291 et
1057 1235 1200 1310 post
1228 1227 1365 1292 haec
1394 1247 1600 1292 sermo
1628 1229 1795 1310 est(§
1817 1233 1916 1305 39,
1949 1249 2010 1311 p.
2043 1230 2177 1308 504)

631 1314 712 1379 de
739 1321 926 1379 terrae
952 1314 1241 1379 habitatae
1281 1315 1805 1392 dimensionibuS,
1835 1335 1988 1398 quas
2018 1321 2182 1398 Aga-

628 1405 954 1467 themerus
993 1421 1068 1466 ex
1107 1403 1480 1468 Artemidori
1524 1411 1822 1486 computu
1861 1404 2176 1486 prodidit,
2222 1415 2230 1440 ¹

631 1491 786 1554 dum
841 1494 1064 1554 Noster
1103 1491 1166 1554 in
1218 1492 1316 1554 his
1357 1499 1676 1556 auctorem
1732 1493 2030 1576 sequitur,
2072 1493 2180 1575 qui

631 1586 818 1643 terrae
846 1579 1111 1642 formam
1134 1578 1380 1643 rhombi
1405 1579 1663 1660 figuram
1685 1579 1919 1643 referre
1945 1581 2177 1654 statuit,

635 1667 1097 1751 maximamque
1129 1669 1263 1748 eius
1299 1667 1690 1732 latitudinem
1733 1669 1797 1730 in
1835 1666 2181 1732 meridiano

632 1775 747 1839 per
769 1755 1066 1838 Hippicos
1095 1756 1411 1821 Sarmatiae
1439 1762 1683 1820 montes
1727 1756 1916 1820 ducto
1957 1754 2104 1818 inde
2145 1775 2190 1820 a·

632 1843 932 1926 parallelo
969 1842 1254 1906 Tanaidis
1291 1843 1420 1907 fere
1458 1842 1617 1907 ostia
1655 1849 1948 1926 tangente
1990 1843 2184 1923 perti-

631 1949 783 1994 nere
815 1930 1057 1994 censuit
1095 1949 1290 2014 usque
1321 1931 1397 1995 ad
1440 1931 1804 2014 parallelum
1833 1930 1941 2014 qui
1964 1929 2184 1993 transit
2276 1956 2287 1966 ·

631 2036 747 2099 per
773 2019 1092 2098 regionem
1167 2018 1408 2101 Rhapto
1480 2019 1688 2100 Libyae
1755 2017 2179 2099 promontorio

631 2105 1011 2186 proximam,
1040 2110 1108 2167 ut
1143 2104 1546 2186 probabiliter
1571 2105 1750 2170 nobis
1775 2104 2058 2168 statuisse
2094 2105 2184 2166 vi-

633 2193 858 2255 demur
881 2191 944 2255 in
972 2200 1182 2256 annot.
1211 2191 1292 2256 ad
1317 2193 1354 2274 ἓ
1375 2197 1473 2270 39,
1501 2212 1563 2275 p.
1587 2195 1722 2257 504.
1751 2191 2038 2256 Latitudo
2076 2191 2182 2255 illa

631 2299 711 2342 ex
752 2279 1060 2362 Anonymi
1109 2281 1415 2344 sententia
1449 2280 1790 2344 stadiorum
1833 2287 1930 2344 est
1956 2283 2180 2356 32,500

631 2367 759 2430 sive
791 2367 1098 2450 graduum
1128 2371 1229 2448 65,
1256 2367 1406 2431 dum
1433 2366 1599 2450 apud
1641 2368 2051 2432 Ptolemaeum
2088 2374 2180 2431 est

630 2459 858 2533 40,000
887 2454 1228 2519 stadiorum
1271 2454 1396 2518 sive
1426 2459 1504 2519 80
1533 2453 1857 2535 graduum.
1889 2457 2177 2519 Ceterum

630 2547 694 2607 in
742 2541 1001 2622 singulis
1045 2549 1225 2605 terrae
1269 2542 1549 2624 partibus
1591 2544 1814 2605 Noster
1851 2560 2176 2605 mensuras

629 2630 981 2709 Ptolemaei,
1029 2635 1327 2712 quantum
1377 2630 1511 2710 ejus
1555 2629 1688 2692 fieri
1731 2635 2000 2710 poterat,
2047 2648 2178 2692 ser-

626 2719 817 2798 vavit,
849 2724 919 2780 ut
955 2717 1128 2780 exiis
1165 2734 1304 2797 quae
1333 2716 1412 2780 de
1442 2717 1594 2779 mari
1624 2718 2084 2784 mediterraneo
2113 2724 2177 2781 et

625 2808 822 2868 Ponto
848 2804 1087 2867 Euxino
1124 2803 1293 2866 etde
1322 2805 1698 2884 lonqitacline
1743 2806 1930 2868 maris
1975 2806 2175 2889 Caspii

624 2895 685 2974 (ς
731 2891 941 2974 40-42)
1003 2891 1349 2967 traduntur,
1396 2891 1791 2972 intelligitur-3
1856 2894 2175 2958 dissensus

620 2981 856 3046 ultimis
883 2979 1072 3044 austri
1097 2986 1161 3043 et
1182 2980 1392 3044 boreae
1437 2981 1636 3064 plagis
1672 2983 2045 3048 continetur.
2073 2985 2177 3055 Sic

539 3095 544 3098 ·
621 3071 813 3134 maris
842 3069 1042 3151 Caspii
1075 3069 1460 3132 latitudinem
1493 3071 1714 3133 Noster
1749 3072 1946 3134 multo
1979 3072 2180 3135 mino-

623 3178 756 3222 rem
801 3176 990 3242 quam
1039 3156 1412 3220 Ptolemaeus
1471 3157 1712 3234 statuit,
1760 3165 1823 3221 et
1866 3161 2176 3223 Jaxartem

624 3247 822 3328 magis
850 3262 1034 3328 quam
1069 3245 1175 3308 ille
1213 3251 1494 3308 austrum
1521 3263 1735 3308 versus
1773 3251 2078 3323 removet,
2105 3265 2178 3311 ac

626 3331 817 3397 simili
847 3329 1037 3394 modo
1070 3329 1146 3392 de
1179 3329 1337 3393 mari
1365 3329 1544 3394 Brevi
1583 3331 1640 3412 (ἓ
1660 3331 1762 3411 43)
1785 3332 2177 3397 aPtolemaeo

627 3418 886 3483 recedit.
904 3451 987 3465 —
1004 3419 1152 3490 Quae
1176 3417 1472 3500 deinceps
1501 3417 1794 3499 leguntur
1826 3419 1885 3500 (ἓ
1912 3423 1993 3483 46
2014 3421 2175 3503 sqq.)

627 3507 708 3570 de
729 3505 1177 3570 continentium
1201 3503 1500 3568 divisione
1523 3505 1916 3587 mariumque
1941 3506 2182 3569 dimen-

627 3593 910 3658 sionibus
932 3599 1171 3657 tantum
1199 3612 1326 3656 non
1351 3591 1560 3657 omnia
1579 3591 1804 3656 iisdem
1829 3595 1959 3658 sere
1975 3594 2180 3659 verbis

630 3683 694 3746 in
727 3683 1028 3746 Strabone
1049 3682 1262 3745 habeS.

711 3772 963 3834 Comcsss
982 3770 1208 3832 horum
1234 3767 1590 3852 libellorum
1606 3768 1761 3830 mihi
1781 3768 2183 3833 innotuerunt

628 3857 922 3923 undecim
957 3877 972 3920 :
1221 3862 1236 3875 ‘

672 3953 727 4010 1.
775 3950 1096 4012 Parisinus
1139 3947 1211 4008 N.
1260 3948 1417 4008 1406
1460 3943 1661 4025 (nobis
1703 3945 1801 4023 A),
1831 3963 1979 4008 saec.
2008 3948 2173 4024 XVI,

786 4035 981 4098 chart.
1017 4034 1082 4097 in
1114 4033 1247 4108 sol„
1281 4039 1572 4096 constans
1617 4032 1780 4095 foliis
1827 4035 1927 4095 25.
1957 4031 2178 4095 Tribus

784 4123 1010 4185 nostris
1056 4120 1284 4184 libellis
1327 4119 1654 4200 subjicitur
1699 4119 2110 4201 fragmentum
2141 4126 2173 4185 1

783 4206 1058 4290 Dionysii
1095 4206 1392 4290 Byzantii.
1427 4206 1543 4270 Hic
1585 4206 1746 4269 liber
1772 4225 1918 4269 cum
1959 4204 2176 4270 codice

783 4294 1191 4359 Escorialensi
1221 4295 1287 4357 in
1315 4293 1604 4375 plurimis
1627 4294 1962 4375 conspirat.

666 4389 725 4449 2.
775 4387 1092 4448 Parisinus
1132 4385 1205 4445 N.
1243 4386 1398 4448 1405
1453 4381 1655 4465 (nobis
1697 4382 1792 4462 B),
1827 4401 1970 4446 saec.
2015 4384 2169 4460 XVI,

787 4472 980 4536 chart.
1029 4471 1094 4533 in
1137 4471 1244 4534 fol.
1298 4469 1728 4552 Geographica
1773 4478 1983 4534 nostra
2042 4472 2169 4555 (fol.

786 4560 954 4641 1-17)
1003 4557 1232 4640 excipit
1286 4558 1698 4640 fragmentum
1745 4556 2018 4639 Dionysii
2059 4561 2176 4640 By-

787 4646 1000 4723 zantii,
1049 4652 1120 4710 ut
1166 4647 1231 4709 in
1279 4647 1351 4709 N.
1399 4649 1586 4723 14063
1621 4645 1847 4708 deinde
1893 4647 2174 4728 sequitur

788 4733 1083 4797 Herodoti
1120 4734 1279 4797 liber
1306 4733 1543 4816 primus
1576 4733 1702 4816 (fol.
1753 4736 1981 4816 18-35),
2012 4741 2170 4816 tum,

787 4826 929 4902 post
945 4819 1184 4903 aliquot
1202 4819 1352 4883 folia
1372 4824 1584 4899 vacua,
1606 4820 1892 4901 leguntur
1911 4823 2175 4885 Herme—

785 4907 864 4971 tis
878 4907 1314 4970 mathematica
1325 4906 1401 4970 ad
1416 4907 1790 4970 Ammonem
1809 4908 2171 4991 AEgyptium
2200 4912 2204 4917 ’

784 5003 848 5058 et
872 4996 995 5059 alia
1024 5005 1165 5060 octo
1193 5014 1384 5078 opera
1411 4997 1756 5076 argumenti
1779 4997 1956 5060 varii.

663 5086 722 5144 3.
769 5085 1084 5145 Parisinus
1131 5085 1199 5144 N.
1251 5085 1409 5145 2554
1453 5080 1652 5163 (nobis
1697 5085 1745 5145 C
1786 5090 1850 5145 et
1889 5083 1989 5164 D),
2019 5101 2165 5147 saec.

780 5173 937 5249 XVI,
990 5171 1186 5233 chart.
1245 5171 1307 5232 in
1363 5173 1447 5249 Δι’,
1491 5173 1704 5233 Insunt
1761 5191 1776 5233 :
1836 5170 2168 5235 Theodosii

779 5257 2168 5341 grammaticiAlexandrinilsagogiciCanones

2427 617 2557 698 (fol.
2619 616 2806 695 1-86).
2852 615 3098 695 Georgii
3155 615 3553 680 Choerobosci
3595 618 3817 684 Ortho-

2426 701 2683 786 graphia
2736 703 2871 786 (fol.
2920 702 3197 785 87-108).
3245 703 3669 785 Geographica
3705 724 3784 768 nx·

2432 801 2559 855 stra
2588 792 2801 869 (nobis
2844 791 2930 875 C)
2980 799 3043 855 et
3076 792 3353 875 Dionysii
3399 793 3809 874 fragmentum

2429 880 2555 956 (sol.
2589 883 2704 945 109
2732 880 2916 964 sqq.).
2948 879 3182 944 Eadem
3225 881 3455 943 iterum
3505 882 3705 965 (nobis
3736 886 3787 946 11

2430 965 2577 1029 inde
2606 985 2641 1029 a
2670 967 2941 1032 fol..135.
2975 969 3045 1030 In
3071 968 3371 1032 laterculo
3415 968 3617 1034 codici
3652 989 3817 1052 pra>-

2427 1056 2547 1118 flxo
2576 1055 2803 1135 legitur
2837 1075 2852 1118 :
2885 1055 3237 1138 Ἀγαθημέρου
3274 1062 3365 1118 τοῦ
3387 1055 3654 1139 Ὀρθωνος
3684 1082 3813 1138 Yam

2425 1143 2649 1226 γραφίας
2675 1144 3026 1213 ὑποτύπωσις.
3047 1143 3206 1208 Ἔστι
3243 1143 3300 1206 δὲ
3332 1143 3407 1214 δὶς
3435 1148 3773 1229 γεγραμμένη

2427 1233 2545 1292 ἀλλ’
2572 1237 2608 1305 ἡ
2638 1232 2734 1310 μὲν
2766 1233 2814 1292 α’
2844 1233 3031 1310 μείζων
3074 1233 3166 1294 καὶ
3211 1231 3437 1312 ἀμείνων
3482 1241 3578 1307 τῆς
3613 1235 3813 1317 ἐτέρας,

2428 1319 2496 1380 ld
2524 1337 2671 1382 vero
2700 1317 2926 1382 falsum
2968 1324 3091 1395 est;
3120 1337 3266 1382 nam
3306 1328 3639 1404 utrumque
3669 1341 3811 1404 apo-

2426 1405 2733 1488 graphum
2762 1403 2980 1468 eadem
3013 1406 3280 1486 praebet,
3316 1426 3516 1490 neque
3552 1409 3805 1481 alterum

2426 1493 2621 1556 altero
2654 1492 2910 1556 meliora
2935 1493 3145 1558 habet.

2308 1584 2369 1642 4.
2414 1581 2811 1643 Scorialensis
2854 1580 2915 1656 1,
2947 1581 3022 1656 Ω,
3068 1599 3131 1666 ¹¹.-
3172 1585 3243 1644 11
3296 1581 3494 1663 (nobis
3530 1584 3632 1664 Ε),
3666 1603 3806 1650 saec.

2426 1669 2580 1744 XVI,
2627 1668 2823 1732 chart.
2870 1669 3093 1732 Nostra
3137 1669 3377 1751 praebet
3414 1669 3477 1733 in
3517 1669 3626 1734 sol.
3673 1676 3817 1736 331-

2427 1757 2565 1818 348.
2596 1757 2775 1818 Hunc
2801 1754 3084 1820 codicem
3109 1756 3243 1837 ipse
3269 1758 3523 1821 contuli.

2308 1843 2368 1903 5.
2416 1845 2777 1906 Matritensis
2804 1845 2879 1906 N.
2902 1847 3026 1909 138
3070 1843 3270 1928 (nobis
3300 1845 3398 1927 F),
3433 1866 3622 1929 quem
3652 1869 3689 1912 a
3716 1868 3815 1914 me

2429 1937 2677 2010 rogatus
2746 1931 3199 1996 Busemakerus
3267 1951 3445 1997 meus
3515 1938 3810 2014 contulit,

2430 2018 2685 2083 mutilus
2725 2026 2837 2083 est.
2880 2020 3116 2084 Desinit
3152 2021 3215 2084 in
3255 2021 3443 2085 verba
3474 2043 3489 2085 :
3535 2025 3654 2084 καθ’
3677 2030 3819 2102 ἡμᾶς

2427 2107 2695 2168 Θάλασσαν
2723 2113 2758 2180 ἡ
2784 2108 2997 2190 Κύπρος
3022 2128 3084 2191 p.
3116 2113 3254 2188 500,
3281 2115 3361 2175 32
3390 2101 3773 2176 ed.⁸nostrae.

2308 2197 2367 2258 6.
2412 2198 2734 2259 Parisinus
2754 2199 2828 2259 N.
2860 2200 3015 2260 2857
3044 2197 3245 2278 (nobis
3285 2199 3381 2279 G),
3409 2217 3599 2280 quem
3632 2219 3819 2282 supra

2422 2282 2555 2361 Jam
2584 2281 2853 2359 laudavi,
2883 2291 3025 2364 post
3047 2284 3350 2347 Eustathii
3370 2285 3434 2347 in
3456 2285 3818 2368 Dionysium

2426 2369 2908 2434 commentarios
2954 2370 3195 2451 praebet
3255 2373 3651 2454 Agathemeri
3696 2376 3821 2437 fra-

2424 2462 2747 2536 gmentum
2777 2457 2837 2538 (§
2864 2457 2986 2540 1-8)
3022 2457 3189 2541 quod
3221 2458 3453 2522 desinit
3480 2460 3545 2522 in
3572 2461 3761 2524 verba
3797 2483 3813 2522 :

2423 2543 2514 2603 καὶ
2542 2543 2724 2604 Ἰόνιον
2750 2545 2841 2604 καὶ
2868 2543 3156 2625 Ἀδριανόν,
3183 2563 3246 2626 p.
3272 2548 3415 2624 473,
3436 2549 3534 2609 32.

2304 2633 2363 2692 7.
2415 2629 2827 2709 Chiffletianus
2854 2629 3056 2712 (nobis
3077 2631 3179 2712 H),
3209 2649 3335 2713 quo
3361 2650 3546 2695 usum
3571 2651 3637 2696 se
3668 2632 3820 2697 dicit

2423 2715 2812 2781 Godofredus
2829 2717 3229 2781 VendelinuS.

2302 2806 2361 2867 8.
2409 2806 2729 2868 Palatinus
2756 2807 2829 2868 N.
2861 2809 2941 2869 62
2979 2805 3042 2868 in
3070 2805 3356 2885 Catalogo
3398 2807 3707 2890 Sylburgii
3756 2820 3820 2873 et

2303 2894 2363 2954 9.
2410 2892 2851 2972 Altempsianus
2872 2890 2937 2974 (i.
2954 2892 3361 2956 e-cardinalis
3380 2892 3458 2956 de
3486 2895 3813 2979 Altemps),

2424 2997 2583 3061 quos
2604 2985 2914 3044 memorat
2937 2983 3131 3044 Lucas
3148 2980 3507 3045 Holstenius
3529 2982 3595 3045 in
3620 2986 3813 3068 Epist.

2424 3066 2506 3129 ad
2546 3067 2934 3132 Peirescium
2961 3070 3071 3152 (m.
3105 3069 3264 3132 febr.
3300 3089 3399 3133 an.
3432 3073 3611 3154 1628)
3648 3093 3710 3153 p.
3742 3078 3821 3137 54

2428 3153 2528 3217 ed.
2564 3155 2970 3234 Boissonade,
3010 3156 3121 3220 ubi
3159 3157 3300 3222 haec
3340 3177 3427 3240 ².‘¹
3464 3159 3820 3241 Ἀγαθημίρου

2431 3247 2526 3301 τοῦ
2553 3239 2819 3324 Ὀρθωνος
2856 3245 3185 3326 γεωγραφίας
3215 3246 3542 3314 bitettinum<
3585 3267 3600 3308 :
3645 3249 3821 3329 cujus

2427 3326 2842 3410 fragmentum
2886 3333 2945 3410 [e
2986 3330 3127 3394 cod.
3168 3332 3363 3394 Paris.
3411 3335 3569 3396 2857
3579 3335 3627 3412 2]
3666 3335 3819 3398 mihi

2428 3417 2693 3480 Londini
2747 3437 2824 3481 ex
2892 3419 2972 3482 cl.
3030 3419 3371 3484 casauboni
3443 3420 3821 3487 bibliotheca

2430 3503 2843 3586 suppeditavit
2903 3505 3202 3570 Patricius
3262 3508 3294 3570 J
3298 3506 3481 3571 unius
3527 3511 3814 3590 [Younqk

2427 3591 2537 3654 sed
2584 3592 2891 3675 integrum
2930 3601 3143 3677 postea
3181 3594 3483 3679 descripsi
3514 3616 3591 3660 ex
3622 3598 3820 3664 tribus

2430 3680 2617 3762 regiis
2666 3681 2987 3747 codicibus
3040 3683 3317 3747 Lutetiae.
3346 3687 3456 3748 Est
3500 3687 3819 3768 egregium

2428 3771 2800 3849 opusculum
2840 3779 2905 3835 et
2931 3771 3008 3834 eit
3027 3769 3284 3854 optimis
3310 3771 3580 3855 antiquis
3613 3783 3824 3840 aucto-

2430 3857 2601 3921 ribus
2628 3859 2978 3922 cont'ectum
2999 3906 3015 3938 ,
3043 3859 3271 3942 quibus
3297 3878 3469 3924 nunc
3506 3879 3816 3927 caremus.

2428 3945 2586 4008 Puto
2624 3945 2847 4010 vixisse
2884 3953 3026 4010 ante
3070 3949 3212 4010 DCC
3241 3948 3339 4010 vel
3369 3949 3559 4012 DCCC
3590 3967 3815 4028 annos,

2425 4050 2573 4095 cum
2599 4035 3019 4098 Damascenus
3063 4034 3306 4115 integra
3343 4035 3582 4119 aliquot
3618 4038 3820 4119 capita

2426 4120 2571 4184 inde
2589 4123 3056 4204 transcripserit
3078 4123 3141 4185 in
3163 4123 3357 4188 libros
3373 4128 3463 4189 De
3477 4126 3821 4190 orthodoxa

2424 4206 2569 4271 fide.
2620 4211 2956 4274 Emendavi
3002 4210 3071 4274 id
3118 4231 3319 4294 nuper
3348 4215 3425 4276 ad
3473 4216 3820 4286 Palatinum

2427 4305 2493 4357 et
2518 4296 3014 4380 Altempsianum
3042 4299 3381 4382 exemplar.
3413 4303 3640 4386 Incipit
3661 4305 3820 4366 Ἀνα-

2423 4383 2697 4470 Ειμανδρος
2734 4391 2762 4446 ὁ
2788 4389 3123 4461 Μιλήσιος...
3155 4387 3326 4451 Finit
3359 4409 3374 4452 τ
3408 4391 3617 4453 Λέσὸου
3663 4395 3815 4475 περί-

2422 4494 2609 4553 μετρος
2639 4474 2721 4554 αρ’
2751 4477 2833 4556 [p.
2860 4477 3002 4554 487,
3026 4479 3067 4538 4
3086 4475 3185 4538 ed.
3210 4481 3482 4558 nostrae].
3502 4480 3613 4544 Est
3630 4483 3815 4544 XVIII

2420 4558 2717 4624 soliorum
2766 4563 3100 4642 graeco-lat.
3164 4563 3232 4626 in
3296 4568 3363 4627 4⁰
3424 4569 3535 4646 [sc.
3579 4567 3818 4631 Holste-

2430 4647 2687 4711 nianum
2707 4651 3132 4732 apographum
3162 4658 3226 4715 et
3251 4653 3452 4717 versio
3478 4653 3633 4733 lat.].
3656 4659 3811 4719 —2.

2420 4732 2718 4812 Ἀνωνῦμου
2752 4736 3085 4807 ὖποτύπωσις
3117 4740 3448 4819 γεωγραφίας
3476 4743 3529 4801 ἰν
3558 4743 3814 4825 ἕπιτόμῳ.

2420 4821 2719 4902 Ejusdem
2764 4829 2926 4888 notae
2971 4827 3341 4908 opusculum
3390 4845 3534 4890 cum
3583 4847 3819 4908 praece-

2422 4910 2595 4975 denti
2622 4919 2938 4994 repertum
2966 4914 3029 4976 in
3058 4914 3281 4978 iisdem
3320 4917 3504 4998 regiis
3526 4936 3676 4982 mss.
3710 4921 3816 4984 Se-

2419 4998 2635 5081 quitur
2698 4999 2763 5062 in
2826 5003 3117 5065 omnibus
3186 5005 3316 5066 sere
3377 5005 3808 5072 Ptolemaeum.

2420 5085 2757 5150 Emendavi
2778 5107 2852 5151 ex
2871 5089 3108 5171 optimo
3127 5090 3345 5155 codice
3359 5093 3807 5175 AltempsianO.

2420 5173 2646 5255 Incipit
2675 5194 2714 5236 :-
2734 5181 2768 5248 ἦ
2810 5180 2901 5247 τῆς
2928 5176 3051 5250 ὅλης
3090 5182 3188 5257 γῆς
3230 5180 3536 5261 περίμετρος
3567 5185 3661 5264 [p.
3690 5187 3809 5247 494

2418 5260 2519 5322 ed.
2566 5263 2805 5341 nostr-J.
2834 5262 2996 5326 Finit
3038 5284 3054 5327 :
3093 5270 3129 5339 ἡ
3163 5264 3259 5346 μὲν
3290 5265 3353 5338 δὴ
3385 5271 3501 5329 καθ’
3540 5273 3684 5348 ἡμᾶς
3719 5271 3811 5330 Θᾶ-
