4584 6284
753 486 866 539 iso
1959 473 2142 535 RUFI
2184 470 2405 535 FES‘H
2438 468 2717 533 AVOENI

747 608 833 664 Illi
853 606 1097 664 ceruleas
1123 608 1390 680 attingunt
1415 610 1641 679 aequoris
1663 604 1857 671 undas;

743 706 800 750 at
824 713 928 769 qua
949 696 1199 767 navigero
1229 693 1382 749 tellus
1411 691 1635 747 discedit
1657 690 1725 746 ab
1751 702 1879 746 aestu
1895 730 1911 757 ,

601 797 714 851 315
743 781 1036 837 innumeras
1069 790 1276 852 gentes,
1305 778 1629 853 populorum
1652 778 1892 832 examina
1914 776 2054 831 mille

743 886 868 923 arva
888 878 1088 925 tenent.
1123 866 1221 921 Hic
1248 867 1353 922 fata
1379 865 1520 920 canit
1543 862 1850 919 venerabilis
1870 865 2156 929 Hammon,

744 956 913 1027 mugit
929 954 1162 1010 arenosis
1185 970 1372 1008 nemus
1389 952 1495 1007 illic
1509 952 1740 1024 denique
1764 951 1910 1009 lucis.

743 1043 898 1097 Astat
917 1042 1120 1114 Cyrene
1145 1049 1366 1113 propter
1389 1048 1536 1093 vetus
1552 1078 1569 1104 ,
1593 1038 1915 1110 erigiturque

745 1126 877 1182 urbs
903 1144 1124 1201 procera
1144 1143 1290 1180 arcoe
1307 1164 1322 1191 ,
1351 1134 1407 1179 et
1431 1124 1674 1197 Apolline
1703 1123 1848 1178 dives
1873 1123 2118 1190 alumn03

602 1220 717 1272 320
743 1213 1079 1270 Marmaridae
1103 1212 1257 1286 juxta
1273 1253 1291 1280 ,
1321 1212 1506 1285 procul
1529 1212 1588 1267 hi
1612 1222 1784 1267 tamen
1806 1211 1986 1267 ultima
2007 1212 2152 1283 regni

745 1302 970 1375 AEgypto
991 1301 1273 1366 inclinium
1298 1311 1445 1372 tergo
1467 1300 1686 1355 Gaetulia
1713 1300 1912 1371 glebam

589 1388 715 1467 (sis)
748 1389 1004 1461 porrigit,
1029 1398 1083 1443 et
1103 1387 1292 1461 patulis
1317 1388 1542 1459 Nigretae
1567 1386 1761 1440 finibus
1783 1396 1976 1441 errant.

747 1474 992 1529 Pretium
1011 1474 1139 1529 hinc
1158 1474 1409 1530 Garamas
1424 1472 1526 1527 late
1547 1471 1774 1528 confinia
1795 1472 1995 1537 tendit,

747 1572 871 1617 trux
899 1562 1180 1628 Garamas,
1215 1560 1438 1635 pedibus
1461 1563 1646 1635 pernix
1672 1571 1726 1616 et
1755 1558 2025 1615 arundinis
2051 1577 2151 1614 usu

601 1652 717 1705 825
745 1648 956 1705 nobilis.
993 1653 1066 1704 At
1092 1657 1346 1720 quantum
1382 1658 1638 1703 terrarum
1672 1649 1876 1703 interna
1901 1645 2181 1711 recedunt,

748 1746 808 1791 ut
827 1734 1011 1809 procul
1030 1752 1227 1789 oceano
1252 1734 1400 1789 tellus
1429 1735 1600 1790 vicina
1624 1734 1911 1801 madescat,

744 1822 1050 1894 AEthiopum
1067 1821 1291 1895 populos
1310 1820 1400 1875 alit
1425 1822 1584 1895 ampli
1615 1823 1820 1895 cespitis
1843 1841 1953 1879 ora.

742 1909 1022 1963 Terminus
1046 1907 1352 1980 AEthiopum
1366 1906 1590 1981 populos
1614 1908 1724 1962 adit
1745 1907 1924 1962 ultima
1945 1910 2131 1965 Cerne.

587 1998 715 2078 (ηο)
747 1998 872 2051 Post
892 1995 1127 2067 Blemyes
1144 1993 1306 2049 medii
1335 1992 1621 2049 succedunt
1643 1994 1768 2048 solis
1788 1994 2012 2048 habenas
2025 2034 2040 2061 ,

601 2098 715 2151 330
745 2100 966 2155 corpora
988 2082 1223 2155 proceri,
1244 2082 1380 2153 nigri
1405 2091 1526 2135 cute
1541 2120 1558 2146 ,
1581 2080 1775 2135 viscera
1797 2081 1946 2147 sicci,

741 2181 798 2226 et
823 2170 1184 2226 circumvincti
1208 2170 1382 2223 nervis
1407 2168 1726 2223 exstantibus
1752 2178 1911 2225 artus.

741 2259 813 2315 Hi
835 2257 988 2315 celeri
1013 2257 1194 2313 molles
1219 2268 1440 2313 currunt
1462 2256 1597 2331 pede
1617 2274 1822 2329 semper
1837 2275 2018 2311 arenas
2033 2298 2050 2325 ‚

743 2365 844 2401 nec
869 2356 1042 2401 tamen
1075 2346 1337 2419 impressa
1361 2343 1609 2416 linquunt
1629 2344 1840 2415 vestigia
1864 2343 2072 2417 plante.

741 2434 962 2488 Eminus
987 2430 1236 2486 evolvunt
1253 2432 1381 2486 hinc
1403 2448 1514 2486 sese
1537 2431 1749 2503 pinguia
1777 2430 1880 2484 Nili

597 2534 710 2587 335
740 2521 958 2576 flumina
974 2561 990 2586 ,
1021 2530 1074 2574 et
1094 2520 1283 2575 intenti
1309 2518 1602 2592 prolabitur
1626 2520 1851 2591 aequoris
1871 2518 2033 2574 unda.

737 2608 840 2663 Hic
860 2625 963 2680 qua
983 2607 1194 2661 sectetis
1220 2604 1406 2660 incidit
1424 2604 1645 2660 flexibus
1673 2624 1822 2676 agros
1841 2645 1856 2671 ,

737 2694 1036 2767 Ethiopum
1065 2692 1240 2763 lingua
1265 2692 1396 2749 Siris
1413 2692 1554 2753 ruite
1579 2702 1742 2763 utque
1765 2693 1968 2764 Syenen

734 2779 950 2835 multas
970 2779 1220 2835 accedens
1244 2777 1342 2833 diti
1362 2779 1474 2835 loca
1495 2780 1714 2833 flumine
1737 2779 1912 2834 adulat
1927 2820 1942 2843 ,

733 2868 948 2922 nomine
969 2886 1026 2922 se
1051 2867 1191 2922 claro
1217 2866 1396 2921 Nilum
1415 2866 1606 2930 trahit,
1637 2867 1799 2938 inque
1815 2865 2072 2938 jacentem

589 2964 704 3017 8⁴0
737 2955 1012 3028 AEgyptum
1036 2953 1182 3008 fusus
1208 2954 1374 3009 fluctu
1395 2954 1587 3028 premit
1607 2972 1731 3008 arva
1748 2954 1965 3020 marito,

583 3036 702 3112 (us)
731 3038 1084 3113 fecundatque
1101 3039 1291 3094 solum.
1321 3039 1511 3095 Procul
1535 3038 1678 3095 illinc
1695 3040 1900 3110 agmina
1921 3041 2062 3110 cogit

729 3130 788 3181 iu
813 3127 1024 3183 boream
1042 3167 1058 3194 ,
1079 3129 1372 3199 scissusque
1397 3128 1537 3197 vagis
1560 3125 1878 3181 anfractibus
1899 3144 2080 3199 aequor

730 3216 955 3286 proserit
969 3254 985 3281 ,
1013 3226 1068 3269 et
1087 3226 1252 3287 ponto
1277 3225 1476 3286 septem
1499 3213 1641 3267 serus
1663 3213 1884 3285 explicat
1900 3231 2012 3267 ora.

732 3302 854 3354 Non
880 3300 967 3354 olli
991 3316 1208 3372 compar
1227 3302 1505 3371 quisquam
1531 3298 1680 3367 fluit,
1709 3299 1900 3370 inclyta
1924 3297 2242 3370 quamquam

593 3388 702 3440 8⁴⁵
733 3385 971 3459 undique
995 3404 1052 3441 se
1072 3387 1196 3441 totis
1212 3396 1452 3441 eructent
1471 3385 1690 3441 flumina
1707 3387 1876 3443 terris.

733 3472 884 3526 Nilus
898 3482 952 3526 et
971 3472 1256 3526 immensos
1273 3470 1449 3525 ulnam
1467 3468 1720 3544 dispergit
1735 3472 1790 3525 in
1807 3489 1959 3542 agros
1972 3513 1988 3535 ,

735 3566 790 3611 et
811 3557 951 3612 fovet
966 3558 1176 3612 invecto
1197 3567 1306 3612 satu
1323 3556 1552 3629 gurgite3
1583 3556 1730 3610 Nilus
1751 3555 2005 3612 honorem

735 3643 906 3699 telluri
929 3654 1134 3718 reparat
1144 3664 1161 3711 3
1183 3643 1332 3701 Nilus
1349 3642 1482 3699 freta
1500 3644 1726 3698 maxima
1741 3642 1904 3715 pellit.

572 3737 705 3820 (ηρ)
737 3733 841 3787 Hic
865 3733 1042 3787 Asiam
1066 3732 1134 3787 ab
1158 3732 1324 3805 Libya
1339 3731 1667 3787 disterminat
1682 3772 1698 3796 ,
1725 3749 1820 3786 axe
1837 3730 2008 3785 favoni

594 3827 708 3880 850
736 3836 1008 3874 secernens
1032 3818 1250 3891 Libyam
1267 3859 1285 3885 ,
1313 3818 1580 3873 redeuntis
1603 3818 1727 3872 solis
1746 3816 1814 3873 ab
1837 3828 1959 3871 ortu

736 3903 1036 3978 disjungens
1059 3906 1196 3960 Asiae
1218 3906 1394 3961 medio
1420 3905 1646 3961 confinia
1674 3905 1857 3961 fluctu.

733 3996 844 4049 Nec
867 3993 1049 4067 procul
1066 3992 1156 4047 illa
1175 3994 1346 4047 virum
1370 4011 1495 4063 gens
1521 3993 1727 4057 incolit,
1749 3992 1945 4047 artibus
1959 3992 2085 4048 olim

734 4098 852 4153 quae
871 4080 1018 4153 prior
1035 4080 1289 4134 humanas
1315 4080 1449 4150 leges
1475 4090 1528 4133 et
1544 4076 1668 4151 jura
1693 4080 1922 4145 notavit,

733 4186 944 4224 vomere
967 4185 1085 4241 quoe
1111 4167 1250 4222 duro
1265 4208 1282 4235 ,
1311 4186 1430 4240 quae
1454 4167 1596 4238 longi
1625 4166 1860 4241 pondere
1883 4167 2042 4221 aratri

592 4263 704 4316 ³55
731 4256 1022 4311 sollicitavit
1041 4254 1262 4310 humum
1281 4294 1297 4323 ,
1319 4273 1437 4327 quae
1458 4254 1593 4309 setus
1613 4252 1768 4309 edere
1787 4254 1940 4309 sulcis

583 4332 704 4416 (aas)
735 4342 969 4398 tellurem
996 4342 1206 4409 docuit,
1228 4360 1346 4415 que
1372 4339 1576 4397 caedens
1599 4341 1836 4415 partibus
1859 4341 2074 4397 aethram

737 4427 975 4503 prodidit
997 4428 1211 4501 obliquo
1237 4427 1397 4483 solem
1423 4426 1704 4482 decurrere
1729 4427 1872 4485 oelo.

733 4515 886 4570 Istius
903 4532 1027 4586 ergo
1052 4514 1146 4569 tibi
1165 4513 1389 4568 formam
1407 4515 1633 4585 regionis
1654 4524 1709 4567 et
1733 4531 1839 4569 οη

579 4600 704 4685 (uo)
735 4602 1006 4677 expediam
1029 4620 1202 4659 versu.
1220 4601 1450 4657 Blandus
1471 4600 1814 4674 praetenditur
1832 4619 1938 4666 aer,

588 4704 706 4758 360
733 4687 984 4763 prodigus
1009 4689 1292 4744 herbarum
1317 4705 1491 4760 cespes
1500 4687 1668 4759 jacet,
1688 4704 1869 4759 aspera
1889 4703 2144 4758 nusquam

733 4774 965 4829 culmina
979 4784 1301 4845 consurgunt
1316 4813 1333 4840 ,
1359 4783 1544 4846 portus
1565 4784 1714 4828 cavat
1736 4789 1830 4826 ora
1853 4770 2181 4843 frequentem

734 4860 987 4934 quicquid
1010 4872 1148 4915 terra
1169 4860 1362 4915 dehinc
1384 4856 1649 4914 redeuntis
1673 4858 1865 4913 sufficit
1888 4858 2012 4912 anni

733 4958 972 5020 tempore
985 4987 1002 5013 ,
1031 4964 1140 5021 prae
1166 4947 1366 5001 cunctis
1394 4956 1600 5019 stupeas
1625 4946 1896 5017 specieque
1917 4942 2197 5016 modoque.

731 5034 896 5088 Trina
915 5034 1034 5088 loco
1054 5033 1198 5088 frons
1222 5044 1300 5087 est
1314 5074 1330 5098 ,
1357 5032 1448 5087 sed
1472 5032 1624 5087 latior
1643 5050 1738 5086 axe
1762 5032 1965 5097 Bootis,

587 5136 700 5190 335
731 5118 848 5173 luce
871 5118 971 5173 suh
992 5136 1086 5174 eoa
1111 5119 1462 5185 constrictior,
1492 5136 1655 5190 usque
1674 5119 1872 5191 Syenen

572 5205 700 5287 (us)
731 5206 986 5274 tenditur,
1011 5206 1153 5261 unde
1177 5208 1254 5279 pii
1279 5206 1562 5260 volvuntur
1581 5206 1796 5261 flumina
1816 5206 1940 5261 Nili.

729 5294 833 5349 liic
851 5290 977 5348 urbs
997 5303 1077 5348 est
1097 5292 1286 5347 Thebae
1299 5333 1316 5357 ,
1343 5292 1537 5346 Thebae
1558 5310 1674 5353 ‘guae
1695 5293 1952 5345 moenibus
1972 5292 2086 5343 altis

2389 604 2711 677 praecinxere
2734 602 2898 656 larem
2913 640 2930 669 ,
2958 602 3216 656 Memnon
3243 602 3335 657 ubi
3358 599 3648 661 Tithoneus

2390 700 2649 764 suspectat
2670 707 2843 745 roseas
2865 693 3088 744 Aurora
3111 689 3296 743 matris
3318 688 3567 745 habenas.
3978 693 4094 774 (η.)

2388 781 2515 834 Pars
2535 796 2653 852 qua
2669 796 2867 851 cyaneo
2890 775 3115 833 discedit
3137 775 3207 832 ab
3228 794 3437 850 aequore
3452 820 3469 846 ,
3490 788 3691 853 septem
3978 804 4089 856 8¹1⁰

2388 866 2580 941 oppida
2598 871 2886 932 sustentatg
2912 866 3115 921 notiam
3135 884 3258 939 pars
3286 866 3455 937 vergit
3474 866 3531 921 in
3551 885 3699 923 oram
3718 908 3736 937 ‚

2386 964 2440 1008 et
2459 952 2649 1008 modus
2676 962 2754 1008 est
2774 951 2862 1007 olli
2889 949 3194 1007 Serbonidis
3212 951 3315 1006 alta
3336 950 3575 1025 paludis;

2385 1039 2543 1094 altera
2565 1038 2801 1111 pulsatur
2822 1037 3113 1111 genitabilis
3136 1056 3231 1093 ore
3252 1036 3446 1096 favoni.

2385 1127 2485 1181 Hic
2504 1126 2691 1181 urbem
2709 1126 2883 1199 posuit
2903 1124 3097 1179 1²01!aeae
3114 1123 3329 1178 dextera
3353 1125 3541 1196 gentis.

2385 1215 2487 1269 Hic
2506 1214 2644 1268 inter
2662 1212 2819 1267 celsas
2837 1212 2939 1267 late
2956 1212 3222 1283 surgentia
3243 1210 3409 1265 nubes
3979 1218 4087 1270 875

2384 1299 2577 1372 templa
2593 1300 2817 1373 Sinopaei
2835 1301 2977 1353 Iovis
2994 1308 3165 1353 astant
3180 1299 3302 1351 nixa
3320 1296 3579 1352 columnis
3594 1338 3611 1365 ,
3984 1299 4101 1384 (η)

2384 1386 2546 1440 divite
2566 1403 2815 1441 saxorum
2836 1385 3220 1439 circumvestita
3242 1383 3449 1447 metallo
3464 1424 3481 1451 ,

2382 1492 2515 1529 auro
2540 1473 2673 1528 fulta
2693 1474 2833 1544 gravi
2848 1512 2864 1539 ,
2888 1474 3044 1527 niveo
3062 1471 3317 1526 radiantia
3342 1470 3519 1527 deute.

2381 1562 2491 1615 Nee
2514 1561 2691 1615 minus
2708 1559 2797 1615 hic
2814 1559 3035 1632 speculas
3058 1568 3231 1613 vertex
3260 1555 3595 1627 subducitur,
3619 1576 3685 1615 ex
3705 1577 3815 1633 quo

2382 1665 2597 1701 cernere
2620 1647 2689 1701 sit
2714 1646 2868 1717 longe
2884 1644 3161 1700 Pallenidis
3180 1646 3363 1700 intima
3384 1655 3557 1701 terrae.
3979 1660 4087 1713 280

2382 1738 2454 1791 At
2476 1752 2583 1807 qua
2605 1736 2838 1806 surgenti
2864 1744 3017 1789 terrae
3036 1752 3158 1807 pars
3180 1733 3389 1790 conscia
3413 1734 3615 1789 Phoebo
3636 1746 3714 1790 est
3727 1775 3746 1803 ,
3992 1747 4115 1827 (ω)

2378 1840 2562 1893 aggere
2588 1839 2869 1877 murorum
2897 1821 3101 1876 Pelusia
3126 1821 3319 1876 moenia
3346 1832 3588 1892 surgunt.

2380 1908 2522 1963 Gens
2549 1908 2639 1963 hic
2656 1906 2811 1963 docta
2837 1908 2930 1963 sali
2954 1905 3159 1962 tumido
3178 1906 3311 1961 treta
3326 1909 3531 1979 gurgite
3551 1918 3805 1975 currunt,

2377 1997 2537 2068 inque
2558 1996 2874 2069 procellosos
2893 1994 3125 2050 lembum
3144 2006 3447 2050 convertere
3470 1997 3661 2051 fluetus

2375 2083 2560 2139 ludum
2585 2085 2745 2140 habet
2759 2125 2776 2152 ,
2802 2095 2856 2139 et
2876 2102 3034 2139 rauca
3054 2084 3216 2138 vitam
3233 2082 3483 2157 producit
3505 2087 3563 2140 in
3584 2084 3747 2142 unda.
3976 2088 4087 2141 385

2374 2172 2515 2226 Talis
2532 2171 2704 2227 forma
2714 2170 2853 2243 jacet
2871 2171 3051 2244 Libya
3061 2211 3078 2238 ,
3098 2170 3293 2243 talique
3308 2188 3513 2225 recessu
4120 2186 4123 2189 ’

2376 2261 2443 2315 ab
2468 2262 2699 2335 zephyro
2720 2279 2877 2317 eoum
2904 2260 3055 2315 tellus
3080 2259 3341 2315 incumbit
3359 2261 3415 2315 iu
3433 2278 3606 2318 axem.

2376 2348 2530 2402 Istius
2556 2349 2753 2403 extenti
2774 2347 2883 2403 sola
2905 2347 3113 2420 cespitis
3136 2345 3374 2420 undique
3390 2346 3595 2403 sulcant

2376 2445 2551 2505 gentes
2573 2434 2893 2501 innumera,
2921 2452 3039 2507 que
3062 2451 3251 2506 sparsae
3276 2434 3429 2490 litore
3450 2434 3608 2507 longo
3973 2419 4101 2502 (πω)

2376 2523 2555 2577 oceani
2580 2522 2821 2578 australis
2844 2521 2977 2577 vada
3002 2522 3103 2576 late
3131 2521 3323 2577 cerula
3352 2531 3603 2595 tangunt,
3972 2529 4085 2581 890

2376 2618 2427 2661 et
2446 2624 2566 2680 quai
2588 2607 2915 2663 multimodis
2935 2606 3112 2662 media
3134 2607 3316 2663 tellure
3334 2610 3585 2679 agitantes

2375 2714 2498 2751 arva
2517 2696 2767 2763 domant,
2794 2705 2848 2752 et
2870 2714 2989 2769 quar.
3012 2694 3305 2751 Tritonidis
3324 2696 3425 2751 alta
3450 2696 3655 2769 paludis

2376 2792 2436 2837 ut
2455 2782 2777 2838 circumfuso
2794 2784 3113 2857 populorum
3140 2783 3379 2836 examine
3402 2784 3637 2853 cingunt.

2443 2870 2603 2924 Nunc
2621 2869 2719 2924 tihi
2742 2880 2797 2924 et
2820 2868 3043 2940 Europae
3060 2867 3213 2921 fabor
3228 2867 3379 2923 latus.
3408 2869 3560 2935 Haec,
3591 2868 3683 2923 ubi
3702 2880 3868 2923 terras
3969 2852 4093 2932 (²⁷⁰)

2376 2957 2537 3010 intrat
2565 2955 2789 3010 Atlantei
2812 2956 2889 3009 vis
2912 2955 3138 3027 aequoris
3152 2993 3169 3019 ,
3190 2954 3377 3027 accipit
3392 2964 3590 3011 ortum.
3968 2958 4079 3011 395

2377 3044 2531 3097 Unus
2556 3052 2835 3113 utramque
2856 3042 2975 3096 salis
2993 3041 3171 3095 fluxus
3196 3051 3361 3107 secat,
3384 3052 3437 3095 et
3456 3041 3641 3113 procul
3669 3060 3837 3097 unum

2378 3128 2597 3183 distinet
2616 3147 2677 3183 os
2698 3128 2909 3195 ambas3
2930 3127 3114 3182 eadem
3136 3128 3420 3183 insinuatio
3439 3130 3589 3200 ponti

2380 3216 2648 3285 Europam
2676 3226 2729 3268 et
2748 3214 2970 3285 Libyam
2995 3213 3186 3285 rapido
3207 3212 3533 3268 disterminat
3554 3224 3719 3268 aestu:

2377 3297 2469 3353 sed
2488 3300 2638 3371 prior
2658 3299 2744 3353 illa
2768 3310 2942 3353 tamen
2960 3299 3140 3371 tepido
3156 3297 3493 3371 perfunditur
3508 3310 3689 3355 austro
3704 3339 3719 3364 ‚

2378 3384 2489 3439 haec
2513 3382 2657 3439 subit
2680 3385 2889 3438 insanos
2910 3394 3117 3454 tergum
3138 3392 3349 3437 curvata
3374 3384 3665 3454 aquilones.
3962 3389 4080 3441 400

2379 3469 2563 3526 Ambae
2582 3472 2761 3527 Asiam
2778 3489 2991 3525 rursum
3008 3470 3165 3524 simili
3182 3469 3285 3523 suh
3300 3470 3463 3524 limite
3480 3481 3698 3542 tangunt
3714 3492 3730 3537 ς

2378 3576 2557 3631 aequus
2582 3558 2831 3630 utrinque
2854 3555 3045 3612 modus
3069 3556 3430 3631 protenditur3
3462 3568 3519 3613 at
3543 3558 3701 3613 simul
3732 3558 3911 3614 ambas
3964 3560 4083 3640 (πε)

2378 3646 2423 3699 si
2442 3643 2682 3699 conferre
2702 3644 2801 3699 sibi
2826 3646 3103 3717 quisquam
3122 3642 3271 3709 velit,
3292 3661 3400 3699 una
3421 3662 3707 3718 parumper

2376 3741 2439 3785 ut
2454 3731 2699 3786 caedatur
2716 3732 2910 3786 humus
2925 3771 2942 3798 ,
2967 3730 3233 3803 mediique
3250 3731 3495 3786 interflua
3512 3734 3661 3805 ponti

2377 3818 2647 3874 subtrahat
2676 3835 2690 3873 :
2720 3818 3007 3891 extemplo,
3030 3818 3173 3890 quali
3190 3835 3300 3872 nux
3321 3820 3475 3891 pinea
3502 3818 3672 3874 forma
3689 3831 3769 3875 est
3784 3860 3801 3887 ,
3964 3821 4079 3873 40⁵

2376 3905 2579 3976 singula
2598 3906 2821 3959 versanti
2847 3905 2963 3959 talis
2979 3903 3226 3959 succedat
3247 3904 3419 3975 imago

2375 3992 2601 4065 Europe
2626 4002 2681 4045 et
2703 3989 2899 4063 Libyae.
2929 3992 3015 4046 Sic
3036 4008 3160 4045 nam
3186 3990 3320 4045 latus
3346 3990 3571 4063 explicat
3592 3992 3771 4048 ambas
3788 4032 3805 4059 ,

2376 4096 2543 4134 unum
2568 4089 2623 4134 et
2646 4080 2857 4151 utrique
2881 4089 3064 4151 caput,
3090 4078 3274 4133 similis
3295 4097 3509 4152 quoque
3526 4080 3647 4136 finis
3673 4083 3899 4155 utrique.

2374 4166 2475 4221 Sed
2496 4178 2672 4221 tamen
2692 4167 2917 4239 hesperii
2940 4184 3045 4238 qua
3062 4178 3299 4239 spectant
3324 4168 3549 4240 aequoris
3569 4167 3763 4223 undam
3781 4208 3799 4236 ,

2374 4253 2539 4307 ambae
2558 4252 2825 4325 producto
2842 4264 3039 4307 coeunt
3062 4254 3164 4307 sibi
3186 4254 3377 4325 cespite
3394 4264 3545 4307 terrae
3562 4275 3577 4319 3
3965 4260 4083 4311 410

2374 4359 2478 4413 qua
2498 4342 2783 4395 matutinus
2800 4340 2878 4395 sol
2897 4330 3018 4396 istas
3035 4341 3243 4411 ignibus
3265 4340 3407 4395 afflat
3422 4382 3438 4409 ,

2374 4428 2524 4483 latior
2544 4428 2797 4482 ambabus
2815 4430 3013 4501 species
3034 4426 3369 4482 distenditur.
3397 4431 3577 4483 Unum

2373 4514 2475 4569 hoc
2499 4514 2619 4586 agili
2646 4514 2745 4569 sub
2770 4525 2947 4569 mente
2974 4526 3157 4568 tenens
3184 4514 3323 4568 velut
3343 4514 3496 4569 obvia
3520 4515 3732 4569 habebis
3966 4512 4086 4581 (ε’-Ὀ)

2372 4611 2555 4655 cetera
2575 4610 2855 4654 terrarum.
2883 4600 3061 4654 Tellus
3080 4602 3292 4671 Europa
3311 4600 3583 4654 Columnis

2372 4705 2633 4760 proxuma
2652 4688 3013 4759 magnanimos
3038 4688 3129 4741 alit
3146 4705 3298 4758 aequo
3322 4690 3513 4759 cespite
3537 4687 3717 4742 Iberos
3972 4698 3995 4745 ¹
4010 4696 4075 4745 15

2372 4775 2442 4827 Hi
2460 4791 2619 4845 super
2636 4775 2817 4827 oceani
2834 4773 3057 4827 borealis
3084 4771 3273 4843 frigida
3292 4783 3511 4844 tangunt

2372 4879 2583 4932 aequora
2602 4901 2619 4928 ,
2648 4872 2699 4915 et
2726 4879 2951 4915 excursu
2980 4860 3161 4914 diffusi
3180 4859 3331 4913 latius
3353 4859 3461 4930 agri

2371 4963 2495 4999 arva
2518 4956 2722 5009 tenent,
2749 4946 2897 4999 duris
2920 4946 3143 4999 nimium
3174 4945 3341 4998 vicina
3362 4946 3625 4999 Britannis
3640 4988 3657 5014 ,

2373 5031 2607 5102 flavaque
2632 5031 2893 5085 caesariem
2920 5031 3204 5085 Germania
3228 5032 3449 5102 porrigit
3482 5049 3629 5086 oram
3644 5071 3660 5096 ,
3957 5021 4076 5093 (28⁵)

2370 5116 2593 5173 dumosa
2616 5119 2889 5190 Hercyniae
2908 5136 3187 5189 peragrans
3208 5118 3435 5171 confinia
3450 5117 3609 5173 silvoe.
3957 5128 4077 5179 ⁴2&

2371 5205 2503 5259 Inde
2519 5207 2750 5279 Pyrenaei
2780 5216 3083 5277 turgescunt
3109 5204 3265 5259 dorsa
3287 5203 3501 5270 nivalis3

2372 5292 2747 5360 Gallorumque
2771 5303 2942 5347 truces
2967 5291 3145 5363 populi
3169 5310 3263 5364 per
3283 5291 3542 5364 inhospita
3564 5300 3715 5345 terrae
