4584 6284
707 472 821 527 184

697 598 946 672 producit
961 608 1172 653 noctem
1195 595 1354 652 ludus
1377 614 1544 664 sacer,
1571 614 1694 650 aera
1709 595 1917 667 pulsant

555 687 668 741 “155
697 687 934 753 vocibus,
961 697 1015 743 et
1031 685 1230 741 crebris
1251 685 1357 741 late
1379 685 1490 740 sola
1516 683 1748 739 calcibus
1773 692 1984 755 urgent.

543 757 671 839 (⁶⁷⁵)
694 775 816 831 Non
845 777 923 830 sic
942 775 1191 831 Absinthi
1211 792 1384 849 prope
1405 774 1626 829 flumina
1641 772 1862 829 Thracis
1888 772 2114 827 alumnae

694 862 992 918 Bistonides
1008 904 1024 927 ,
1049 880 1179 927 non,
1211 880 1319 934 qua
1346 860 1502 915 celeri
1533 860 1643 914 ruit
1663 860 1872 931 agmine
1897 860 2106 929 Ganges
2121 897 2138 925 ,

694 948 954 1004 Indorum
980 948 1167 1022 populi
1191 958 1325 1003 stata
1345 956 1540 1001 curant
1560 944 1690 1002 festa
1720 948 1897 1018 Lyaeo.

541 1036 668 1119 (500)
698 1038 883 1107 Longa
902 1034 1099 1091 dehinc
1121 1034 1279 1089 celeri
1307 1034 1352 1088 si
1371 1034 1491 1106 quis
1515 1044 1626 1087 rate
1651 1050 1917 1088 marmora
1943 1040 2144 1096 currat,

696 1124 860 1197 inque
893 1122 1184 1196 Lycaonias
1201 1120 1450 1194 cymbam
1472 1119 1660 1192 procul
1685 1130 1866 1191 urgeat
1885 1131 2056 1173 arctos
2072 1158 2089 1183 ,

556 1207 670 1263 760
698 1213 930 1267 inveniet
950 1223 1097 1267 vasto
1114 1220 1418 1281 surgentem
1443 1210 1636 1263 vertice
1651 1208 1878 1263 Thulen.

696 1300 802 1355 Hie
828 1316 950 1354 cum
969 1298 1200 1371 plaustra
1221 1296 1330 1371 poli
1351 1296 1516 1367 tangit
1545 1296 1826 1350 Phoebeius
1853 1296 2021 1366 ignis,

697 1396 857 1442 nocte
882 1384 986 1439 sub
1007 1383 1198 1439 illustri
1225 1394 1341 1437 rota
1363 1382 1488 1437 solis
1507 1381 1692 1438 fomite
1715 1382 1899 1453 flagrat

698 1474 958 1529 continuo
975 1512 992 1541 ,
1018 1472 1327 1544 clarumque
1352 1470 1496 1525 diem
1519 1489 1626 1525 nox
1646 1470 1832 1524 oemula
1853 1468 2018 1527 ducit.

697 1562 836 1615 Nam
859 1558 937 1613 sol
955 1557 1169 1631 oblique
1185 1567 1467 1631 torquetur
1488 1555 1704 1611 cardine
1725 1553 1944 1621 mundi,

554 1662 670 1717 ¹165
699 1648 1034 1720 directosque
1059 1665 1218 1720 super
1240 1645 1418 1701 radios
1436 1646 1661 1700 vicini'or
1685 1646 1771 1699 axi

544 1733 668 1813 (sss)
699 1735 927 1792 occiduo
949 1735 1196 1801 inclinat,
1217 1733 1392 1790 donee
1407 1730 1536 1805 juga
1562 1750 1745 1787 rursus
1782 1730 1970 1786 anhela

699 1822 902 1879 devexo
922 1822 1146 1894 accipiat
1177 1819 1307 1875 mlo
1335 1830 1510 1874 notus.
1540 1817 1674 1873 Inde
1694 1818 1892 1872 fluenta

698 1908 992 1965 tenduntur
1017 1906 1244 1981 Scythici
1263 1906 1418 1977 longe
1446 1906 1605 1959 maris
1634 1906 1688 1959 in
1718 1904 1842 1959 facis
1863 1913 2040 1958 ortum

697 2014 828 2051 ωε.
855 1996 996 2050 Tum
1014 1994 1222 2067 cyaneis
1239 1994 1408 2066 erepit
1423 1994 1492 2047 ab
1519 1992 1680 2047 undis

557 2095 670 2147 770
698 2083 870 2139 insula
885 2123 901 2151 ,
923 2100 1042 2155 quoe
1061 2082 1222 2155 prisci
1243 2082 1481 2153 signatur
1505 2081 1737 2135 nominis
1761 2096 1861 2134 usu

541 2169 667 2249 (sao)
705 2176 904 2239 Aurea,
930 2170 1076 2245 quod
1095 2170 1240 2225 fulvo
1267 2169 1346 2223 sol
1363 2169 1453 2224 hic
1478 2169 1642 2240 magis
1659 2167 1792 2223 orbe
1815 2166 2073 2221 rubescat.

698 2258 1100 2331 Contemplator
1124 2258 1248 2311 item
1265 2297 1281 2323 ,
1301 2274 1402 2311 ceu
1423 2274 1478 2310 se
1505 2273 1650 2309 mare
1671 2254 1844 2309 flectat
1862 2255 1916 2307 in
1935 2263 2192 2316 austrum,

701 2346 862 2417 inque
885 2355 1074 2400 notum
1101 2360 1326 2398 oceanus
1349 2342 1482 2397 freta
1507 2342 1656 2415 ponti
1688 2340 1876 2395 coerula
1901 2350 2118 2407 curvet,

697 2432 904 2505 altaque
931 2430 1172 2487 Coliados
1195 2448 1320 2486 mox
1352 2430 1442 2485 hic
1464 2430 1559 2484 tibi
1581 2428 1740 2484 dorsa
1766 2438 2030 2501 patescent

555 2529 668 2583 776
694 2518 875 2592 rupis,
904 2529 958 2573 et
981 2518 1172 2572 intenti
1195 2516 1454 2589 spectabis
1481 2516 1691 2588 cespitis
1719 2532 1885 2569 arces.

693 2604 798 2661 Pro
815 2606 1010 2680 quibus
1032 2606 1232 2677 ingenti
1259 2604 1551 2659 consistens
1581 2602 1720 2657 mole
1745 2620 1840 2675 per
1863 2600 2032 2655 undas

691 2692 860 2749 insula
875 2692 1180 2767 Taprobane
1201 2691 1370 2763 gignit
1397 2701 1561 2746 tetros
1587 2688 1892 2763 elephantos
1908 2726 1924 2754 ,

536 2779 662 2861 (sos)
689 2790 744 2835 et
765 2798 928 2855 super
949 2778 1158 2834 aesfiseri
1179 2788 1412 2833 torretur
1431 2776 1604 2831 sidere
1625 2776 1835 2831 Cancri.

688 2868 817 2923 Haec
834 2868 1092 2922 immensa
1118 2875 1297 2938 patet,
1329 2865 1594 2938 vastisque
1625 2861 1930 2918 extenditur
1953 2863 2060 2915 oris

549 2958 663 3013 780
689 2953 928 3028 undique
943 2972 1038 3027 per
1053 2953 1298 3027 pelagus3
1328 2952 1466 3007 latus
1483 2964 1661 3007 autem
1685 2951 1930 3024 protinus
1961 2950 2052 3003 olli

689 3043 900 3115 agmina
925 3044 1085 3097 cetosi
1103 3042 1308 3114 pecoris
1321 3080 1339 3107 ,
1367 3059 1496 3113 vaga
1525 3051 1760 3095 monstra
1779 3037 2030 3113 profundi
2053 3078 2070 3105 ,

689 3128 954 3185 alludunt.
979 3130 1206 3182 Fervent
1224 3127 1490 3199 Erythraei
1513 3144 1782 3181 marmora
1806 3126 1958 3199 ponti

694 3224 806 3268 tota
824 3212 949 3267 seris
980 3229 996 3267 ε
1019 3212 1134 3267 haec
1149 3252 1165 3280 ,
1191 3222 1254 3266 ut
1274 3210 1433 3283 rigidi
1449 3211 1578 3283 juga
1599 3212 1830 3265 maxima
1849 3210 2044 3264 montis
2060 3248 2076 3273 ,

693 3299 927 3354 nubibus
946 3298 1191 3355 attollunt
1217 3298 1354 3353 latus
1371 3314 1533 3352 omne
1549 3308 1604 3351 et
1629 3308 1772 3369 terga
1791 3305 2126 3360 tumescunt3

555 3390 666 3441 785
697 3387 862 3440 instar
878 3386 934 3439 in
959 3384 1042 3439 his
1063 3386 1210 3456 rupis
1235 3384 1402 3456 spiuae
1423 3394 1577 3438 tenor
1593 3382 1794 3437 arduus
1810 3392 1943 3436 astat
1956 3422 1972 3448 ,

699 3471 928 3526 molibus
945 3472 1003 3524 in
1027 3470 1179 3525 celsis
1203 3486 1430 3543 scrupus
1464 3486 1678 3542 quoque
1701 3468 1888 3523 creber
1917 3466 2174 3522 inhorret.

547 3550 667 3629 (oto)
698 3561 808 3627 Ah,
829 3559 1032 3632 nequis
1057 3557 1228 3631 rapidi
1260 3558 1540 3613 subvectus
1562 3558 1782 3630 gurgitis
1801 3555 1946 3611 unda

698 3649 890 3723 hare-in
918 3660 1061 3720 terga
1083 3647 1176 3702 sali
1199 3647 1436 3701 lembum
1463 3656 1812 3720 contorqueat
1837 3662 2106 3717 uuquam3

699 3738 768 3792 ah
785 3776 802 3803 ,
831 3756 900 3791 ne
921 3738 1292 3808 monstrigenis
1315 3736 1522 3791 hostem
1549 3736 1672 3791 licet
1696 3734 1890 3792 inserat
1916 3745 2070 3789 ustus

556 3833 670 3885 790
700 3825 952 3881 fluctibus
979 3842 995 3882 ε
1022 3824 1298 3880 immodici
1313 3824 1418 3880 late
1438 3836 1582 3898 patet
1607 3826 1717 3879 oris
1741 3824 1920 3879 hiatus
1936 3865 1952 3888 ,

699 3914 896 3987 quippe
915 3912 1037 3967 seris
1054 3923 1208 3967 antro
1233 3910 1548 3986 panduntur
1575 3922 1788 3983 guttura
1810 3920 1984 3975 vasto;

698 4001 941 4073 protinus
965 3999 1079 4054 hoec
1105 4000 1244 4072 ipsas
1265 3998 1552 4053 absorbent
1576 3998 1728 4054 fauce
1750 4000 1954 4053 carinas
1970 4039 1988 4066 ,

697 4088 1078 4161 involvuntque
1105 4087 1264 4141 simul
1287 4105 1416 4142 mox
1434 4098 1672 4143 monstra
1690 4089 1899 4143 veracia
1926 4098 2112 4143 nautas

549 4166 666 4240 (⁶⁰3)
696 4178 886 4251 Ogyris
919 4174 1046 4231 inde
1075 4175 1190 4231 salo
1211 4178 1416 4251 promit
1445 4188 1604 4250 caput
1623 4218 1640 4245 ,
1662 4184 1848 4251 aspera
1879 4195 2058 4251 rupes,

556 4260 667 4318 795
696 4264 969 4319 Carmanis
994 4281 1101 4336 qua
1119 4282 1176 4317 se
1197 4264 1365 4336 pelagi
1395 4264 1582 4337 procul
1603 4264 1807 4319 invehit
1825 4262 2022 4318 undas.

697 4352 850 4423 Regis
872 4352 1129 4425 Erythraei
1159 4350 1311 4407 tellus
1338 4351 1452 4406 haec
1482 4361 1606 4405 nota
1637 4350 1880 4423 sepulcro

699 4437 952 4505 tenditur,
974 4450 1028 4493 et
1053 4438 1211 4493 nudis
1228 4438 1358 4511 juga
1377 4448 1586 4494 tantum
1610 4438 1853 4492 cautibus
1876 4438 2101 4494 horrent

699 4528 938 4583 Persicus
967 4528 1094 4582 hinc
1119 4539 1274 4583 aestus
1299 4527 1472 4583 fauces
1491 4526 1622 4581 hiat.
1647 4526 1823 4581 Insula
1851 4544 2095 4592 rursum,

699 4616 745 4669 si
768 4626 945 4671 tamen
973 4615 1028 4669 in
1053 4614 1251 4669 borean
1271 4614 1548 4669 flectantur
1569 4613 1784 4668 carbasa
1801 4613 2005 4687 cymbae
2022 4652 2038 4679 ,

539 4705 673 4758 -800
700 4705 882 4758 Icarus
896 4703 1041 4757 aerio
1059 4704 1332 4775 consurgit
1353 4701 1546 4757 vertice
1560 4704 1616 4757 in
1635 4720 1788 4756 auras
1804 4741 1820 4768 ,

547 4777 669 4855 (⁶¹⁰)
700 4792 883 4844 Icarus
906 4789 1172 4860 ignicomo
1201 4789 1298 4843 soli
1327 4806 1476 4843 sacra
1506 4804 1520 4842 ε
1551 4806 1777 4867 namque
1797 4789 1964 4843 Sahaei

700 4876 836 4930 turis
858 4876 934 4930 ibi
960 4894 1168 4949 semper
1195 4894 1323 4947 vaga
1351 4874 1560 4929 sumum
1589 4874 1770 4929 nubila
1787 4876 2026 4930 volvunt.

773 4964 965 5016 Insulas
984 4962 1040 5015 in
1067 4964 1253 5017 oceani
1277 4962 1618 5036 procursibus
1639 4961 1720 5015 hae
1744 4962 1838 5016 tibi
1867 4972 2074 5017 tantum

699 5050 939 5104 carmine
962 5060 1089 5104 sunt
1107 5048 1300 5121 dignm.
1327 5049 1520 5105 Multas
1542 5050 1686 5106 vehit
1713 5049 1950 5123 undique
1967 5064 2162 5124 pontus

552 5138 672 5196 806
698 5146 982 5209 praeterea,
1017 5154 1202 5209 parvas
1225 5138 1399 5209 specie
1425 5136 1667 5210 famaque
1697 5148 1954 5196 carentes.

548 5218 670 5303 (015)
697 5226 826 5280 Pars
849 5222 1029 5278 Asiam
1045 5261 1064 5287 ,
1095 5223 1318 5296 Libyam
1343 5242 1466 5296 pars
1483 5223 1684 5297 adjacet
1704 5223 1862 5279 altera
1889 5236 2087 5298 ponto,

1925 458 2117 523 RUFI
2157 457 2379 523 Fm'rl
2413 457 2683 521 Avnmt

2358 601 2452 647 aut
2479 592 2687 645 interna
2720 608 2833 646 cavi
2859 588 3199 645 commendat
3226 607 3356 644 vena
3378 589 3589 649 metalli.

2359 681 2560 735 Harum
2578 679 2690 735 aliae
2712 678 2859 733 duris
2880 688 3117 734 reserant
3134 679 3221 733 vix
3237 677 3391 733 litora
3408 679 3607 745 nautis,

2358 778 2413 823 et
2437 766 2621 823 scaber
2643 768 2697 822 in
2716 766 2893 821 multis
2910 784 3134 839 scrupus
3160 766 3325 837 riget3
3344 764 3583 837 undique
3605 766 3821 840 iniquus
3942 754 4059 814 ⁸¹0

2358 854 2646 925 subrigitur
2662 864 2845 909 vertex
2860 892 2877 919 ,
2897 862 2952 907 et
2984 852 3248 923 inhospita
3270 852 3479 925 cespitis
3494 869 3589 906 ora
3614 862 3713 911 cst.

2356 942 2561 997 Harum
2588 942 2707 1014 quis
2722 941 2887 997 valeat
2912 958 3195 996 numerosa
3212 949 3274 994 ut
3296 940 3514 995 nomina
3530 939 3668 995 sari?

2358 1028 2412 1082 Si
2444 1026 2567 1083 velit
2592 1028 2684 1083 has
2702 1028 2838 1083 ullus
2852 1067 2870 1094 ,
2900 1026 3023 1083 velit
3037 1025 3179 1083 idem
3200 1026 3335 1081 scire
3360 1035 3493 1099 quot
3516 1025 3623 1081 alto

2357 1127 2645 1171 curventur
2666 1117 2853 1171 fluctus
2877 1115 3089 1190 pelago,
3110 1124 3246 1188 quot
3264 1113 3437 1169 sidera
3458 1113 3569 1169 caeli

2357 1204 2564 1260 elucent
2584 1206 2819 1263 flammas
2833 1246 2851 1272 ,
2878 1216 3011 1279 quot
3030 1204 3226 1261 robora
3254 1202 3491 1276 proferat
3517 1201 3611 1258 Ida
3624 1243 3641 1269 ,

2357 1306 2587 1366 quantus
2612 1312 2889 1350 arenarum
2910 1312 3161 1349 numerus
3186 1303 3424 1347 verratur
3445 1291 3514 1346 ab
3534 1293 3701 1347 Eme.

2428 1382 2677 1436 Carmine
2701 1400 2848 1437 nunc
2878 1382 3055 1437 Asiam
3078 1381 3269 1435 formet
3290 1381 3461 1436 stilus.
3489 1382 3676 1435 Incute
3699 1380 3912 1435 doctam
3945 1353 4063 1439 (Μ)

2358 1467 2557 1522 Phoebe
2581 1468 2805 1542 chelym
2830 1470 2955 1523 totis
2978 1467 3197 1522 Helicon
3222 1467 3417 1539 aspiret
3440 1466 3508 1521 ab
3526 1468 3713 1522 antris.

2357 1554 2588 1611 Maxima
2604 1574 2725 1629 pars
2742 1556 2885 1611 orbis
2912 1554 3229 1622 narrabitur,
3258 1555 3449 1628 inclyta
3466 1555 3617 1609 tellus

2356 1653 2637 1713 prometur
2659 1644 2843 1699 Musis.
2868 1644 3155 1697 Terrarum
3176 1659 3382 1696 summa
3404 1639 3632 1696 duarum

2360 1730 2518 1784 unius
2540 1742 2621 1785 est
2638 1730 2786 1786 lImes
2803 1771 2820 1800 ,
2849 1750 2971 1803 quae
2993 1730 3186 1803 cespite
3206 1730 3440 1803 protegit
3460 1730 3660 1788 ambas.

2356 1818 2573 1871 vastius
2599 1827 2681 1872 ωε
2700 1818 2837 1873 Asiae
2863 1817 2961 1872 diti
2983 1827 3141 1889 caput
3156 1856 3173 1882 ,
3200 1816 3430 1889 indeque
3456 1818 3648 1870 sensim

2358 1903 2413 1957 in
2441 1905 2730 1959 matutinos
2757 1921 2907 1959 oram
2934 1902 3257 1959 conducitur
3282 1920 3429 1958 axes.

2358 1991 2461 2044 Hic
2476 2001 2647 2045 astare
2660 1990 2847 2064 procul
2866 1990 3058 2045 Bacchi
3078 1988 3182 2044 sert
3198 1989 3339 2045 sama
3366 1989 3639 2045 columnas
3657 2029 3674 2058 ,

2356 2077 2572 2133 ultimus
2589 2080 2769 2133 oceani
2787 2096 2891 2151 qua
2908 2089 3075 2134 terras
3091 2077 3236 2133 alluit
3257 2088 3413 2133 aestus
3426 2116 3447 2145 ,

2355 2165 2538 2221 Indica
2564 2184 2672 2239 qua
2692 2185 2849 2241 rupes
2873 2176 3041 2222 tumet
3060 2166 3257 2221 extima
3277 2206 3294 2233 ,
3323 2184 3433 2239 qua
3453 2184 3584 2239 vaga
3618 2168 3829 2239 Ganges

2354 2257 2549 2330 coepite
2574 2255 2731 2311 dorsa
2762 2257 2973 2311 trahens
2996 2258 3053 2310 in
3090 2257 3339 2329 Nysaeum
3359 2256 3670 2311 Platamona

2352 2344 2663 2415 porrigitur.
2690 2344 2885 2399 Similis
2910 2361 3245 2417 nequaquam
3271 2355 3350 2399 est
3377 2342 3549 2399 forma
3572 2343 3783 2399 duabus
3804 2384 3821 2411 ,

2352 2449 2451 2485 nee
2476 2430 2669 2485 modus
2690 2440 2769 2485 est
2796 2448 3015 2504 compar
3039 2447 3054 2485 ε
3076 2441 3217 2486 secat
3238 2448 3376 2485 unus
3398 2429 3628 2505 denique
3648 2442 3848 2504 pontus

2352 2521 2621 2593 Europam
2648 2530 2703 2574 et
2727 2519 2977 2593 Libyam3
3008 2519 3210 2574 multus
3236 2521 3593 2574 circumsonat
3622 2521 3778 2574 istam

2352 2624 2579 2662 oceanus
2595 2646 2611 2674 ,
2639 2608 2887 2680 trinoque
2905 2608 3028 2662 sinu
3054 2625 3217 2679 vagus
3236 2608 3415 2663 influit
3438 2619 3596 2663 astus

2352 2710 2514 2749 unam
2540 2696 2678 2749 Asiae
2698 2694 2912 2750 molem.
2938 2694 3093 2748 Sinus
3120 2694 3277 2749 istam
3311 2696 3553 2749 Persicus
3572 2696 3735 2749 intrat
3754 2735 3771 2760 ,

2352 2781 2616 2836 maximus
2636 2781 2774 2836 hanc
2794 2781 3033 2837 Arabum
3060 2780 3260 2836 scindit
3275 2780 3451 2848 sinus',
3481 2792 3537 2836 et
3562 2782 3709 2836 sinus
3735 2799 3920 2853 aequor

3947 1193 4061 1247 815

3948 1634 4064 1689 830

3949 2071 4064 2125 825

3951 2502 4065 2559 sao

3953 2573 4068 2654 (⁸³⁰)

2354 2872 2538 2927 inserit
2563 2872 2837 2945 Hyrcanas
2866 2890 2881 2927 t
2909 2870 3019 2925 duo
3038 2871 3175 2943 nigri
3198 2871 3437 2945 partibus
3461 2872 3627 2925 austri

2352 2969 2660 3024 curvantur,
2687 2956 2912 3030 rigidam
2934 2968 3193 3031 suspectat
3216 2958 3403 3013 tertius
3428 2967 3634 3013 arcton.
3954 2938 4063 2993 ⁸⁸⁵

2356 3049 2458 3102 Hic
2480 3057 2535 3102 et
2565 3048 2623 3101 in
2639 3047 2835 3102 Euxini
2856 3049 3097 3121 prorepit
3128 3048 3406 3102 marmoris
3430 3044 3631 3100 undam
3654 3085 3668 3111 ,
3958 3104 3973 3133 ί

2357 3145 2411 3188 et
2435 3134 2727 3207 zephyrum
2752 3144 2900 3206 tergo
2922 3146 3120 3207 spectat
3139 3134 3349 3208 procul.
3386 3132 3605 3206 Adjacet
3626 3133 3815 3187 ambos
3955 3104 4069 3180 ἴω)

2358 3222 2511 3276 tellus
2536 3222 2704 3277 multa
2730 3221 2953 3288 dehinc,
2984 3232 3041 3276 et
3056 3222 3230 3293 longis
3254 3221 3493 3277 tenditur
3513 3222 3673 3276 arvis.

2360 3311 2456 3363 Ast
2483 3308 2664 3363 Asiam
2688 3307 2950 3363 incumbit
2974 3318 3119 3362 vasto
3144 3326 3299 3363 mons
3326 3326 3513 3379 aggere
3529 3309 3744 3362 Taurus
3764 3347 3781 3371 ,
3952 3382 4066 3433 8⁴⁰

2358 3396 2701 3467 inter-statque
2716 3394 2849 3465 jugo
2876 3393 3129 3459 mediam,
3164 3394 3467 3467 Pamphylia
3488 3411 3675 3466 campo

2358 3500 2463 3555 qua
2482 3481 2624 3554 jacet
2642 3482 2895 3555 incipiens
2912 3522 2928 3547 ,
2958 3500 3020 3536 ac
3040 3481 3250 3536 verticis
3270 3480 3435 3536 ardua
3462 3480 3612 3535 ducit

2359 3569 2622 3626 Indorum
2650 3572 2707 3626 in
2734 3570 2946 3644 pelagus
2976 3587 2991 3602 ·
3018 3588 3161 3625 nunc
3188 3581 3363 3625 autem
3392 3570 3616 3641 subrigit
3632 3569 3775 3625 idem

2361 3657 2601 3731 obliquas
2620 3676 2764 3713 arces
2776 3699 2793 3725 ,
2818 3668 2871 3713 et
2888 3658 3071 3712 flexilis
3091 3676 3209 3712 aera
3233 3657 3430 3731 pulsat,

2362 3762 2505 3799 nunc
2530 3744 2732 3800 directa
2751 3744 2863 3800 solo
2892 3755 3065 3799 tentus
3090 3745 3300 3815 vestigia
3326 3744 3457 3815 figit.

2360 3831 2503 3886 Mille
2533 3829 2729 3886 dehinc
2754 3849 2933 3886 amnes
2956 3848 3093 3885 unus
3126 3832 3287 3885 vomit
3304 3872 3319 3895 ‚
3341 3832 3530 3885 exserit
3554 3848 3693 3885 unus
3954 3802 4066 3858 3⁴⁵

2362 3921 2581 3975 flumina
2599 3938 2694 3993 per
2723 3930 2888 3974 terras
2906 3960 2922 3986 ,
2952 3919 3031 3973 vel
3060 3936 3168 3991 qua
3194 3920 3329 3990 riget
3352 3936 3445 3973 ora
3470 3920 3651 3973 Bootis
3668 3958 3685 3984 ,
3956 3884 4073 3966 (⁶⁴⁸)

2361 4008 2444 4063 vel
2464 4027 2569 4082 qua
2594 4009 2720 4067 lene,
2736 4019 2893 4063 notus
2921 4010 3111 4081 spirat,
3133 4025 3237 4080 qua
3265 4010 3546 4081 perstrepit
3570 4006 3774 4075 Eurus,

2361 4108 2416 4151 et
2443 4114 2549 4169 qua
2574 4094 2776 4167 dejecto
2801 4094 3061 4167 zephyrus
3086 4094 3378 4149 sustollitur
3403 4113 3521 4150 axe.

2360 4186 2471 4239 Nec
2496 4196 2671 4239 tamen
2687 4183 2776 4238 hic
2798 4201 2907 4238 uno
2932 4184 3167 4255 signatur
3187 4182 3401 4237 nomine
3425 4182 3623 4255 ubique
3638 4221 3655 4248 ,

2361 4270 2453 4325 sed
2475 4270 2607 4325 dum
2625 4270 2788 4325 flectit
2812 4270 2929 4335 iter,
2954 4287 3125 4325 novus
3153 4271 3373 4336 emicat;
3398 4279 3564 4341 utque
3586 4269 3815 4323 tumenti
3954 4246 4068 4301 ⁸⁵⁰

2361 4375 2488 4429 gens
2511 4358 2683 4412 vicina
2708 4356 2914 4426 subest,
2950 4355 3222 4429 peregrina
3248 4355 3498 4411 vocabula
3514 4366 3706 4411 mutat.
3957 4318 4076 4398 (⁶⁵⁰)

2435 4447 2629 4518 Accipe
2650 4436 2740 4517 qui
2768 4443 2951 4517 populi
2980 4442 3308 4497 circumdent
3334 4441 3563 4515 denique
3586 4443 3826 4497 Taurum

2359 4534 2563 4587 Maeotae
2587 4531 2746 4604 primi
2768 4530 2951 4586 salsam
2978 4530 3190 4585 cinxere
3205 4527 3470 4603 paludem.
3564 4576 3573 4587 .

2360 4620 2687 4675 observatur
2706 4620 2828 4673 item
2856 4632 2978 4673 trux
3001 4619 3234 4673 Sarmata
3249 4658 3266 4683 ,
3290 4616 3473 4671 bellica
3493 4616 3764 4689 quondam
3956 4592 4071 4671 (⁶³⁵)

2361 4710 2531 4779 gentis
2553 4706 2936 4763 Amazonidum
2960 4706 3166 4761 suboles
3188 4722 3204 4761 ε
3238 4722 3358 4759 nam
3386 4722 3509 4759 cum
3536 4705 3685 4776 prius
3712 4702 3817 4757 illas
3952 4696 4063 4750 855

2361 4796 2587 4865 egissent
2612 4796 2741 4848 vasti
2760 4812 2927 4867 prope
2945 4793 3163 4847 flumina
3184 4789 3598 4845 Thermodontis

2358 4882 2608 4937 Threicio
2625 4879 2693 4936 de
2714 4884 2881 4937 Marte
2906 4891 3029 4935 satae
3046 4921 3060 4947 ,
3081 4877 3306 4952 junxere
3332 4878 3581 4951 prosectae

2360 4968 2690 5023 concubitus.
2720 4971 2923 5039 Longas
2941 4978 3150 5021 exercet
3178 4968 3415 5021 Sarmata
3441 4964 3593 5019 silvas
3612 5002 3629 5029 ,

2360 5076 2423 5111 ex
2445 5056 2639 5127 quibus
2665 5055 2865 5129 elapsus
2881 5055 3071 5110 Tanais
3099 5053 3282 5127 procul
3307 5071 3429 5107 arva
3450 5061 3688 5126 pererrat
3949 5063 4070 5133 5000)

2359 5143 2614 5210 barbara,
2646 5154 2699 5198 et
2723 5145 2780 5198 in
2802 5144 2989 5200 salsam
3013 5140 3282 5216 protendit
3310 5152 3452 5212 terga
3477 5138 3747 5212 paludem.
3948 5149 4062 5205 βω

2360 5232 2463 5285 Hic
2485 5230 2663 5285 Asiam
2687 5231 2896 5303 Europa
2923 5229 3279 5295 disterminat;
3300 5226 3497 5283 arduus
3524 5228 3683 5282 istum

696 5327 820 5385 pars
851 5308 990 5363 videt
1017 5312 1318 5383 Europamz
1345 5329 1453 5365 non
1479 5311 1572 5366 has
1601 5321 1776 5366 tamen
1810 5323 1901 5366 aut
1923 5312 2114 5368 modus
2140 5332 2266 5383 orae,
2362 5320 2623 5374 Caucasus
2646 5328 2875 5386 eructat3
2904 5319 3171 5395 Scythicos
3188 5318 3277 5373 hic.
3293 5318 3439 5374 susus
3464 5322 3519 5374 in
3550 5332 3704 5387 agro·

3952 2142 4075 2223 (ω)
4160 2187 4163 2189 v
