4584 6284
1987 503 2212 566 ORBIS
2252 503 2733 571 DESCRIPTIO.

904 629 1232 713 στεψάμεναι
1258 640 1462 693 κισσοῖο
1491 632 1886 717 μιλαμφύλλοιο
1913 635 2220 717 κορῦμὸοις,

907 718 1174 799 ίννῦχιαι·
1199 726 1444 798 παταγῆς
1467 720 1524 781 δὲ
1550 722 1814 805 λιγύθροος
1839 724 2049 808 ὄρνυται
2069 726 2200 805 ἠχή.

800 825 880 866 575
910 808 1030 887 Οὗχ
1053 805 1194 867 οὕτω
1215 807 1453 890 Θρήικος
1476 810 1558 869 ἔπ’
1585 810 1738 891 ᾐόσιν
1761 812 2018 895 Ἀψίνθοιο

908 896 1210 965 Βιστονίδες
1231 897 1508 958 καλέουσιν
1533 899 1812 981 ἔρίὸρομον
1843 900 2198 983 Εἶραφιώτην,

900 985 1007 1043 οὐδ’
1032 984 1172 1044 οὕτω
1195 983 1288 1045 σὺν
1319 988 1476 1048 παισὶ
1504 988 1816 1066 μελανδίνην
1848 991 1948 1050 ἀνὰ
1973 992 2187 1069 Γάγγην

903 1072 1058 1134 Ἰνδοὶ
1089 1076 1268 1149 κῶμον
1299 1072 1512 1154 ἄγουσιν
1545 1075 1852 1158 ἕριὸρεμίτῃ
1874 1077 2111 1161 Διονύσῳ
2129 1122 2148 1151 ,

903 1163 972 1225 ὣς
997 1160 1168 1219 κεῖνον
1193 1162 1331 1223 κατὰ
1352 1166 1524 1241 χῶρον
1553 1165 1860 1236 ἀνευάζουσι
1887 1174 2144 1247 γυναῖκες.

800 1268 882 1309 sao
909 1247 1127 1320 Πολλὴν
1158 1249 1214 1309 δὲ
1237 1250 1535 1332 προτέρωσε
1563 1252 1746 1331 ταμὼν
1773 1254 1888 1315 ὁδὸν
1919 1255 2194 1316 Ὠκεανοῖο
2211 1301 2233 1333 ‚

903 1336 1064 1408 νῆσόν
1090 1360 1180 1397 κεν
1204 1338 1415 1411 Θούλην
1443 1340 1642 1419 εὗεργέἴ
1662 1341 1746 1415 νηὶ
1773 1340 2054 1420 περήσαις·

905 1423 1026 1483 ἔνθα
1051 1424 1165 1502 μὲν,
1185 1425 1381 1497 ἠελίοιο
1404 1425 1687 1507 βεὸηκότος
1707 1434 1758 1497 ἐς
1777 1429 1934 1489 πόλον
1960 1432 2192 1511 ἄρκτων,

903 1511 1070 1589 ἤμαθ’
1099 1516 1232 1592 ὁμοῦ
1259 1516 1350 1575 καὶ
1377 1514 1566 1585 νύκτας
1589 1516 1829 1599 ἀειφανὲς
1863 1518 2144 1599 ἐκκέχυται
2165 1526 2272 1598 πῦρ
2289 1543 2304 1558 ·

905 1600 1148 1683 λοξοτίρῃ
1179 1602 1280 1683 γὰρ
1307 1606 1472 1682 τῆμος
1512 1604 1876 1687 ἐπιστρέφεται
1921 1606 2265 1689 στροφάλιγγι
2287 1651 2303 1679 ,

783 1708 862 1748 sss
904 1687 1124 1748 ἀκτίνων
1147 1692 1306 1750 ἰθεῖαν
1334 1690 1426 1749 ἰπὶ
1457 1694 1628 1751 κλίσιν
1659 1694 2022 1771 ἐρχομενάων,

901 1776 1056 1887 μῶρ’
1085 1776 1170 1837 ἐπὶ
1197 1778 1444 1847 κυανέους
1464 1780 1639 1851 νοτίην
1672 1781 1789 1840 ὁδὸν
1813 1772 1958 1848 αῧτις
1985 1782 2184 1859 ἐλάσσῃ
2201 1804 2218 1819 ·

900 1866 999 1925 ἀλλ
1043 1865 1237 1925 tuem
1277 1869 1557 1928 Σκυθικοῑο
1587 1867 1748 1948 βαθὺν
1777 1868 1894 1950 ῥόον
1913 1868 2186 1929 Ὠκεανοῖο

898 1952 982 2025 νηὶ
1002 1954 1206 2031 τάμῃς,
1234 1954 1475 2034 προτέρω
1503 1957 1558 2016 δὲ
1587 1956 1716 2038 πρὸς
1741 1955 1888 2041 ἠῴην
1921 1960 2025 2019 ἅλα
2051 1958 2304 2039 κάμψῃς,

892 2042 1162 2121 Χρυσείην
1208 2066 1290 2102 τοι
1321 2048 1481 2115 νῆσον
1514 2043 1632 2125 ἄγει
1660 2044 1844 2125 πόρος,
1871 2046 1994 2107 ἔνθα
2021 2044 2113 2104 καὶ
2143 2048 2305 2105 αὐτοῦ

777 2149 858 2189 οοο
900 2130 1116 2202 ἀντολίη
1145 2136 1398 2212 καθαροῖο
1425 2132 1690 2213 φαείνεται
1716 2133 1936 2207 ἠελίοιο.

735 2296 860 2365 573.
894 2296 1236 2368 μελαμφύλοιο
1275 2303 1396 2367 CE‚·
1437 2300 1686 2373 κορῦμόης
1723 2319 1752 2355 s
1773 2311 1826 2355 et
1856 2319 1941 2374 pr.
1982 2320 2058 2357 m.
2099 2306 2152 2355 C.
2185 2302 2208 2372 ΙΙ
2234 2330 2309 2341 -

735 2376 1194 2448 574.λιγυρόθροος
1221 2389 1319 2431 σεε.
1346 2378 1370 2447 ss
1393 2408 1470 2425 --
1491 2378 1614 2451 575.
1653 2377 1768 2452 οὐχ]
1793 2378 1894 2433 οὔδ’
1915 2383 1969 2434 D
1982 2402 2004 2444 ,·
2029 2378 2182 2443 οὕτως
2205 2383 2263 2437 Κ
2278 2402 2302 2442 ,-

733 2454 960 2526 Θρήικος]
985 2454 1190 2525 θρήικες
1219 2458 1688 2535 CEMYXcet'kops
1701 2499 1718 2522 ,
1746 2458 1834 2511 σὶιν
1864 2458 2000 2513 παισὶ
2024 2461 2078 2512 D
2087 2480 2110 2521 ,·
2139 2455 2303 2531 ᾐόσιν]

734 2534 1100 2607 ᾐόνεσσιΒΕε,
1127 2532 1344 2601 ἠιόνεσσι
1372 2538 1442 2599 G,
1468 2534 1679 2602 ἧιόνισσι
1701 2536 1799 2601 ὄιν,
1827 2534 1985 2605 ἠίοσιν
2000 2554 2051 2601 0,
2080 2534 2159 2591 ἐπὶ
2181 2534 2305 2591 ίόσιν

732 2631 820 2678 σε,-
851 2612 1098 2687 Ἀψῦνθοιο
1130 2617 1308 2668 CKosu
1331 2613 1480 2681 Atd„
1509 2613 1735 2689 Ἀψόνθου
1762 2616 1962 2683 LNOb,
1995 2614 2212 2688 Ἀψίνθου
2234 2618 2303 2670 G.

740 2690 988 2764 Ἆφόρθοιο
1017 2695 1098 2747 Μ.
1131 2692 1215 2748 Cf.
1257 2694 1499 2748 Eustath.
1529 2694 1598 2750 ad
1623 2694 1684 2752 h.
1710 2694 1746 2750 Ι.
1780 2693 1931 2751 Idem
1955 2693 2024 2750 ad
2045 2694 2110 2749 11.
2136 2692 2180 2759 ξ,
2201 2696 2303 2765 394

727 2772 1796 2923 E·n⁹.3..⁴;.‡›,²?.‘1222¹2·23.'maffia
1813 2772 2308 2923 ἷέἒτίῗὲξῖξέἴὲἐ

726 2925 890 2997 λέγει,
910 2925 980 2989 ὡς
1007 2926 1106 2999 οὔχ
1133 2925 1286 2990 οὕτως
1311 2926 1360 2980 oi
1388 2928 1529 2982 δεῖνα
1548 2928 1961 3001 πανηγυρίζουσιν
1989 2928 2058 2991 ὡς
2083 2928 2142 2983 rb
2162 2928 2303 2983 δεῖνα

727 3006 884 3067 ἔθνος.
915 3002 1146 3077 Ἀψίνθιοι
1166 3018 1532 3061 memorantur
1563 3026 1652 3081 ap.
1681 3008 1940 3065 Herodot.
1965 3013 2020 3074 6,
2053 3010 2121 3073 34
2154 3019 2208 3062 et
2239 3028 2295 3079 9,

729 3102 860 3155 119,
900 3083 1074 3140 Schol.
1105 3084 1324 3141 Aristid.
1373 3103 1431 3157 p.
1483 3103 1588 3157 209
1610 3085 1699 3144 ed.
1735 3086 2046 3154 Frommei.;
2086 3085 2300 3159 Ἀψυνθίς

725 3167 887 3235 regio,
917 3184 948 3219 a
972 3162 1260 3218 Ciconibus
1282 3174 1461 3217 ortum
1482 3182 1661 3218 versus
1678 3165 1778 3220 sita
1793 3204 1810 3231 ,
1835 3174 2018 3237 postea
2035 3166 2298 3237 Corpiiice

727 3241 866 3297 dicta
883 3285 896 3303 .
945 3244 1002 3297 in
1058 3260 1164 3314 qua
1203 3244 1370 3297 AEnus
1412 3242 1560 3309 urbs,
1610 3262 1698 3315 ap.
1745 3243 1920 3299 Strab.
1983 3245 2115 3299 Exc.
2165 3245 2292 3300 Vat.

726 3338 782 3393 p.
815 3321 940 3387 285,
975 3338 1040 3375 ιο
1074 3320 1162 3377 ed.
1205 3322 1413 3388 Didot.;
1441 3316 1638 3376 'AEnum
1661 3324 1820 3377 etiam
1840 3322 2072 3395 Ἀψυνθον
2097 3321 2295 3377 dictam

727 3417 840 3453 esse
859 3399 1016 3454 refert
1035 3400 1218 3476 Steph.
1237 3402 1361 3472 Byz.
1390 3419 1441 3455 v.
1477 3398 1653 3463 Αἶνος.
1682 3400 1767 3457 Cf.
1797 3401 1937 3455 idem
1960 3418 2013 3456 v.
2039 3400 2290 3473 Ἄψυνθος.

729 3478 898 3533 Fluvii
927 3496 1052 3533 vero
1071 3479 1315 3551 Apsinthi
1342 3490 1536 3551 praeter
1555 3482 1810 3535 Nostrum
1833 3498 1992 3534 nemo
2011 3490 2288 3544 memorat,

725 3576 900 3632 neque
919 3558 1158 3613 Bistones
1183 3559 1238 3613 in
1260 3558 1532 3631 Apsinthia
1555 3560 1772 3630 regione
1797 3558 1865 3615 ab
1890 3560 2005 3614 aliis
2031 3560 2292 3616 collocan-

725 3648 836 3704 tur,
885 3648 1141 3711 quantum
1182 3638 1362 3693 sciam.
1407 3640 1476 3692 Ni
1524 3639 1702 3703 failor,
1733 3640 1964 3695 Bacchus
2002 3639 2146 3714 apud
2179 3644 2292 3715 Ap·

726 3716 962 3771 sinthum
1007 3716 1177 3771 cultus
1214 3716 1300 3771 iile
1335 3729 1414 3771 est
1450 3716 1611 3785 deus,
1652 3736 1810 3791 quem
1866 3718 2148 3774 Plistorum
2203 3739 2292 3775 vo-

725 3798 835 3851 cari
873 3794 1173 3851 Herodotus
1215 3811 1394 3851 narrat
1432 3816 1485 3867 9,
1534 3816 1556 3851 1
1569 3816 1632 3869 ¹9
1669 3814 1684 3851 :
1738 3796 2044 3861 Οἶόὸαζον...
2091 3798 2295 3871 θρήικες

735 3875 960 3948 Ἀψίνθιοι
1004 3874 1240 3938 λαὸόντες
1290 3875 1467 3929 ἔθυσαν
1523 3876 1822 3951 Πλειστώρῳ
1871 3874 2121 3951 ἐπιχωρίῳ
2174 3880 2289 3952 Θεῷ,

726 3956 894 4027 τρόπῳ
917 3960 990 4029 τῷ
1012 3954 1244 4029 σφετέρῳ.
1269 3957 1405 4010 Cum
1439 3956 1647 4010 Plistori
1673 3954 1760 4010 dei
1781 3958 1996 4011 nomine
2033 3957 2295 4012 Bocchar·

733 4046 816 4089 tus
856 4036 1024 4106 Geog.
1073 4035 1218 4089 Sacr.
1269 4051 1326 4107 p.
1379 4035 1513 4091 1058
1555 4035 1794 4098 Πλίστους
1835 4036 2099 4102 Thraces,
2157 4054 2292 4108 quos

725 4112 986 4185 Josephus
1027 4123 1410 4167 commemorat
1429 4153 1446 4180 ,
1489 4124 1545 4167 et
1571 4113 1777 4176 Κτίστας
1814 4114 1906 4187 qui
1953 4111 2204 4168 dicuntur
2238 4116 2294 4168 in

726 4189 887 4245 codd.
915 4190 1190 4246 Strabonis
1211 4209 1269 4264 p.
1299 4197 1406 4262 296
1429 4194 1722 4265 componit.
1762 4194 1784 4262 ΙΙ
1821 4223 1896 4234 -
1921 4192 2044 4265 576.
2069 4191 2297 4247 καλίουσι

721 4272 787 4333 Β,-
805 4267 1086 4341 ἠρειφιῶτην
1112 4268 1168 4333 d,
1198 4268 1538 4343 εὖραμφιώτην
1569 4275 1641 4327 D.
1677 4275 1698 4343 ΙΙ
1735 4303 1807 4313 -
1837 4275 1958 4345 577.
2003 4272 2090 4327 σὺν
2117 4272 2295 4346 παισὶ]

721 4348 926 4421 θρήικος
953 4352 1024 4405 D.
1059 4350 1084 4421 ΙΙ
1115 4378 1190 4391 —-
1218 4349 1343 4419 578.
1379 4348 1662 4423 ἐριὸρεμὲτᾳ
1685 4369 1736 4417 S,
1764 4350 2004 4424 ζριὸρόμει
2024 4372 2075 4419 ο,
2110 4349 2294 4424 ἕριὸρε·

723 4428 805 4499 psl
827 4446 886 4501 q,·
906 4426 1157 4500 Διονόσσῳ
1177 4430 1356 4485 ABO.
1395 4430 1418 4501 ss
1450 4459 1522 4471 --
1544 4428 1670 4501 579.
1701 4429 1860 4504 κατὰ]
1886 4430 1980 4485 ἀνὰ
2003 4430 2091 4486 km
2107 4454 2128 4493 .-
2147 4430 2299 4485 αὐδά-

722 4510 861 4569 ζουσι
889 4525 945 4580 q,
967 4506 1248 4570 ἇν..ἀζουσι
1271 4525 1319 4560 s.
1351 4508 1374 4579 ss
1403 4538 1476 4550 -
1503 4510 1628 4565 580.
1665 4509 1873 4583 ταμὼν]
1909 4509 2070 4565 Manias
2085 4510 2144 4581 s
2172 4512 2194 4582 ΙΙ
2220 4540 2297 4553 --

725 4586 848 4641 58ι.
871 4604 926 4640 κε
957 4590 1018 4651 0,·
1039 4584 1251 4661 περήσῃς
1280 4592 1354 4653 D,
1379 4586 1602 4658 περήσεις
1625 4591 1697 4644 Ε.
1733 4588 1850 4659 ΙΙ·-
1872 4590 1996 4643 582.
2024 4585 2072 4651 t<
2095 4586 2290 4662 πόλον]

725 4664 772 4729 ἔς
797 4664 956 4719 κλίσιν
1001 4668 1063 4722 Η
1083 4674 1140 4719 et
1169 4683 1252 4737 pr.
1281 4684 1427 4721 man.
1458 4668 1520 4733 ζς
1548 4664 1726 4739 ἄρκτον
1752 4664 1876 4721 cod.
1923 4686 1967 4734 ε,
2000 4666 2178 4738 ἄρκτου
2220 4670 2287 4725 F.

730 4764 753 4793 α
792 4742 930 4797 lttud
953 4742 1220 4815 βεὸηκότος
1246 4740 1294 4806 ἐς
1314 4744 1470 4799 πόλον
1503 4744 1693 4816 ἄρκτων
1712 4786 1728 4811 ,
1751 4745 1859 4799 sole
1883 4743 2154 4799 accedente
2175 4763 2292 4800 ver-

719 4840 815 4877 ,ms
833 4820 1021 4895 polum
1055 4824 1260 4894 (quum
1301 4840 1375 4878 sc.
1417 4820 1567 4892 juxta
1605 4826 1869 4896 tropicum
1909 4824 2146 4877 aestivum
2170 4828 2288 4894 est)

720 4900 1022 5031 Ἲιιίροΰιῖι
1046 4900 1300 4992 Plinianis
1329 4901 1441 4955 istis
1429 4980 1538 5033 und
1545 4902 1778 5033 ..ςοῙΙῖτιιὶἰ
1807 4901 1989 5033 diei-bus
2019 4902 2289 4957 accedente

717 4997 777 5032 so
799 4998 826 5033 e
881 4997 940 5032 m
982 4996 1069 5033 rus
1095 4991 1344 5034 verticem
1374 4998 1424 5033 m
1537 5000 1576 5037 ι.
1659 4999 1724 5035 oc
1793 4998 1846 5033 ui
1887 4998 1968 5035 em
1996 4998 2152 5034 sensu
2181 4984 2283 5036 cir·

717 4998 1066 5111 cutopargico
1085 5056 1260 5115 Thule
1300 5057 1602 5128 subjicitur,
1635 5058 1726 5111 ubi
1755 4999 1858 5113 gox
1885 5057 2028 5112 nulla
2045 5098 2061 5125 ,
2091 5059 2202 5113 sole
2227 5062 2284 5114 in

717 5132 924 5205 tropico
947 5134 1132 5188 aestivo
1154 5136 1471 5201 constituto;
1501 5146 1553 5189 et
1579 5134 1872 5189 conformia
1901 5134 2014 5190 haec
2039 5148 2198 5191 erunt
2218 5139 2282 5191 iis

715 5230 834 5283 quae
861 5209 930 5267 de
955 5212 1130 5269 Thuie
1151 5214 1333 5288 prodit
1358 5215 1558 5270 Plinius
1596 5219 1649 5281 4,
1679 5220 1743 5271 16
1775 5218 1879 5270 :In
1915 5215 2075 5271 Thule
2097 5216 2281 5271 solsti-

718 5301 794 5344 τιο
827 5291 1000 5346 nullas
1030 5310 1140 5348 esse
1160 5304 1332 5349 noc-les
1348 5335 1364 5358 ,
1399 5294 1584 5349 Cancri
1601 5294 1804 5364 signum
1821 5294 1926 5349 sole
1946 5305 2243 5349 transeunte
2259 5336 2275 5363 ,

3833 525 3942 583 1⁴1

2394 640 2555 711 nigrae
2580 640 2787 697 hederae
2814 643 3073 717 corymbis
3102 644 3385 714 redimitae,

2393 740 2694 801 pernocta,
2720 730 2864 786 unde
2888 730 3105 803 fragoris
3130 746 3345 805 argutus
3366 738 3603 793 exoritur
3627 741 3830 795 sonitus
3862 756 3877 795 ε

2394 818 2535 874 haud
2556 838 2705 893 oeque
2724 822 2937 877 Thracii
2957 820 3026 877 ad
3048 824 3187 895 ripas
3211 824 3455 897 Apsinthi

2396 906 2679 962 Bistonides
2703 908 3023 963 turbatorem
3042 910 3341 984 Iraphioten
3363 912 3638 979 invocant,

2394 1011 2563 1067 neque
2572 994 2793 1067 perinde
2806 1012 2928 1049 cum
2941 994 3117 1050 liberis
3130 994 3197 1051 ad
3210 998 3511 1068 nigricantis
3524 1001 3719 1071 Gangis
3734 1004 3953 1057 vertices

2394 1082 2509 1137 Indi
2532 1100 2780 1156 pompam
2802 1084 3006 1139 Baccho
3024 1083 3338 1140 clamoribus
3364 1084 3482 1141 laeto
3502 1086 3707 1143 ducunt
3723 1129 3738 1152 ,

2393 1178 2549 1241 atque
2572 1169 2661 1225 ilio
2686 1172 2741 1224 in
2770 1170 2887 1225 loco
2914 1171 3154 1225 mulieres
3182 1170 3399 1229 ululant.

2392 1261 2463 1311 At
2488 1256 2577 1311 ubi
2602 1257 2825 1313 multum
2848 1259 3043 1312 Oceani
3070 1259 3167 1313 iter
3190 1258 3325 1313 ultra
3341 1262 3595 1326 secueris,

2390 1345 2597 1399 Thulen
2618 1345 2843 1401 insulam
2869 1348 2985 1400 navi
3016 1346 3147 1400 bene
3171 1358 3413 1403 contexta
3436 1350 3681 1417 accedas3

2392 1430 2503 1497 ubi,
2528 1431 2635 1486 sole
2658 1430 2728 1485 ad
2752 1432 2931 1504 poium
2960 1450 3197 1487 ursarum
3220 1451 3493 1506 progresso
3506 1475 3523 1502 ,

2392 1516 2621 1572 interdiu
2644 1518 2799 1573 simul
2822 1529 3089 1591 noctuque
3104 1538 3309 1592 semper
3326 1524 3641 1594 conspicuus
3658 1524 3949 1581 effunditur

2390 1606 2543 1676 ignis.
2576 1608 2729 1661 Tunc
2751 1607 2890 1660 enim
2918 1606 2993 1659 sol
3018 1607 3147 1661 orbe
3166 1612 3493 1663 convertitur
3517 1610 3840 1684 obliquiore,

2392 1712 2557 1765 quum
2582 1692 2717 1747 radii
2740 1704 2941 1747 rectum
2968 1694 3023 1747 in
3050 1704 3239 1747 nutum
3265 1694 3601 1765 colliguntur,

2392 1779 2561 1834 donec
2580 1779 2647 1833 ad
2667 1778 2841 1833 fuscos
2862 1778 3100 1833 homiues
3122 1780 3397 1835 australem
3420 1782 3556 1836 viam
3584 1801 3767 1837 rursus
3786 1785 3944 1842 ineat.

2392 1868 2590 1920 Verum
2608 1865 2699 1920 ubi
2721 1864 2945 1937 Scythici
2959 1865 3137 1920 oceani
3151 1868 3407 1937 gurgitem
3424 1868 3749 1939 profundum

2394 1954 2513 2007 navi
2530 1952 2774 2018 secueris,
2798 1951 3119 2023 ulteriusque
3136 1950 3203 2005 ad
3220 1969 3366 2007 mare
3382 1954 3631 2009 orientale
3650 1954 3943 2021 deflexeris,

2394 2044 2493 2095 iter
2512 2040 2605 2095 tibi
2627 2044 2855 2096 Auream
2880 2038 3099 2093 insulam
3118 2038 3362 2107 adducit,
3396 2042 3487 2096 ubi

2392 2128 2512 2182 solis
2537 2128 2701 2200 ipsius
2728 2136 2875 2180 ortus
2896 2126 3213 2200 conspicitur
3228 2145 3414 2199 purus.

2394 2297 2657 2369 nullosque
2670 2307 2851 2349 eonem
2864 2314 2961 2369 per
2972 2294 3203 2351 brumam
3218 2296 3351 2354 dies.
3367 2296 3515 2352 Idem
3535 2298 3691 2353 etiam
3716 2317 3747 2353 a
3768 2299 3951 2357 Solino

2394 2374 2623 2431 traditur
2646 2394 2696 2431 c.
2742 2375 2831 2429 25.
2876 2397 2903 2423 ν
2940 2374 3189 2431 limma.
3226 2407 3299 2418 —
3337 2402 3359 2423 ι
3389 2376 3594 2432 Sufficit
3635 2378 3948 2434 Strabonem

2396 2460 2462 2523 (2
2492 2474 2547 2529 p.
2585 2456 2718 2526 ιι4)
2750 2454 2914 2507 instar
2948 2454 3187 2508 omnium
3212 2454 3383 2510 audiri
3410 2456 3717 2530 simpliciter
3754 2476 3818 2512 ex
3843 2460 3947 2532 Py-

2394 2534 2516 2589 thea
2536 2532 2924 2608 precipientem
2950 2551 2965 2589 t
2996 2533 3106 2605 παρ’
3128 2528 3204 2596 οῖς
3226 2532 3255 2587 ό
3280 2534 3424 2597 αὗτός
3446 2533 3549 2589 ἐστι
3570 2541 3644 2609 τῷ
3670 2535 3883 2610 ἇρκτικῷ
3917 2540 3946 2593 ό

2395 2614 2577 2687 θερινὸς
2600 2612 2825 2686 τροπικδς
2847 2611 3022 2675 κύκλος
3036 2653 3053 2679 ,
3076 2612 3219 2668 unde
3244 2613 3359 2669 dies
3382 2615 3662 2670 solstitialis
3688 2616 3947 2672 efficieba-

2394 2703 2481 2747 tur
2501 2694 2683 2765 viginti
2709 2702 2956 2765 quattuor
2972 2692 3223 2747 horarum
3248 2708 3262 2747 :
3291 2711 3408 2765 quae
3433 2695 3716 2766 Dionysius
3734 2695 3802 2750 ad
3820 2714 3948 2769 poe-

2393 2774 2550 2828 ticam
2584 2790 2766 2827 sensus
2800 2772 3219 2846 perspicuitatem
3246 2774 3434 2844 exegit.
3484 2798 3509 2821 ι
3540 2774 3757 2827 Baua.
3814 2774 3836 2845 ΙΙ
3872 2804 3947 2817 --

2394 2852 2514 2908 583.
2532 2850 2681 2925 ἤματ’
2706 2850 2784 2905 ἀεὶ
2803 2850 2886 2904 καὶ
2896 2848 3343 2916 θΠΕἱΝζΜειν,
3364 2848 3531 2923 ἤματα
3544 2850 3589 2905 εἰ
3604 2851 3689 2905 καὶ
3715 2854 3785 2917 Y,-
3804 2853 3861 2907 in
3882 2854 3947 2908 de

2393 2930 2713 3003 adscriptum
2760 2948 2843 3001 γρ.
2895 2928 3020 3001 ὁμοῦ
3036 2948 3053 2996 3
3114 2926 3329 3001 ἂιιφανεί
3379 2947 3425 2985 3.
3466 2932 3487 3001 ΙΙ
3519 2960 3594 2973 -
3632 2930 3757 2996 584.
3801 2930 3945 2995 λοξο-

2391 3010 2501 3083 τίρῃ
2522 3010 2657 3081 etc.]
2696 3034 2719 3057 ι
2747 3011 2871 3078 Quo
2894 3008 3035 3062 enim
3064 3007 3181 3062 loca
3206 3008 3273 3062 ab
3297 3020 3561 3080 aequatore
3586 3009 3716 3079 (ubi
3742 3010 3946 3083 sphaera

2388 3098 2529 3143 recta
2552 3099 2662 3154 est,
2692 3099 2746 3142 et
2776 3087 3023 3142 zodiacus
3057 3087 3259 3157 angulis
3285 3087 3395 3143 fere
3422 3090 3581 3143 rectis
3614 3089 3943 3145 horizontem

2387 3172 2564 3234 secat)
2592 3167 2907 3230 remotiora,
2943 3184 3007 3219 eo
3047 3165 3429 3237 obliquioribus
3464 3167 3667 3238 angulis
3688 3167 3769 3222 sol
3802 3169 3946 3222 occi·

2386 3244 2516 3300 dens
2538 3262 2723 3299 eorum
2752 3244 3079 3298 horizontem
3103 3254 3275 3309 secat,
3312 3243 3485 3298 donec
3506 3243 3609 3298 sub
3637 3244 3835 3299 circulo
3856 3263 3942 3299 ar·

2388 3324 2552 3388 cticO,
2576 3322 2667 3376 ubi
2692 3320 2863 3375 Thule
2885 3323 2983 3375 sita
3000 3362 3017 3387 ,
3042 3320 3119 3375 soi
3150 3324 3208 3375 in
3238 3322 3440 3396 tropico
3466 3324 3655 3376 Cancri
3680 3325 3943 3377 constitu·

2382 3412 2468 3455 tus
2486 3401 2814 3455 horizontem
2832 3401 2999 3469 tangit
3021 3410 3245 3465 tantum,
3260 3418 3371 3455 non
3391 3400 3943 3473 secatwbliquofieaeu

2381 3478 2456 3531 ad
2473 3497 2586 3533 eum
2613 3476 2919 3532 descendens
2935 3518 2950 3542 ,
2980 3497 3077 3532 non
3105 3478 3343 3545 subiens,
3370 3476 3697 3552 denadepari
3713 3478 3941 3552 obliqui-

2385 3568 2494 3611 tate
2522 3556 2800 3612 ascendens
2815 3597 2832 3621 ,
2864 3558 2937 3610 ita
2964 3567 3023 3611 ut
3046 3574 3077 3610 e
3109 3568 3396 3631 conspectu
3437 3574 3712 3629 nunquam
3739 3576 3796 3611 se
3820 3557 3941 3613 sub-

2384 3636 2568 3704 ducat,
2595 3637 2725 3691 dum
2746 3635 2963 3708 obliqua
2984 3638 3452 3709 circumgyratione
3479 3647 3655 3692 totum
3682 3637 3941 3691 circulum

2382 3720 2609 3789 peragit,
2644 3715 2790 3789 quod
2808 3720 2875 3780 24
2903 3716 3152 3770 horarum
3172 3718 3339 3788 spatio
3370 3715 3448 3771 fit.
3480 3740 3507 3767 a
3538 3717 3784 3770 Hmaus.
3814 3721 3837 3787 ΙΙ
3867 3747 3940 3758 -

2386 3798 2504 3852 585.
2531 3798 2705 3865 κλῆσιν
2734 3800 2804 3853 D.
2846 3796 2869 3867 ΙΙ
2898 3824 2974 3837 —-
2993 3795 3115 3851 586.
3146 3798 3347 3859 κυανέας
3370 3814 3400 3849 c
3414 3818 3435 3861 ;
3470 3790 3607 3857 αὖθις
3628 3799 3753 3868 Hq,·
3784 3794 3939 3870 ἐλάσῃ

2384 3877 2506 3935 Ddo
2532 3877 2679 3943 Ald„
2711 3874 2876 3931 ἐλάσει
2906 3880 3051 3932 ella.
3086 3878 3109 3949 {1
3139 3906 3213 3917 —
3253 3880 3374 3947 587.
3405 3876 3544 3930 ὁπότ’
3574 3875 3633 3928 ἂν
3675 3880 3719 3929 B
3728 3897 3752 3941 ,·
3788 3876 3937 3947 βαρὶιν

2386 3962 2489 4023 Dc,·
2511 3956 2655 4031 ῥόον]
2682 3959 2832 4029 πόρον
2869 3957 3083 4011 AHkm.
3112 3956 3137 4027 ΙΙ
3176 3984 3250 3997 -—
3293 3957 3415 4012 588.
3442 3954 3691 4027 προτέρω]
3721 3956 3939 4027 προτέρῳ

2382 4039 2451 4107 Q,
2462 4036 2693 4109 προτέρην
2707 4038 2757 4101 ζ,
2780 4034 2946 4107 ἑτέρην
2964 4037 3019 4088 A
3022 4038 3231 4091 EGHK
3231 4034 3478 4091 Nbdemw
3489 4055 3512 4099 ,·
3532 4035 3585 4088 in
3599 4033 3631 4087 b
3654 4032 3895 4088 additum
3920 4050 3934 4088 ε

2382 4131 2465 4183 γρ.
2499 4115 2733 4186 προτέρω.
2766 4114 2902 4168 Dein
2932 4114 3047 4185 πρὸς
3078 4114 3250 4185 βορέην
3276 4114 3333 4165 ἱιι
3369 4130 3413 4176 ε,
3448 4120 3503 4165 et
3526 4110 3703 4183 κάμψις
3729 4111 3786 4164 in
3816 4115 3871 4167 C.
3908 4112 3931 4181 ss

2382 4222 2455 4233 —
2480 4193 2600 4265 ⁵89.
2632 4192 2840 4265 Χρυσίην
2875 4212 2930 4257 0,·
2952 4212 3034 4247 κεν
3064 4192 3211 4247 αὗτοῦ
3252 4194 3328 4257 Η,
3357 4209 3442 4245 κεν
3466 4188 3599 4263 αὐτῷ
3628 4187 3749 4244 cod.
3775 4190 3827 4252 ζ.
3862 4218 3938 4231 —·-

2382 4273 2483 4328 Per
2520 4290 2777 4327 ocenum
2826 4272 3085 4327 borealem
3136 4274 3191 4327 in
3243 4268 3455 4325 Indiam
3500 4269 3935 4340 circumnavigari

2381 4369 2563 4425 posse,
2585 4368 2751 4423 quum
2778 4362 2918 4405 terra
2944 4350 3247 4405 circumflua
3274 4366 3384 4403 oese
3409 4357 3744 4414 statueretur,
3782 4358 3936 4421 poeta

2382 4442 2557 4485 noster
2578 4430 2678 4485 sibi
2696 4430 2902 4485 sumsit.
2928 4431 3126 4500 Reapse
3148 4444 3277 4482 num
3300 4428 3373 4482 ita
3392 4445 3479 4481 res
3496 4423 3735 4491 haberet,
3768 4442 3933 4497 quum

2382 4508 2525 4564 nullo
2578 4507 2811 4581 periculo
2860 4516 3145 4573 constaret,
3188 4508 3243 4560 in
3289 4504 3466 4559 medio
3498 4504 3711 4576 reliquit
3741 4502 3931 4559 Strabo

2380 4606 2434 4659 p.
2466 4591 2568 4659 294
2597 4588 2690 4661 (p.
2722 4592 2845 4653 244,
2877 4591 2946 4657 47
2970 4584 3057 4643 ed.
3082 4585 3297 4656 Didot).
3330 4586 3578 4640 Ceterum
3604 4582 3672 4637 ab
3698 4580 3855 4636 India
3877 4584 3935 4636 in

2380 4669 2627 4741 Caspium
2672 4668 2903 4739 navigari
2946 4684 3097 4739 posse
3128 4664 3238 4737 jam
3280 4664 3541 4720 Patrocles
3583 4662 3936 4718 affirmaverat

2379 4749 2507 4821 (ap.
2546 4746 2719 4801 Strab.
2761 4766 2817 4821 p.
2850 4750 2917 4815 74
2945 4756 2999 4800 et
3034 4747 3198 4815 518),
3238 4744 3513 4799 Cornelius
3546 4744 3721 4815 Nepos
3753 4753 3930 4797 autem

2377 4828 2401 4894 (
2418 4844 2501 4898 ap.
2528 4826 2663 4881 Plio.
2694 4842 2746 4889 2,
2772 4831 2859 4896 67,
2896 4828 3037 4896 170)
3063 4824 3280 4879 tradidit
3300 4825 3505 4893 Quinto
3530 4820 3741 4877 Metello
3762 4820 3929 4876 Celeri

2375 4904 2553 4959 Galliae
2577 4904 2877 4978 proconsuli
2900 4902 3061 4958 Indos
3081 4921 3112 4957 a
3139 4920 3259 4974 rege
3284 4904 3579 4957 suevorum
3607 4899 3751 4955 dono
3778 4900 3929 4955 datos

2374 4985 2466 5054 qui
2492 5001 2557 5037 ex
2585 4981 2739 5038 India
2764 4984 3062 5037 commercii
3084 5000 3237 5036 causa
3272 4983 3573 5051 navigantes
3599 4980 3926 5050 tempestati-

2372 5060 2473 5114 bus
2500 5063 2752 5115 essentia
2796 5062 3129 5115 Germaniam
3170 5060 3393 5131 abrepti.
3420 5057 3587 5113 Simili
3624 5068 3925 5111 commento

2372 5143 2636 5211 Augustus
2678 5141 2737 5193 in
2780 5138 2932 5193 titulo
2977 5144 3256 5211 Ancyrano
3312 5138 3526 5191 classem
3572 5152 3843 5189 romanam
3893 5153 3925 5190 a

2370 5218 2539 5273 Rheni
2568 5220 2703 5273 ostio
2738 5218 2805 5273 ad
2832 5217 2974 5274 orbis
3001 5228 3231 5272 extrema
3269 5218 3537 5286 navigasse
3576 5214 3846 5283 gloriatur.
3894 5216 3916 5283 ΙΙ

2373 5298 2591 5369 Chryse]
2620 5298 2817 5352 Plinius
2836 5302 2887 5361 6,
2912 5296 2999 5363 23,
3030 5313 3097 5352 20
3121 5315 3133 5352 :
3170 5307 3321 5350 extra
3342 5294 3537 5349 ostium
3579 5289 3713 5345 Indi
3740 5290 3923 5361 Chore
