4584 6284
699 558 777 609 86

694 679 828 734 Nam
857 697 919 733 ea
946 691 1035 735 aut
1066 691 1145 735 tot
1174 700 1269 755 per
1296 684 1469 740 secttla
1498 686 1926 743 edificationibus
1945 688 2136 746 obruta
2153 702 2259 763 est,

694 776 787 819 aut
807 782 840 820 a
860 766 1047 822 Turcis
1077 767 1279 825 inclusa
1314 780 1525 827 tenetur
1554 774 1693 829 iutra
1722 774 1969 841 edificia,
2004 793 2122 849 quae
2152 778 2262 850 ipse

690 864 931 909 excutere
961 874 1069 911 non
1103 859 1254 931 potui
1276 877 1290 915 z
1312 870 1408 915 aut
1436 859 1652 915 sortasse
1678 864 1879 935 poetice
1908 862 2115 918 locutus
2144 875 2221 919 est
2244 882 2257 918 :

692 938 837 1014 quod
866 960 975 997 non
1017 944 1188 1001 solent
1214 946 1420 1021 physici
1444 960 1611 1021 poeta
1646 952 1703 1005 in
1736 950 2089 1026 descriptione
2118 952 2259 1008 loco-

688 1048 828 1086 rum.
886 1032 966 1086 Ex
988 1032 1266 1089 antedictis
1284 1035 1441 1091 Plinii
1460 1038 1772 1111 perspicitur
1790 1057 1897 1095 non
1930 1039 2095 1095 modo
2110 1060 2261 1096 error

686 1118 931 1191 ponentis
964 1120 1201 1175 Laurum
1233 1122 1473 1179 insanum
1498 1132 1549 1178 et
1573 1123 1872 1198 sepulcrum
1899 1126 2079 1199 Amyci
2111 1138 2259 1183 extra

686 1206 980 1278 Bosporum
1001 1207 1057 1260 in
1082 1217 1255 1264 tractu
1278 1209 1539 1265 Heraclea
1558 1212 1808 1280 Pontice,
1823 1210 1916 1267 sed
1935 1214 2091 1267 etiam
2118 1212 2256 1284 ejus-

684 1289 808 1348 dem
860 1294 1059 1350 incerta
1102 1300 1479 1354 commentatio
1534 1298 1693 1355 modo
1748 1302 1991 1374 ponentis
2042 1312 2254 1375 portum

684 1381 871 1454 Amyci
898 1394 1044 1437 extra
1069 1382 1364 1457 Bosporum
1380 1426 1398 1455 ‚
1428 1384 1589 1441 modo
1620 1386 1756 1442 intra
1781 1387 2071 1460 Bosporum
2089 1426 2113 1455 ,-
2130 1408 2253 1445 cum

684 1476 765 1521 tot
796 1484 865 1523 ex
898 1470 1229 1539 auctoribus,
1268 1490 1401 1545 quos
1441 1472 1593 1541 citat,
1632 1474 1955 1547 apertissime
1992 1473 2255 1531 declarare

682 1552 938 1625 potuisset
975 1557 1207 1612 Laurum
1241 1558 1478 1614 insanam
1523 1570 1576 1614 et
1621 1559 1919 1633 sepulcrum
1962 1558 2172 1633 Amyci'
2201 1572 2254 1616 et

684 1648 899 1711 portum
916 1643 1100 1715 Amyci
1115 1660 1228 1699 esse
1246 1644 1382 1699 intra
1400 1643 1710 1718 Bosporum.
1785 1644 2068 1702 Hermolao
2103 1648 2253 1718 igno-—

688 1726 940 1783 scendum
974 1740 1051 1785 αι
1066 1768 1081 1795 ,
1119 1742 1376 1802 quatenus
1410 1731 1623 1789 sortasse
1658 1751 1767 1787 non
1806 1731 2008 1788 viderat
2042 1736 2251 1790 Arriani

692 1815 957 1888 Periplum
973 1856 989 1883 ,
1012 1836 1182 1891 neque
1209 1820 1445 1893 Dionysii
1464 1821 1725 1896 Ampium
1747 1838 1762 1876 ι
1788 1831 1843 1875 at
1867 1820 2068 1876 viderat
2089 1824 2250 1895 Apol·

691 1898 893 1955 lonium
910 1942 925 1968 ,
959 1920 1114 1975 quem
1134 1905 1258 1959 citat
1272 1904 1341 1960 ad
1373 1906 1704 1979 probandum
1717 1946 1734 1973 ,
1762 1906 1853 1961 ubi
1881 1917 2014 1961 esset
2046 1910 2250 1965 Laurus

691 1986 874 2043 insana
900 1998 952 2043 et
978 2000 1161 2061 portus
1180 1992 1364 2064 Amyci
1386 2002 1439 2045 et
1470 1992 1763 2066 sepulcrum
1799 1996 1984 2068 Amyci
2008 2013 2021 2051 :
2042 2014 2108 2051 ex
2140 2014 2250 2069 quo

690 2077 894 2149 assequi
916 2088 1117 2151 poterat
1138 2078 1223 2133 illa
1242 2078 1511 2151 essejuxta
1531 2083 1821 2153 Bosporum
1838 2102 1854 2147 ς
1884 2092 1999 2138 tum
2020 2085 2250 2140 maxime

690 2178 758 2217 ex
799 2162 1091 2235 Stephano,
1138 2182 1293 2237 quem
1333 2164 1744 2238 frequentissime
1776 2166 1957 2235 affert,
1998 2172 2248 2243 consequi

691 2249 842 2307 facile
861 2262 1063 2325 poterat
1082 2264 1295 2326 portum
1314 2256 1516 2309 laurus
1538 2254 1729 2309 insane
1754 2272 1865 2311 esse
1890 2257 1947 2310 in
1974 2275 2067 2311 ore
2089 2260 2245 2313 Ponti

694 2339 751 2393 in
788 2338 972 2395 dextra
1018 2340 1377 2413 navigantibus
1410 2359 1476 2396 ex
1516 2342 1835 2415 Propontide
1882 2344 1936 2398 in
1982 2347 2209 2399 Pontum
2229 2386 2245 2411 ,

695 2428 799 2483 nisi
826 2427 1043 2484 sortasse
1078 2429 1311 2484 codicem
1350 2429 1598 2503 Stephani
1623 2430 1960 2503 depravatum
2000 2450 2109 2487 non
2136 2434 2248 2488 ani-

692 2513 1003 2581 madvertit,
1044 2516 1101 2569 in
1128 2533 1238 2589 quo
1269 2515 1412 2572 edita
1447 2527 1527 2573 est
1574 2512 1758 2591 Δάφνη
1825 2510 2111 2592 φαινομένη
2150 2540 2247 2593 pro

692 2594 1012 2675 μαινομένη.
1104 2608 1237 2675 Qun
1294 2606 1509 2678 quidem
1549 2608 1769 2680 paucula
1814 2610 1859 2663 si
1902 2609 2213 2665 Hermolaus
2228 2651 2243 2675 .

688 2690 993 2764 diligentior
1035 2694 1395 2767 peregrinator
1433 2694 1691 2751 librorum
1736 2713 1893 2768 quam
1936 2699 2211 2769 regionum
2226 2739 2245 2767 ,

690 2778 1052 2853 expendisset,
1097 2780 1332 2853 profecto
1376 2783 1433 2837 in
1482 2782 1817 2857 multiplicem
1861 2802 2093 2840 errooem
2138 2805 2249 2843 non

690 2864 959 2921 incidisset
972 2906 988 2931 ‚
1021 2866 1114 2938 qui
1140 2877 1201 2922 ut
1224 2866 1411 2941 probet
1438 2869 1492 2922 in
1518 2869 1685 2927 Plinio
1710 2888 1861 2943 posse
1896 2870 1994 2943 legi
2031 2884 2245 2946 portum

690 2951 879 3024 Any-ei
898 2963 967 3020 ²¹,
988 2964 1165 3009 tamen
1190 2956 1245 3009 in
1273 2956 1507 3030 Bosporo
1527 2975 1634 3012 non
1658 2958 1766 3012 vult
1791 2958 2072 3031 intelligere
2101 2960 2247 3017 illum

684 3038 963 3106 essc,‚sed
996 3039 1139 3095 haud
1174 3041 1358 3115 procul
1398 3060 1429 3097 a
1467 3045 1731 3118 Bosporo,
1773 3063 1961 3119 nempe
1986 3046 2042 3101 in
2078 3057 2249 3104 tractu

682 3129 966 3185 Heracleae.
1038 3132 1104 3185 In
1140 3148 1247 3202 quo
1285 3130 1635 3203 multipliciter
1670 3130 1929 3205 decipitur
1955 3150 1970 3189 ι
2013 3136 2246 3208 primum

683 3215 931 3286 ignorans
972 3226 1188 3288 portum
1233 3218 1419 3290 Amyci
1464 3235 1573 3273 esse
1616 3218 1751 3275 intra
1796 3221 2119 3293 Bosporum;
2168 3240 2245 3278 se·

681 3301 861 3359 cundo
898 3306 1133 3359 laurum
1156 3306 1388 3359 insanam
1420 3315 1473 3360 et
1502 3304 1796 3379 sepulcrum
1830 3310 2015 3381 Amyci
2046 3327 2247 3381 ponens

680 3400 829 3445 extra
850 3392 1175 3463 Bosporum;
1202 3392 1359 3446 tertio
1392 3392 1555 3447 Azani
1587 3403 1799 3465 portum
1822 3404 1876 3449 et
1904 3396 2121 3449 Azanim
2160 3414 2248 3451 ur·

680 3476 803 3531 bem
826 3487 1057 3533 statuens
1071 3476 1224 3551 juxta
1249 3478 1543 3551 Bosporum
1566 3496 1581 3535 ι
1618 3496 1850 3554 quorum
1876 3499 2033 3536 nemo
2060 3485 2245 3537 memi-

680 3562 779 3629 nit,
808 3581 879 3618 ne
905 3563 1191 3636 Dionysius
1220 3563 1473 3637 quidem:
1504 3582 1627 3619 cum
1646 3566 1837 3621 Annis
1858 3567 1926 3621 sit
1950 3577 2099 3623 extra
2118 3570 2245 3624 Bos-

677 3667 871 3723 porum
897 3660 1027 3707 teste
1058 3650 1313 3708 Strabone
1344 3652 1443 3727 (p.
1465 3650 1567 3725 576
1585 3654 1609 3725 )
1626 3691 1643 3720 ,
1669 3654 1763 3726 qui
1784 3654 1858 3709 ait
1883 3672 1947 3709 ex
1970 3655 2243 3711 Amitide

674 3738 1023 3813 Rhyndacum
1064 3741 1279 3795 exoriri.
1352 3743 1471 3796 Jam
1508 3742 1729 3813 cognitis
1777 3747 1979 3817 Amyco
2024 3744 2143 3800 loeo
2186 3756 2241 3801 et

1934 559 2275 623 moNst
2319 564 2676 630 BYZANTll

2355 700 2663 770 nuncupatis
2683 704 2952 771 Beeoussi,
2979 716 3070 761 aut
3087 707 3155 761 ab
3177 711 3250 764 eis
3279 728 3386 765 non
3403 711 3578 786 longe,
3595 724 3918 790 portumque

2348 782 2780 858 Moucnporidem
2803 807 2913 845 esse
2942 792 3079 847 inter
3107 796 3462 869 Argyronium
3501 809 3554 853 et
3581 802 3754 857 vicum
3778 804 3918 859 Mar-

2351 888 2582 927 moream
2599 874 2789 931 scalam
2806 879 3138 951 appellatum,
3160 884 3412 940 nimirum
3433 905 3544 942 esse
3557 900 3650 944 aut
3658 892 3912 948 Monoco-

2349 956 2436 1012 lon
2463 969 2550 1013 aut
2585 964 2888 1033 proximum
2922 968 3098 1022 sinum
3116 1008 3133 1037 ‚
3175 968 3266 1023 ubi
3299 972 3491 1028 fluvius
3519 987 3687 1031 versat
3711 978 3908 1047 molas,

2347 1050 2876 1125 promontoriumque
2902 1056 3299 1129 Aetorynchum
3341 1060 3565 1117 existere
3596 1062 3820 1121 alterum
3844 1085 3913 1122 ex

2346 1131 2553 1190 duobus
2587 1141 2965 1209 promontoriis
2983 1142 3094 1198 sitis
3128 1144 3182 1198 in
3223 1145 3411 1215 horto,
3457 1158 3512 1203 et
3545 1167 3704 1222 quem
3740 1152 3912 1209 Greci

2347 1236 2534 1279 vocant
2547 1228 2762 1283 Turcon
2781 1243 3044 1305 corrupte,
3069 1234 3218 1304 quasi
3232 1237 3626 1309 Aetoryncbon.
3667 1238 3908 1309 Paludes,

2344 1326 2474 1383 quas
2494 1324 2614 1385 post
2637 1314 2814 1370 sinum
2832 1319 3091 1391 Amycum
3115 1322 3265 1393 ponit
3291 1324 3596 1398 Dionysius,
3618 1324 3834 1383 fuerunt
3853 1330 3912 1384 in

2343 1400 2493 1466 sinu,
2531 1418 2690 1474 quem
2719 1403 2874 1477 vulgo
2899 1417 3086 1462 vocent
3119 1408 3428 1476 Soltaniam,
3468 1429 3501 1467 a
3536 1412 3752 1469 Soltano
3789 1432 3912 1488 rege

2343 1487 2638 1544 Soleimano
2652 1532 2669 1558 ,
2699 1494 2791 1563 qui
2815 1492 2870 1547 in
2887 1512 2952 1549 eo
2973 1493 3258 1553 Sardscum
3281 1497 3604 1555 luculentum
3632 1502 3746 1570 (sic
3766 1496 3910 1559 enim

2341 1577 2503 1632 Turci
2529 1580 2792 1652 appellant
2827 1582 3032 1638 tholum
3061 1584 3296 1658 undique
3329 1585 3710 1661 fenestratum)
3735 1590 3792 1645 in
3823 1590 3910 1645 lit·

2342 1672 2456 1718 tore
2483 1664 2757 1723 aedificavit
2783 1686 2903 1722 cum
2951 1670 3118 1725 hortis
3137 1681 3192 1725 et
3216 1670 3356 1727 silvis
3378 1683 3432 1728 et
3465 1672 3666 1729 aedibus
3693 1676 3848 1747 regiis
3889 1694 3906 1732 z

2338 1752 2432 1806 ubi
2477 1753 2788 1827 priusquam
2837 1756 3017 1811 hortos
3057 1756 3140 1813 ille
3181 1760 3581 1826 construxisset,
3623 1780 3656 1817 a
3695 1762 3909 1819 senibus

2337 1838 2682 1911 piscatoribus
2704 1842 2880 1913 accepi
2907 1840 3102 1897 ibidem
3125 1841 3340 1917 paludes
3370 1864 3400 1900 a
3428 1846 3724 1902 Soleimano
3745 1848 3906 1904 obru-

2337 1934 2414 1980 tas
2429 1964 2447 1992 ‚
2487 1925 2718 1982 aedificiis
2743 1926 3012 2002 hortisque
3047 1942 3325 2005 occupatas
3370 1931 3568 1989 fuisse:
3615 1946 3774 2009 atque
3811 1937 3903 1992 ubi

2337 2029 2482 2069 nunc
2506 2011 2792 2069 Sardaeum
2827 2025 2880 2070 et
2914 2026 3085 2071 cetera
3123 2016 3342 2073 adificia
3379 2020 3642 2087 existunt,
3679 2022 3902 2077 insulam

2334 2102 2484 2174 prius
2509 2102 2739 2157 extitisse
2769 2102 3146 2159 circumdatum
3169 2106 3299 2160 mari
3321 2104 3516 2161 vadoso
3537 2104 3645 2179 jam
3672 2105 3868 2165 obruto
3882 2149 3900 2175 ,

2335 2189 2569 2261 arcique
2590 2189 2835 2262 projectis
2861 2192 2916 2244 in
2942 2189 3123 2245 hortos
3145 2189 3379 2247 redacto.

2335 2344 2459 2399 vn.
2500 2347 2574 2397 De
2616 2344 2740 2399 sinu
2773 2346 3056 2413 Catangi05
3098 2343 3162 2399 de
3181 2346 3569 2418 promontorio,
3596 2345 3738 2419 quod
3773 2348 3903 2402 Dio·

2405 2432 2584 2501 nysius
2605 2432 2842 2507 appellat
2877 2422 3136 2505 ὀξύρρουν,
3166 2445 3219 2487 et
3234 2445 3401 2506 portu
3439 2434 3636 2490 Phrixi
3648 2477 3664 2500 ,
3691 2434 3756 2491 de
3771 2454 3900 2509 pro·

2405 2519 2658 2574 montorio
2687 2520 2874 2575 Lembo
2907 2530 3208 2593 nuncupato
3225 2532 3275 2574 et
3298 2519 3361 2575 de
3383 2519 3556 2575 insula
3578 2521 3790 2591 exigua.

2995 2665 3094 2725 Fr.
3139 2674 3234 2726 68.

2410 2798 2532 2850 Post
2562 2795 2772 2868 (inquit
2797 2795 3115 2867 Dionysius)
3135 2792 3364 2850 Paludes
3392 2794 3729 2867 subsequitur
3747 2794 3899 2849 sinus

2335 2885 2665 2948 ntencupettus
2696 2864 3050 2944 Κατᾶγγειον,
3088 2875 3158 2925 ad
3187 2891 3244 2927 se
3270 2872 3497 2927 maxime
3543 2870 3784 2927 alliciens
3805 2872 3897 2946 μ’·

2333 2978 2460 3026 sces,
2481 2961 2533 3016 .ςί
2553 2961 2674 3036 quis
2695 2962 2847 3028 alter,
2871 2980 2935 3016 ac
2943 2960 3129 3035 potius
3154 2960 3226 3030 (ei
3253 2959 3391 3015 nihi!
3411 2959 3552 3015 decet
3575 2960 3897 3034 supprimere

2332 3065 2446 3102 eum
2481 3047 2574 3121 qm'
2611 3046 2886 3102 veritatem
2923 3045 3093 3120 dicit)
3126 3046 3268 3101 solus
3306 3064 3372 3101 ex
3413 3045 3589 3101 littore
3617 3045 3896 3102 Chalcedo-

2333 3137 2536 3191 niorttm
2561 3147 2638 3191 est
2667 3136 2786 3189 bene
2795 3134 3055 3210 piscosus.
3085 3136 3449 3189 Verumtamen
3476 3144 3684 3189 tantum
3706 3133 3898 3205 differt

2333 3225 2401 3279 ab
2428 3228 2699 3297 Europoeo,
2729 3234 2980 3296 quantum
2997 3219 3185 3293 differt
3209 3239 3349 3276 mare
3370 3239 3407 3275 a
3427 3233 3584 3277 term.
3607 3212 3733 3275 Ἐπ’
3751 3214 3896 3294 αὐτῷ

2333 3302 2570 3385 ὀξύρρους
2598 3302 2736 3383 ἄκρα
2785 3310 2914 3381 (loce
2940 3322 3050 3376 est,
3081 3310 3136 3363 in
3179 3310 3293 3384 ipso
3330 3308 3418 3362 vel
3443 3320 3572 3383 post
3602 3306 3775 3382 ipsum
3813 3320 3896 3385 est

2328 3395 2734 3471 promontorium
2781 3395 3100 3466 oxy-whom
3118 3397 3160 3466 ).
3236 3398 3366 3449 Post
3409 3394 3734 3466 Oaejrrhoum
3773 3410 3894 3449 sue·-

2331 3482 2510 3538 cedens
2552 3482 2706 3538 littus
2737 3481 2959 3556 planum
2983 3492 3034 3535 et
3083 3480 3304 3534 ”cultum
3353 3478 3658 3553 appellatur
3695 3477 3894 3533 Phrixi

2323 3581 2516 3643 portus
2532 3609 2549 3633 ,
2595 3580 2724 3641 post
2771 3585 2919 3640 quem
2959 3566 3097 3621 alter
3131 3577 3324 3639 portus
3361 3576 3414 3620 et
3459 3564 3643 3619 Phiela
3685 3563 3892 3619 Chalce-

2330 3655 2604 3712 doniomm
2645 3653 2801 3710 valde
2817 3664 3109 3728 potentum.
3169 3642 3298 3705 Ἐπὶ
3327 3640 3383 3706 δὲ
3411 3644 3556 3725 αὐτῷ
3581 3652 3606 3722 (
3620 3650 3682 3705 id
3701 3662 3812 3716 est,
3836 3649 3892 3705 ἰιι

2331 3743 2448 3818 ipso
2500 3744 2590 3798 vel
2636 3753 2768 3817 post
2813 3741 3021 3816 ipsum)
3053 3739 3240 3795 Phiela
3276 3750 3358 3795 est
3396 3739 3630 3794 tumulus
3665 3737 3893 3813 supinus

672 3828 879 3899 Amyco
901 3828 1041 3894 sinu,
1066 3828 1431 3900 cognoscimus
1459 3828 1805 3903 Nymphaeum
1829 3830 2238 3887 Chalcedonium
2325 3844 2379 3885 et
2409 3830 2660 3885 rotundus
2673 3870 2689 3893 ‚
2715 3828 2770 3883 in
2786 3827 2973 3883 circuli
2991 3828 3214 3897 figuram
3240 3826 3669 3883 circumscribens
3695 3826 3885 3881 basim.

675 3924 808 3969 teste
830 3913 1088 3970 Androeta
1110 3914 1349 3971 Tenedio
1376 3914 1573 3971 distans
1598 3918 1835 3991 quinque
1869 3918 2037 3975 stadia
2064 3938 2097 3975 a
2124 3920 2237 3976 vico
2334 3918 2612 3973 Theatrum
2636 3914 2837 3988 aliquis
2862 3916 3173 3986 conjectaret
3190 3933 3248 3969 se
3284 3914 3462 3969 videre
3490 3914 3830 3989 improvisum
3854 3932 3892 3968 a

668 4012 985 4075 nuncupato
1014 4004 1313 4057 Marmorea
1339 4000 1475 4059 scala
1498 4020 1638 4072 esse,
1674 4015 1765 4059 aut
1792 4005 1848 4059 in
1886 4007 2043 4095 regiis
2068 4006 2235 4062 hortis
2323 4016 2519 4060 natm
2545 4002 2906 4059 constitutum.
2969 4004 3137 4075 Prope
3174 4012 3348 4056 autem
3374 4011 3455 4056 est
3469 4000 3888 4077 promontorium

728 4243 818 4281 21.
840 4229 1002 4281 Posse
1023 4226 1126 4296 legi
1130 4238 1351 4301 portum
1372 4231 1593 4304 Amyci]
1615 4230 1821 4286 Scilicet
1837 4231 1979 4304 apud
1996 4232 2224 4289 Plinium

661 4306 712 4370 5,
738 4306 828 4372 43,
863 4306 963 4361 150
986 4324 1089 4381 pro
1116 4318 1307 4380 poe-tus
1335 4308 1550 4381 Αηιγσί,
1571 4309 1717 4383 quod
1752 4308 1918 4365 codex
1958 4311 2223 4367 Snacken-

658 4385 945 4457 borgianus
964 4396 1017 4441 et
1038 4384 1197 4441 codd.
1230 4388 1434 4446 Geleuii
1461 4389 1683 4457 habent,
1712 4389 1767 4443 in
1790 4388 2005 4463 reliquis
2034 4390 2223 4461 legitur

659 4463 900 4530 Achimi,
942 4467 1171 4539 Aereny,
1204 4466 1413 4539 Acymi,
1444 4478 1497 4523 et
1541 4470 1597 4523 in
1636 4466 1907 4523 codicibus
1953 4468 2219 4527 Hermolai

658 4544 878 4602 Barbari
896 4543 1061 4600 Asini
1075 4554 1129 4601 et
1144 4546 1340 4612 Azoni,
1366 4544 1510 4601 unde
1524 4547 1833 4602 Hermolaus
1850 4546 2111 4602 Barbarus
2130 4560 2224 4604 aut

658 4626 841 4686 Azoni
860 4637 952 4682 aut
969 4626 1137 4682 Arari
1154 4626 1431 4700 legendum
1448 4646 1559 4683 esse
1577 4630 1797 4703 putavit.

728 4706 820 4763 Fr.
850 4706 938 4761 63.
976 4708 1286 4779 Catangium
1310 4710 1333 4779 (
1348 4706 1653 4782 Κατάγγειον
1669 4707 1711 4781 ),
1739 4706 1896 4780 Gyllii
1934 4718 2085 4763 aetate
2122 4710 2222 4765 Ge-

657 4786 880 4840 stacium
908 4784 1129 4853 dictum,
1152 4786 1377 4858 intellige
1390 4804 1513 4842 eum
1534 4787 1693 4841 maris
1717 4804 1978 4841 recessum
1995 4826 2012 4852 ,
2033 4790 2119 4842 cui
2141 4789 2223 4843 in·

656 4864 791 4919 timo
812 4863 1015 4937 adjacet
1046 4864 1349 4921 rehtboukli
1363 4866 1528 4921 locus.
1567 4864 1819 4939 Ὀξῦρρους
1850 4865 1975 4937 ἄκρα
1996 4876 2072 4919 est
2100 4884 2221 4922 mu-

653 4960 750 4997 cro
772 4946 1125 5016 promontorii
1149 4945 1288 5001 inter
1322 4944 1629 5001 Tekiboukli
1648 4956 1702 5001 et
1720 4944 2007 5001 Kanlt’dclte
2034 4945 2215 5013 medii,

649 5022 798 5095 quod
824 5026 1079 5096 Magnum
1107 5024 1253 5080 Glari
1272 5025 1692 5101 promontorium
1710 5026 1931 5081 seriores
1948 5023 2215 5081 dicebant.

648 5104 786 5173 Quae
810 5102 1061 5177 deinceps
1077 5103 1297 5176 legimus
1322 5124 1337 5163 t
1366 5104 1609 5179 &quitur
1626 5106 1755 5161 titus
1762 5104 1988 5180 planum
2014 5116 2066 5159 et
2084 5106 2217 5159 mul·

645 5194 761 5237 tum
789 5182 989 5238 Phrixa·
1017 5195 1215 5257 portus
1254 5184 1605 5260 appellatum,
1643 5183 1830 5240 eodem
1874 5183 2037 5240 modo
2076 5182 2219 5238 dicta

641 5272 897 5335 suntque
929 5262 1148 5333 legimus
1174 5266 1205 5333 S
1234 5266 1303 5335 49
1335 5282 1349 5320 :
1376 5262 1583 5333 longum
1610 5262 1738 5317 litus
1777 5276 2021 5319 vocatum
2046 5263 2219 5338 Ephe-

639 5340 840 5396 siorum
853 5354 1066 5416 portus,
1096 5354 1148 5397 et
1170 5348 1201 5413 s
1230 5344 1297 5399 56
1335 5358 1351 5398 t
1384 5344 1554 5398 latum
1592 5342 1721 5397 litus
1754 5343 1842 5398 eui
1872 5363 2053 5399 nonien
2074 5348 2216 5398 Pan-

642 5419 878 5477 ticlee'um.
907 5420 1093 5477 Phrixi
1121 5433 1339 5493 portum
1360 5421 1428 5478 ad
1454 5422 1767 5478 hodiernum
1795 5423 2085 5479 Kanlt'dclte
2100 5442 2217 5497 per-

2317 4232 2482 4286 tinere
2507 4228 2848 4302 probabiliter
2885 4238 3122 4284 statuunt
3165 4230 3485 4283 Hammerus
3517 4240 3571 4284 et
3610 4228 3881 4289 Moltkius.

2315 4311 2486 4364 Etiam
2511 4328 2631 4363 cum
2663 4310 2812 4364 Fano
2838 4308 3067 4363 Asiatico
3095 4310 3402 4363 memoriam
3425 4307 3608 4363 Phrixi
3631 4306 3885 4380 conjunc·

2315 4398 2420 4443 tam
2449 4390 2605 4443 fuisse
2635 4405 2795 4460 supra
2816 4384 3063 4444 vidimus.
3099 4389 3330 4461 Sequens
3369 4398 3589 4461 portus,
3618 4385 3684 4441 ad
3723 4406 3881 4461 quem

2312 4470 2490 4526 Phiela
2527 4478 2658 4535 erat,
2705 4466 2993 4522 Kanlidclee
3019 4466 3137 4521 loco
3163 4484 3193 4520 e
3229 4466 3387 4539 Gyllii
3417 4466 3676 4522 sententia
3703 4468 3884 4538 proxi-

2319 4568 2435 4605 mus
2467 4550 2625 4605 fuisse
2669 4546 2859 4615 debet;
2907 4546 3120 4601 ubinam
3174 4546 3506 4619 potissimum
3546 4543 3882 4601 collocandus

2311 4630 2411 4697 sit,
2436 4648 2534 4701 ego
2564 4627 2741 4683 dicere
2781 4644 2890 4682 non
2914 4624 3116 4693 babeo,
3155 4624 3248 4679 sed
3283 4624 3524 4681 facillime
3553 4622 3809 4697 dijudicet
3837 4630 3882 4682 is

2313 4709 2400 4763 cui
2421 4708 2532 4763 suis
2563 4707 2676 4762 loca
2703 4704 2868 4760 oculis
2893 4722 3149 4778 usurpare
3172 4704 3311 4760 licet.
3339 4735 3413 4747 —
3437 4705 3496 4759 ln
3523 4704 3694 4759 verbis
3722 4702 3802 4759 ἐπὶ
3825 4704 3880 4760 a}

2313 4786 2446 4859 αὖτῷ
2471 4784 2812 4841 offendimus.
2851 4785 2984 4837 Nam
3013 4783 3058 4837 si
3080 4802 3142 4838 ea
3171 4783 3397 4856 explices
3425 4800 3440 4837 ι
3468 4782 3548 4838 ἐπὶ
3566 4781 3620 4838 Bi
3642 4780 3775 4855 αὖτῷ
3807 4786 3881 4855 τῷ

2310 4867 2474 4939 λιμένι
2490 4906 2506 4933 ,
2531 4866 2667 4920 mira
2692 4874 2772 4919 est
2793 4864 2990 4919 mentio
3015 4861 3238 4936 duplicis
3259 4862 3482 4930 Phielaeg
3505 4863 3586 4917 sin
3614 4862 3670 4915 in
3694 4862 3878 4931 graecis

2311 4944 2471 5001 fuisse
2493 4957 2642 5020 putes
2674 4962 2688 4999 τ
2722 4942 2801 5000 ἰπὶ
2840 4942 2892 4998 sl
2915 4942 3046 5017 αὗτῷ
3069 4948 3141 5017 τῷ
3169 4942 3330 5015 Φιέλᾳ
3354 4941 3505 5015 λόφος
3545 4940 3651 4995 ἐστὶ
3677 4940 3872 5009 ὕπτιος,

2311 5026 2366 5079 in
2387 5023 2814 5080 antecedentibus
2831 5022 3213 5078 nominativum
3238 5021 3452 5076 Phiela-5
3471 5020 3871 5093 exspectaveris.

2310 5106 2560 5178 Suspicor
2607 5103 2766 5160 fuisse
2809 5100 2882 5159 ἐπ’
2923 5102 3048 5175 αὐτῇ
3090 5100 3143 5159 δὲ
3185 5104 3250 5174 τῇ
3289 5100 3458 5174 Φιάλῃ
3476 5141 3492 5168 ,
3534 5099 3876 5171 Phialamque

2307 5202 2496 5240 censeo
2519 5182 2694 5239 locum
2732 5182 2889 5238 fuisse
2925 5179 3219 5253 cujusmodi
3251 5180 3362 5235 duo
3391 5176 3872 5251 Constantinopolis

2309 5264 2424 5319 loca
2449 5263 2638 5317 Φιάλαι
2661 5262 2803 5317 dicta
2816 5302 2833 5329 ,
2853 5260 2922 5316 de
2938 5260 3128 5333 quibus
3153 5258 3272 5315 vide
3305 5260 3637 5331 Ducangium
3661 5260 3716 5311 in
3735 5259 3850 5312 Con

2307 5354 2468 5399 stant.
2495 5343 2690 5398 Christ.
2715 5342 2790 5397 lib
2816 5359 2868 5407 α,
2898 5360 2953 5413 p,
2985 5345 3078 5395 161
3111 5350 3164 5394 et
3187 5340 3279 5395 lib.
3309 5341 3360 5405 3,
3386 5356 3442 5412 p.
3465 5356 3554 5394 αι.
3580 5337 3756 5393 Altera
3777 5335 3870 5391 ba·

2305 5441 2428 5477 rum
2454 5425 2664 5497 porticu
2698 5419 3016 5476 circumdata
3030 5430 3161 5485 crat,
3189 5418 3258 5473 ad
3293 5419 3508 5473 alteram
3543 5434 3670 5472 vero
3712 5414 3869 5487 βάθρα
