4584 6284
1886 523 1994 585 EX
2039 521 2460 584 STRABONIS
2509 520 2660 583 ΠΒ.
2701 520 2828 581 vll.

810 692 858 733 s.
903 667 1032 729 Ὅτι
1056 668 1288 747 Δροῦσος
1312 667 1341 723 ὃ
1376 660 1625 741 Τιὸερίου
1656 660 1780 727 παῖς
1800 660 2045 737 πολεμῶν
2072 654 2165 719 καὶ
2186 680 2285 717 κα-

731 761 927 841 τορθῶν
953 754 1078 837 περὶ
1104 754 1192 813 τὸν
1213 750 1401 823 Ῥῆνον
1434 746 1695 809 ἔτελεῦτα.

810 868 857 909 7.
899 841 1034 905 Ὅτι
1076 839 1241 920 διέχει
1275 842 1305 899 ὃ
1330 836 1517 911 Ῥῆνος
1544 834 1651 895 ἀπὸ
1668 838 1759 894 τοῦ
1786 829 2025 899 Ἄλὸιδος
2049 833 2290 908 ποταμοῦ

736 933 924 994 στάδια
946 953 994 1011 ,γ
1022 930 1404 1006 εὗθυποροῦντι.

818 1040 863 1080 8.
908 1015 1096 1078 Ὀτι·ὁ
1122 1012 1397 1093 Ἐρκῦνιος
1424 1008 1613 1093 δρυμὸς
1639 1006 1954 1088 πυκνότερός
1978 1002 2039 1064 τί
2061 1006 2173 1063 ἔστι
2200 1000 2294 1063 καὶ

740 1105 1145 1187 μεγαλόδενδρος
1171 1106 1223 1163 έν
1242 1100 1450 1183 χωρίοις
1474 1098 1708 1181 ἐρυμνοῖς
1726 1094 1915 1157 κύκλον
1950 1089 2294 1173 περιλαμόἀ-

740 1218 843 1254 νων
874 1190 1062 1272 μέγαν.
1148 1188 1241 1251 Ἐν
1272 1188 1415 1269 μέσῳ
1441 1185 1496 1247 δὲ
1519 1184 1725 1269 ἵδρυται
1761 1181 1911 1263 χώρα
1936 1181 2109 1246 καλῶς
2125 1179 2291 1238 οἰκεῖ-

739 1288 864 1343 σθαι
909 1279 1193 1357 δυναμένη.
1274 1272 1432 1337 Ἔστι
1464 1273 1519 1333 δὲ
1572 1270 1790 1344 πλησίον
1838 1271 1996 1341 αὗτῆς
2031 1266 2069 1339 ἥ
2102 1290 2160 1327 τε
2200 1269 2291 1325 τοῦ

744 1373 965 1452 Ἴστρου
994 1365 1140 1447 πηγὴ
1169 1362 1261 1424 καὶ
1286 1366 1321 1435 ἡ
1354 1367 1443 1422 τοῦ
1470 1360 1663 1434 Ῥήνου
1690 1356 1781 1417 καὶ
1807 1360 1843 1429 ἡ
1875 1351 2069 1433 μεταξὺ
2100 1355 2291 1435 ἀμφοῖν

745 1459 909 1537 λίμνη
936 1457 1028 1519 καὶ
1052 1454 1121 1515 τὰ
1139 1450 1325 1525 affre
1350 1454 1409 1511 ἐκ
1426 1455 1518 1510 τοῦ
1540 1446 1729 1519 Ῥήνου
1758 1442 2095 1524 διαχεόμενα.
2135 1439 2296 1522 Ἔχει

744 1550 794 1607 δ’
822 1551 857 1619 ἡ
884 1545 1046 1625 λίμνη
1074 1546 1168 1613 τὴν
1197 1536 1504 1621 περίμετρον
1532 1534 1721 1596 στάδια
1760 1555 1831 1613 ps.
1915 1528 2221 1611 Νοτιωτέρα
2249 1528 2297 1588 δ’

748 1632 856 1693 ἐστὶ
886 1636 990 1692 τῶν
1017 1634 1107 1691 τοῦ
1134 1624 1341 1709 Ἴστρου
1365 1626 1547 1705 πηγῶν
1573 1621 1665 1684 καὶ
1692 1620 1825 1694 αὕτη
1852 1618 1943 1679 καὶ
1966 1622 1995 1678 δ
2022 1616 2297 1697 Ἑρκύνιος

750 1720 940 1801 δρυμὸς
952 1764 973 1797 ,
1007 1716 1142 1777 ὥστε
1183 1712 1383 1793 ἀνάγκη
1410 1714 1499 1771 τὸν
1528 1710 1633 1772 ἀπὸ
1658 1713 1754 1783 τῆς
1783 1708 2046 1777 Κελτικῆς
2090 1704 2177 1767 ἐπὶ
2207 1702 2298 1767 τὸν

748 1810 1020 1891 Ἑρκύνιον
1062 1800 1255 1887 δρυμὸν
1284 1800 1429 1861 ἰόντα
1466 1802 1673 1880 πρῶτον
1712 1794 1809 1873 μὲν
1856 1795 2174 1875 διαπερᾶσαι
2199 1792 2296 1867 τὴν

745 1897 927 1975 λίμνην
944 1940 964 1973 ,
995 1892 1180 1953 ἔπειτα
1209 1888 1298 1949 τὸν
1321 1886 1528 1969 Ἴστρον
1542 1930 1562 1961 ,
1583 1876 1677 1947 εἰτ’
1700 1885 1805 1958 ἤδη
1830 1885 1896 1943 δι’
1918 1878 2304 1962 εὖπετεστέρων

741 1983 947 2067 χωρίων
974 1980 1061 2045 ἐπὶ
1089 1980 1176 2041 τὸν
1205 1976 1398 2062 δρυμὸν
1428 1977 1593 2037 ἐλθεῖν
1620 1974 1685 2032 δι’
1710 1970 2019 2053 ὀροπεδίων.

820 2094 870 2135 a.
910 2068 1045 2133 ‘Ort
1072 2068 1183 2131 ὶστὶ
1206 2064 1301 2128 καὶ
1330 2063 1486 2145 ἑτέρα
1525 2060 1628 2134 ὕλη
1669 2060 1877 2139 μεγάλη
1916 2060 1971 2117 ἐν
1997 2052 2265 2139 Γερμανίᾳ
2283 2099 2303 2135 ,

745 2164 789 2225 Γ
790 2160 1031 2243 αὸρῆτα,
1060 2156 1275 2218 ἕπίταδε
1300 2156 1403 2213 τῶν
1444 2148 1701 2225 Σουήὸων
1719 2193 1736 2221 ,
1770 2145 2012 2208 ἐπέκεινα
2039 2144 2085 2206 δ’
2117 2147 2146 2203 ὃ
2172 2142 2308 2223 Ἕρ-

748 2249 917 2317 κῦνιος
944 2244 1167 2329 δρυμός·
1192 2243 1371 2323 ἔχεται
1400 2235 1456 2300 δὶ
1481 2238 1719 2304 κάκεῖνος
1740 2236 1831 2294 ὑπ’
1855 2234 2047 2293 αὗτιῗιν.

830 2358 903 2397 ιο.
945 2330 1080 2397 Ὅτι
1114 2329 1349 2411 Κίμὸροι
1375 2330 1659 2388 καλοῦνται
1685 2326 1733 2383 οἰ
1760 2322 2153 2403 παρωκεανῗται
2183 2322 2313 2402 Γερ-

756 2422 911 2503 μανοὶ
928 2467 947 2503 ,
976 2418 1161 2489 οἵτινες
1186 2414 1535 2498 ἔστράτευσιίν
1558 2436 1686 2475 ποτε
1715 2414 1786 2479 εἰς
1810 2410 1908 2484 τὴν
1927 2412 2201 2473 Μαιῶτιν·
2218 2408 2312 2469 καὶ

755 2512 849 2570 ἀπ’
878 2510 1079 2581 αὐτῶν,
1106 2509 1177 2574 ὣς
1221 2504 1386 2578 ἔοικε,
1413 2502 1506 2562 καὶ
1550 2502 1599 2561 οἱ
1639 2502 1727 2561 τὸν
1753 2498 2021 2579 Βόσπορον
2057 2500 2316 2564 οἰκοῦντες

760 2597 1046 2677 Κιμμέριοι
1072 2592 1394 2666 ἰκλήθησαν,
1423 2580 1496 2649 ὃν
1515 2588 1606 2647 καὶ
1630 2583 1877 2666 Ὅμηρος
1912 2583 2198 2661 μέμνηται.
2242 2585 2314 2644 Οἱ

754 2686 811 2765 δὲ
837 2684 1103 2757 Ἕλληνες
1126 2680 1187 2742 τὸ
1210 2678 1375 2759 ὄνομα
1404 2676 1775 2745 σολοικίζοντες
1798 2670 2058 2752 λέγουσιν.

837 2793 907 2835 ιι.
946 2768 1079 2833 Ὅτι
1098 2775 1215 2835 ταῖς
1244 2769 1347 2827 τῶν
1382 2762 1637 2845 Κίμόρων
1661 2760 1899 2839 γυναιξὶ,
1930 2755 2314 2840 συστρατευοῦ·

764 2884 876 2927 σαις
914 2868 1023 2927 τοῖς
1054 2854 1275 2938 ἀνδράσι
1290 2898 1310 2927 ,
1342 2847 1767 2931 παρηκολούθουν
1796 2854 2036 2928 γυναῖκες
2073 2842 2316 2925 προμάν-

763 2969 857 3015 τεις
905 2945 1123 3028 ἱέρειαι,
1170 2938 1531 3021 πολιότριχες,
1574 2936 1944 3017 λευχείμονες,
1990 2928 2319 3013 καρπασίνας

758 3034 1074 3116 ἔφαπτρίδας
1087 3025 1601 3107 έπιπεπορπημέναι,
1624 3028 1811 3102 ζῶσμα
1820 3024 2056 3104 χαλκοῦν
2074 3020 2314 3098 ἔχουσαι,

763 3122 1071 3200 γυμνόποδες
1087 3143 1103 3159 ·
1130 3119 1239 3186 τοῖς
1274 3108 1364 3177 οὖν
1396 3112 1757 3197 αἰχμαλώτοις
1798 3110 1886 3172 διὰ
1916 3116 2005 3170 τοῦ
2034 3105 2319 3185 στρατοπέ·

762 3212 843 3272 ἴου
866 3208 1129 3282 συνήντων
1159 3204 1418 3289 ξιφήρεις·
1440 3200 1847 3281 καταστέψασαι
1877 3198 1922 3257 δ’
1944 3194 2131 3260 αὖτοὺς
2149 3240 2167 3271 ,
2190 3186 2317 3273 ἦγον

760 3296 839 3358 ἰπὶ
866 3301 1109 3377 κρατῆρα
1127 3292 1360 3373 χαλκοῦν
1390 3289 1511 3347 ὅσον
1540 3285 1821 3368 ἀμφορέων
1846 3284 2041 3345 εἴκοσιν
2058 3305 2073 3321 ·
2098 3272 2240 3361 εἶχον
2266 3281 2316 3339 δ’

758 3382 1084 3463 ἐναὸἄθραν,
1102 3380 1169 3455 ἣν
1189 3375 1435 3439 ἀναὸᾶσα
1454 3374 1483 3403 ’
1502 3371 1803 3453 ὓπερπετὴς
1818 3375 1914 3431 τοῦ
1929 3367 2152 3441 λέὸητος
2174 3370 2321 3427 ἐλαι-

766 3470 979 3548 αοτόμει
1005 3468 1225 3530 ἕκαστον
1256 3460 1673 3546 μετεωρισθέντα
1691 3483 1707 3499 ·
1736 3463 1797 3521 ἐκ
1820 3456 1876 3518 δὲ
1906 3463 1997 3519 τοῦ
2031 3452 2322 3537 προχεομέ-

777 3577 855 3619 tou
882 3554 1101 3637 αἵματος
1126 3556 1198 3623 εἰς
1220 3552 1311 3614 τὸν
1333 3553 1572 3634 κρατῆρα
1595 3545 1847 3627 μαντείαν
1874 3544 2283 3605 τινὰέποιοῦντο
2301 3564 2318 3579 ·

770 3645 926 3707 ἰλλαι
958 3643 1015 3705 δέ
1058 3641 1397 3724 διασχίσασαι
1423 3636 1836 3719 ἑσπλᾶγχνευον,
1866 3632 2320 3716 ἀναφθεγγόμεναι

801 3735 915 3809 ίκην
953 3742 1061 3802 τοῖς
1082 3730 1304 3799 οἰκείοις.
1382 3728 1476 3787 Ἔν
1519 3725 1575 3787 δὲ
1597 3733 1704 3795 τοῖς
1744 3726 1940 3807 ἀγῶσιν
1970 3720 2191 3783 ἔτυπτον
2223 3718 2320 3787 τὰς

776 3822 967 3904 Βύρσας
1007 3822 1100 3889 τὰς
1123 3816 1531 3902 περιτεταμένας
1556 3822 1662 3881 τοῖς
1688 3812 1889 3895 γέρροις
1912 3813 2017 3872 τῶν
2063 3810 2318 3891 ἀρμαμα·

779 3907 898 3984 ξῶν,
924 3906 1062 3969 ὥστε
1088 3908 1450 3969 ἀποτελεῖσθαι
1467 3901 1629 3986 ψόφον
1657 3900 1904 3969 ἐξαίσιον.

853 4018 927 4060 12.
968 3994 1100 4059 Ὀτι
1129 3997 1178 4056 οἱ
1204 3992 1424 4055 παλαιοὶ
1446 3987 1707 4064 Ἕλληνες
1730 3986 1851 4056 τοὺς
1878 3986 2047 4054 Γέτας
2075 3985 2167 4045 καὶ
2204 3982 2324 4050 τοὺς

779 4083 992 4153 Μυσοὺς
1007 4129 1025 4159 ,
1056 4086 1323 4151 οἰκοῦντας
1359 4081 1481 4161 περὶ
1528 4080 1615 4139 τὸν
1642 4074 1856 4159 Ἴστρον
1872 4120 1891 4151 ,
1941 4074 2157 4156 Θρᾷκας
2204 4073 2328 4130 bm-

779 4174 1042 4252 ιάμὸανον
1055 4216 1075 4249 ,
1104 4170 1199 4232 καὶ
1230 4169 1477 4237 ἀποίκους
1502 4169 1606 4227 τῶν
1647 4166 1709 4226 lx
1735 4164 1955 4248 Θρᾴκης
1988 4163 2188 4223 Μυσῶν
2212 4156 2329 4225 τοδς

777 4268 827 4324 ἐν
845 4267 913 4344 τῇ
950 4260 1100 4345 Ἀσίᾳ
1122 4262 1389 4325 οἰκοῦντας
1410 4253 1603 4334 μεταξὺ
1630 4254 1864 4335 Φρυγῶν
1891 4248 1984 4309 καὶ
2018 4248 2203 4309 Λυδῶν
2237 4245 2330 4305 καὶ

772 4350 969 4433 Τρώων
985 4375 998 4388 ·
1025 4348 1116 4408 καὶ
1146 4342 1300 4406 αὐτοὶ
1324 4344 1379 4405 δὲ
1408 4344 1457 4403 οἰ
1483 4338 1696 4425 Φρύγες
1721 4336 1913 4421 Βρίγες
1930 4330 2031 4395 εἰσὶ
2048 4378 2066 4411 ,
2095 4327 2332 4413 Θρᾴκιόν

772 4462 821 4497 τι
850 4438 1021 4505 ἔθνος·
1071 4435 1312 4513 καθάπερ
1340 4428 1432 4491 καὶ
1469 4426 1744 4509 Μυγδόνες
1787 4424 1881 4485 καὶ
1933 4421 2194 4505 Βέὸρυκες
2240 4414 2336 4478 καὶ

774 4523 1150 4587 Μαιδοόιθυνοί
1173 4520 1266 4582 καὶ
1287 4517 1498 4580 Βιθυνοὶ
1521 4518 1616 4580 καὶ
1642 4515 1809 4577 Θῦνοι
1830 4511 1925 4572 καὶ
1950 4503 2332 4593 Μαριανδυνοί·

776 4618 889 4675 ἀλλ’
923 4604 1065 4675 οὗτοι
1103 4608 1197 4692 μὲν
1245 4607 1433 4676 τελέως
1477 4606 1575 4680 τὴν
1614 4600 1881 4683 Εὐρώπην
1924 4598 2155 4669 ἐξέλιπον
2194 4593 2334 4667 πλὴν

780 4706 1003 4775 Μυσῶν,
1042 4692 1116 4761 ὧν
1160 4698 1252 4759 καὶ
1293 4694 1541 4776 Ὄμηρος
1589 4690 1847 4771 ζμνήσθη.
1936 4686 2048 4750 Καὶ
2094 4684 2199 4767 γάρ
2233 4680 2335 4744 εἰσί

778 4814 908 4857 τινες
935 4794 1040 4849 τῶν
1065 4786 1232 4865 ταύτῃ
1256 4786 1484 4867 Θρακῶν
1503 4779 1598 4842 καὶ
1618 4782 1820 4842 Μυσῶν
1851 4773 2170 4855 ἀπεχόμενοι
2191 4792 2336 4851 κρεο-

779 4876 969 4957 φαγίας
1013 4872 1106 4934 καὶ
1145 4872 1317 4951 γάμου
1368 4868 1453 4931 διὰ
1498 4866 1773 4938 ὁσιότητα·
1815 4862 1902 4931 οὓς
1927 4860 2073 4942 λέγει
2104 4854 2333 4939 ἀγαυοὺς

778 4958 1203 5041 Ἱππημολγοὺς,
1227 4954 1663 5039 Γαλακτοιρᾶγους
1684 4950 1890 5018 Ἀὅίους
1917 4973 2003 5020 τε,
2028 4948 2169 5007 τοῦτ’
2192 4948 2334 5014 ἔστιν

779 5050 1044 5131 ἀγάμους,
1078 5047 1199 5107 ἀνευ
1236 5041 1574 5123 συμὸιῶσεως
1596 5042 1887 5118 γυναικῶν·
1928 5033 2021 5096 καὶ
2047 5031 2334 5112 συμὸαίνει

778 5141 953 5206 αὐτοῖς
980 5139 1368 5215 δικαιοπραγεῖν
1392 5130 1479 5191 διὰ
1503 5128 1565 5189 τὸ
1594 5127 1822 5199 πένητας
1844 5116 2000 5184 εἶναι.
2087 5119 2248 5187 Εἰκὸς
2275 5116 2334 5179 δὲ

790 5224 3040 5275 -μῳ--ῄ--ῥ-ᾲ-

786 5308 949 5377 ΙῙ-7ο
962 5322 1021 5375 p.
1039 5320 1165 5374 292,
1182 5299 1449 5371 110041-
1461 5300 1515 5353 8.
1532 5314 1585 5369 p.
1605 5310 1732 5366 292,
1748 5296 1817 5351 B.
1834 5289 1928 5345 εἶτ’
1943 5288 2039 5359 ἤδη
2054 5288 2119 5342 δι’
2140 5286 2336 5342 stmu-

781 5382 985 5453 ἀτέρων]
1001 5379 1136 5453 εἴπερ
1152 5380 1235 5433 δεῖ
1246 5378 1311 5431 δι’
1328 5374 1709 5449 εὐπρεπεστέρων
1726 5370 1959 5441 cod.}l-
1970 5386 2019 5439 9.
2036 5384 2095 5440 p.
2116 5379 2240 5436 29²»
2262 5366 2334 5419 D.

3807 530 3920 583 5⁶⁴1

2450 659 2504 711 6.
2543 657 2750 709 Drusus
2769 653 2971 709 Tiberii
2997 652 3136 709 filins
3152 693 3168 720 ‚
3193 654 3386 709 bellum
3415 654 3552 709 felici
3577 672 3820 711 successu
3845 674 3932 727 ge-

2380 758 2503 795 rens
2528 756 2693 815 prope
2727 739 2972 795 Rhenum
2999 739 3154 795 obiit.

2453 844 2506 897 7.
2561 827 2779 881 Rhenus
2830 824 2900 881 ab
2938 824 3061 881 Albi
3121 826 3286 881 fluvio
3338 827 3495 881 distat
3559 826 3740 881 stadiis
3800 829 3938 885 3000

2380 924 2520 969 recta
2543 914 2913 987 proficiscenti.

2452 1005 2506 1059 8.
2544 1002 2686 1057 Silva
2724 1002 2992 1073 Hercynia
3033 998 3250 1058 densior
3293 1012 3368 1056 est
3419 1012 3473 1057 et
3507 1004 3709 1074 magnis
3742 1007 3941 1060 consita

2382 1094 2660 1151 arboribus
2681 1105 2734 1149 et
2744 1094 2962 1149 munitis
2987 1094 3046 1149 in
3059 1092 3188 1149 locis
3205 1095 3470 1166 ingentem
3493 1094 3752 1151 ambitum
3777 1096 3942 1151 inclu-

2381 1193 2479 1251 dit.
2552 1196 2616 1247 In
2653 1190 2828 1247 medio
2859 1193 2958 1246 sita
2997 1191 3146 1263 regio
3187 1202 3297 1256 est,
3329 1208 3448 1264 quae
3473 1192 3692 1265 pulchre
3719 1164 3941 1249 habitari

2382 1296 2575 1361 potest.
2649 1286 2759 1339 Nec
2785 1284 2939 1357 longe
2961 1284 3029 1339 ab
3055 1284 3159 1339 bac
3180 1284 3377 1339 distant
3399 1285 3524 1339 Istri
3550 1304 3612 1340 ac
3637 1286 3807 1341 Rheni
3835 1285 3946 1340 fon·

2384 1393 2464 1435 tes
2504 1389 2558 1433 et
2604 1378 2744 1431 lacus
2771 1377 2908 1431 inter
2935 1386 3224 1448 utrumque
3249 1373 3564 1447 interjacens
3586 1386 3640 1431 et
3665 1375 3733 1431 de
3759 1378 3944 1433 Rheno

2390 1468 2570 1526 ess'usae
2607 1468 2844 1543 paludes.
2917 1470 3090 1524 Lacus
3149 1467 3409 1523 ambitum
3451 1468 3614 1523 habet
3655 1467 3948 1525 stadiorum

2389 1569 2514 1629 300.
2589 1572 2684 1624 Est
2739 1578 2914 1622 autem
2963 1564 3245 1621 australior
3291 1564 3384 1621 hic
3419 1565 3564 1621 lacus
3607 1584 3767 1641 quam
3823 1576 3949 1623 sunt

2390 1670 2515 1725 Istri
2543 1668 2713 1723 fontes
2739 1677 2793 1721 et
2817 1666 2928 1739 ipsa
2962 1662 3089 1718 silva
3117 1663 3378 1737 Hercynia
3395 1702 3412 1729 ,
3439 1673 3500 1718 ut
3523 1682 3733 1720 necasse
3757 1686 3787 1721 e
3815 1668 3942 1724 Gal·

2396 1768 2464 1823 lia
2489 1765 2558 1822 ad
2597 1766 2780 1821 silvam
2819 1762 3136 1835 Hercyniam
3171 1760 3522 1835 proficiscenti
3570 1762 3746 1836 primo
3781 1764 3950 1821 lacum

2396 1866 2543 1920 bunc
2569 1862 2808 1937 trajicere
2825 1902 2840 1918 .
2875 1878 3008 1916 mox
3034 1862 3261 1924 Istrum,
3286 1869 3340 1915 et
3363 1857 3559 1915 deinde
3596 1876 3692 1933 per
3721 1858 3952 1917 faciliora

2397 1964 2515 2020 loca
2531 1973 2908 2033 montanasque
2927 1959 3166 2033 planities
3187 1958 3256 2013 ad
3277 1958 3458 2014 silvam
3477 1958 3647 2033 ipsam
3667 1960 3950 2034 progredi.

2471 2083 2526 2135 9.
2565 2062 2682 2119 Alia
2707 2063 2864 2117 etiam
2891 2062 2949 2114 in
2981 2058 3279 2131 Germania}
3301 2068 3382 2114 est
3403 2058 3534 2113 silva
3575 2059 3790 2131 ingens,
3844 2062 3952 2117 Ga·

2398 2153 2552 2208 breta
2577 2150 2812 2215 nomine,
2839 2150 2972 2205 citra
2995 2150 3194 2203 Suevos
3207 2148 3323 2214 sita,
3349 2146 3486 2202 ultra
3511 2164 3646 2219 quos
3665 2158 3744 2202 est
3769 2148 3957 2223 Hercy-

2400 2240 2486 2294 nia
2511 2238 2666 2305 silva,
2697 2254 2814 2310 quoe
2833 2247 3008 2291 tamen
3030 2246 3084 2291 et
3107 2236 3220 2307 ipsa
3239 2232 3308 2289 ab
3333 2234 3446 2289 istis
3472 2243 3700 2291 tenetur.

2479 2344 2562 2381 ιο.
2604 2324 2808 2381 Cimbri
2857 2321 3188 2396 appellantur
3217 2322 3469 2376 Germani
3505 2318 3660 2392 juxta
3685 2323 3954 2379 Oceanum

2401 2417 2710 2481 habitantes,
2733 2414 2824 2487 qui
2846 2429 3014 2485 usque
3035 2410 3103 2466 ad
3120 2410 3334 2465 Moeotin
3347 2409 3630 2483 aliquando
3647 2411 3806 2466 armis
3829 2429 3958 2485 pro-

2402 2506 2562 2579 gressi
2582 2514 2724 2561 sunt.
2797 2502 2881 2557 Ab
2903 2500 2987 2556 bis
3005 2502 3098 2573 qui
3114 2502 3408 2572 Bosporum
3429 2499 3668 2553 incolunt
3687 2499 3957 2556 Cimmerii

2406 2594 2648 2650 videntur
2665 2608 2860 2646 nomen
2884 2590 3128 2656 traxisse,
3147 2604 3378 2659 quorum
3395 2587 3554 2641 etiam
3571 2588 3834 2643 nomm-ns
3851 2605 3959 2645 me·

2404 2684 2560 2739 minit
2572 2702 2590 2749 3
2611 2698 2734 2737 nam
2753 2677 2926 2734 Graeci
2947 2675 3240 2733 soloeeismo
3265 2674 3370 2729 boc
3390 2691 3588 2729 nomen
3613 2675 3685 2729 ita
3705 2673 3956 2732 esserunt.

2482 2787 2568 2827 11.
2606 2766 2948 2823 Cimbrorum
2969 2780 3162 2819 uxores
3184 2761 3310 2815 viris
3335 2761 3392 2816 in
3413 2758 3676 2816 militandi
3716 2762 3962 2819 societate

2405 2862 2713 2936 conjunctas
2754 2866 2897 2911 vates
2927 2851 3171 2928 quedam
3199 2850 3586 2908 comitabantur
3625 2869 3768 2906 canae
3779 2891 3797 2918 ,
3839 2851 3960 2907 albo

2409 2959 2598 3013 vestitu
2612 2995 2629 3023 ,
2677 2952 2962 3009 carbasinis
3001 2948 3244 3022 supparis
3281 2945 3508 3019 desuper
3546 2944 3721 3001 fibulis
3753 2945 3924 3002 affixis
3939 2986 3958 3015 ,

2406 3052 2586 3105 cinctu
2607 3062 2742 3102 aereo
2758 3083 2775 3111 ,
2806 3042 3032 3117 pedibus
3067 3038 3246 3094 nudis.
3318 3036 3405 3091 Ee
3437 3036 3657 3109 captivis
3680 3055 3774 3110 per
3795 3047 3964 3093 castra

2405 3142 2598 3197 strictis
2637 3136 2985 3193 occurrebant
3025 3132 3238 3187 ensibus
3251 3168 3268 3196 ,
3310 3130 3628 3201 vittatosque
3655 3126 3723 3183 ad
3767 3146 3964 3211 erengi

2407 3243 2659 3287 craterem
2690 3225 3023 3282 adducebant
3037 3262 3054 3290 ,
3085 3222 3271 3293 viginti
3293 3218 3670 3293 amphorarum
3696 3236 3960 3291 capacem.

2405 3324 2685 3381 Habebunt
2703 3333 2759 3377 et
2790 3319 3082 3393 pulpitum,
3110 3332 3220 3389 quo
3241 3331 3528 3371 conscenso
3548 3324 3688 3367 vates
3721 3312 3966 3368 sublimis

2405 3440 2563 3496 supra
2585 3420 2807 3476 lebetem
2835 3416 3045 3471 elevatis
3065 3422 3250 3485 guttur
3271 3409 3564 3475 incidebat;
3587 3420 3698 3463 tum
3716 3426 3747 3462 e
3773 3408 3890 3463 suso
3909 3410 3968 3463 in

2407 3530 2665 3576 craterem
2703 3515 2956 3586 sanguine
2981 3528 3135 3565 suam
3161 3508 3446 3581 captabant
3475 3503 3740 3578 quandam
3767 3504 3971 3560 divina·

2410 3620 2643 3683 tionem;
2681 3614 2798 3669 aliae
2821 3612 2984 3667 scisso
3027 3616 3207 3663 ventre
3233 3604 3478 3660 intestina
3503 3601 3830 3676 spectabant,
3855 3602 3968 3657 suis

2410 3716 2684 3771 victoriam
2723 3709 3086 3765 vaticinantes.
3159 3706 3222 3758 In
3259 3702 3386 3775 ipsis
3427 3717 3556 3754 vero
3591 3698 3967 3755 certaminibus

2411 3823 2688 3891 praetentas
2717 3824 2990 3865 carrorum
3014 3801 3245 3859 cratibus
3268 3798 3425 3873 pelles
3449 3799 3610 3853 tantis
3635 3796 3826 3851 ictibus
3849 3796 3968 3869 pul-

2413 3909 2628 3975 sabant,
2657 3916 2718 3961 ut
2738 3906 2920 3975 ingens
2944 3900 3120 3972 fragor
3151 3897 3462 3953 efficeretur.

2489 4024 2574 4064 ια.
2613 4006 2834 4059 Veteres
2854 4000 3026 4055 Graeci
3047 4000 3227 4069 Mysos
3252 4006 3305 4050 et
3327 3996 3484 4050 Getas
3499 4034 3517 4059 ,
3538 3994 3632 4066 qui
3663 3994 3860 4047 Istrum
3891 4009 3973 4047 ac-

2415 4087 2612 4147 colunt,
2631 4082 2862 4138 Thraces
2882 4096 2994 4133 esse
3014 4076 3446 4131 existimaverunt
3462 4111 3479 4139 ,
3499 4074 3738 4143 itemque
3757 4070 3974 4125 colonos

2417 4170 2690 4239 Mysorum
2709 4158 2948 4213 Thraciae
2974 4172 3086 4210 esse
3121 4172 3240 4217 eos,
3265 4154 3360 4224 qui
3389 4152 3446 4205 in
3468 4151 3592 4206 Asia
3635 4152 3772 4203 inter
3807 4148 3974 4221 Phry-

2419 4264 2508 4319 gas
2551 4254 2604 4297 et
2657 4238 2832 4313 Lydos
2872 4245 2927 4290 et
2961 4233 3221 4304 Trojanos
3255 4231 3512 4285 habitant.
3589 4228 3734 4297 Quin
3780 4238 3834 4281 et
3874 4228 3971 4298 ipsi

2419 4324 2649 4396 Phryges
2669 4321 2861 4391 Bryges
2877 4324 3008 4369 sunt
3021 4354 3038 4377 ,
3062 4328 3188 4383 gens
3201 4308 3456 4365 Thracica
3471 4348 3486 4372 ,
3515 4308 3653 4361 sicut
3670 4316 3722 4359 et
3747 4303 3974 4376 Mygdo-

2422 4421 2514 4458 nes
2539 4412 2593 4455 et
2611 4397 2866 4469 Bebryces
2888 4404 2942 4448 et
2961 4387 3344 4462 Maedobitbyni
3379 4396 3434 4441 et
3461 4385 3676 4458 Bithyni
3703 4393 3757 4438 ct
3793 4383 3970 4455 Thyni

2421 4494 2475 4540 et
2500 4475 2852 4550 Mariandyni.
2927 4470 3031 4527 Sed
3056 4471 3114 4525 bi
3140 4486 3322 4524 omnes
3343 4469 3611 4538 Europam
3634 4480 3850 4536 prorsus
3883 4462 3974 4517 de-

2423 4578 2630 4619 seruere
2653 4566 2843 4633 proeter
2865 4555 3044 4626 Mysos
3058 4589 3076 4616 ,
3103 4566 3331 4623 quorum
3369 4548 3526 4601 etiam
3557 4544 3820 4599 Homerus
3859 4560 3972 4596 me-

2422 4644 2596 4699 minit.
2668 4640 2803 4693 Sunt
2821 4636 2964 4690 enim
2983 4628 3220 4687 nonnulli
3236 4647 3269 4684 e
3286 4624 3579 4682 Thracibus
3596 4622 3695 4678 illis
3715 4632 3768 4677 et
3785 4623 3969 4694 Mysis,

2422 4724 2514 4797 qui
2537 4741 2570 4777 a
2594 4706 2828 4776 carnium
2847 4732 2940 4769 ean
2967 4722 3022 4767 et
3042 4710 3239 4783 nuptiis
3264 4706 3334 4763 ob
3354 4704 3660 4776 religionem
3687 4701 3967 4768 abstinent,

2422 4821 2556 4878 quos
2583 4798 2802 4873 appellat
2833 4795 2943 4867 ipss
2978 4789 3198 4863 inclytos
3235 4782 3640 4859 Hippomolgos,
3681 4780 3970 4851 [netopha-

2421 4901 2512 4956 gos
2527 4922 2544 4951 ,
2570 4880 2762 4944 Abios,
2787 4872 2844 4929 id
2864 4883 2943 4929 est
2958 4910 2974 4937 ,
3005 4868 3236 4925 caelibem
3257 4864 3452 4937 absque
3473 4858 3782 4916 mulieribus
3811 4860 3970 4912 vitam

2421 4971 2650 5034 agentes.
2746 4954 2834 5009 Fit
2867 4960 3041 5007 autem
3080 4957 3170 5013 ut,
3219 4961 3384 5017 quum
3422 4957 3680 5015 pauperes
3738 4937 3793 4992 hi
3835 4936 3968 5002 sint,

2419 5041 2702 5117 justissime
2726 5038 2920 5090 vivant.
2993 5025 3290 5082 Verisimile
3315 5033 3394 5078 est
3409 5019 3681 5077 Zamolxin
3707 5016 3970 5089 posterio-

2421 5121 2568 5177 ribus
2602 5115 2786 5173 seculis
2812 5108 3123 5187 persuasisse
3160 5105 3336 5169 Getis,
3363 5111 3425 5156 ut
3451 5098 3848 5171 Pythagor-icam
3893 5094 3973 5146 vi-

2428 5282 2451 5351 ΙΙ
2463 5308 2535 5321 -
2549 5293 2632 5333 ιο.
2647 5292 2702 5347 p.
2719 5271 2840 5343 293,
2861 5270 3018 5327 BCD.
3030 5266 3132 5338 11-
3147 5280 3232 5318 11.
3246 5279 3304 5334 p.
3325 5261 3449 5333 294,
3469 5262 3542 5314 A.
3561 5252 3713 5327 ἦγον]
3728 5251 3868 5325 ἡγὰρ
3881 5269 3972 5305 co·

2425 5358 2548 5415 dex.
2564 5360 2700 5412 Ante
2711 5344 2972 5423 ὓπερπετὴς
2982 5343 3233 5401 excidisse
3249 5338 3453 5395 videtur
3468 5336 3501 5405 ἡ
3520 5338 3768 5409 προφῆτις.
3777 5334 3968 5406 ΙΙ-ια,
