4584 6284
709 455 822 507 594
2091 444 2487 507 PRlSCIANI

695 568 802 623 hoc
821 568 988 623 fuscat
1007 568 1186 622 niveas
1204 609 1220 636 ,
1243 568 1346 623 hoe
1367 568 1508 623 albat
1530 570 1730 641 gurgite
1753 571 1944 640 nigras.

697 654 940 709 Locridis
961 653 1087 709 inde
1108 654 1280 709 solum
1301 656 1538 727 sequitur
1553 655 1778 727 regionis
1797 696 1812 718 ‚
1841 666 1896 711 ct
1925 673 2018 710 ora

693 741 954 797 Thessalis
969 782 983 807 ,
1015 754 1068 797 et
1089 742 1242 798 tellus
1267 744 1534 799 Macetum
1557 761 1678 798 cum
1703 745 1963 799 moenibus
1983 745 2100 799 altis
2127 760 2141 798 :

693 830 794 884 sub
816 829 966 903 cnjus
987 830 1223 903 scopulis
1250 841 1518 900 tangentes
1541 832 1734 886 vertice
1760 832 1942 887 caelum

545 921 664 973 485
693 917 955 991 speluncae
982 920 1172 973 veteris
1201 930 1412 973 servant
1429 920 1650 991 insignia
1667 920 1825 975 cladis
1848 938 1862 973 :

693 1006 888 1063 finibus
911 1009 966 1062 in
987 1006 1180 1063 mediis
1201 1018 1460 1063 terrarum
1480 1026 1709 1081 namque
1733 1010 1977 1063 videntur

693 1106 868 1151 ostrea
888 1096 1184 1151 muricibus
1205 1098 1393 1151 siccata
1413 1097 1694 1152 latentibus
1713 1116 1852 1163 esse3

693 1181 956 1237 diluvium
980 1182 1203 1237 latebras
1222 1181 1437 1237 dederat
1460 1182 1604 1256 quod
1623 1185 1850 1257 piscibus
1870 1186 2000 1240 illas.

694 1270 941 1344 Concipit
957 1279 1015 1324 et
1029 1272 1172 1343 parit
1198 1270 1286 1325 hic
1307 1281 1508 1326 naturae
1531 1289 1754 1327 munere
1773 1291 2003 1343 gemma,

546 1360 665 1413 440
693 1374 856 1429 quam
881 1359 1138 1429 paeaniten
1165 1357 1468 1431 perhibent3
1496 1360 1886 1432 pregnantibus
1914 1362 2012 1415 ista

692 1445 947 1499 auxilium
974 1444 1209 1511 confert,
1235 1444 1394 1499 facilis
1416 1447 1728 1502 relevamine
1749 1458 1951 1519 partus.

538 1528 664 1606 (ιι-8)
693 1530 944 1585 Cernitur
966 1530 1092 1585 hinc
1118 1532 1294 1585 niveas
1318 1533 1557 1589 attollens
1582 1536 1774 1589 vertice
1795 1552 1952 1605 rupes

693 1618 880 1672 AEmus
897 1618 1171 1673 Threicius
1181 1639 1198 1685 ;
1224 1636 1380 1691 quem
1409 1631 1591 1675 contra
1608 1620 1845 1676 tenditur
1863 1621 1998 1691 agris

693 1701 772 1770 ad,
786 1704 1074 1777 zephyrum
1099 1706 1244 1776 regio
1267 1706 1517 1762 Dodones
1539 1707 1641 1762 lata
1659 1707 1862 1765 feracis.

547 1793 664 1844 445
696 1787 785 1843 Ad
810 1788 959 1861 cujus
979 1790 1148 1845 notias
1168 1802 1367 1863 partes,
1389 1793 1488 1848 sub
1507 1810 1640 1866 rupe
1664 1792 1981 1865 Aracynthi,

697 1876 880 1932 AEtoloe
906 1879 1072 1949 gentis
1099 1890 1224 1934 sunt
1244 1878 1364 1934 belli
1387 1879 1538 1936 laude
1563 1883 1789 1955 potentis

695 1964 902 2037 campi,
933 1983 1064 2037 quos
1091 1964 1293 2019 medios
1319 1966 1569 2023 Acheloia
1587 1979 1822 2041 persecat
1846 1966 1992 2021 unda
2009 2008 2024 2035 ‚

538 2040 666 2122 (tas)
697 2063 750 2107 et
768 2072 916 2109 mare
937 2054 1262 2109 Trinacrium
1283 2058 1575 2129 perrumpit
1604 2055 1900 2111 Echinadas
1921 2056 2081 2111 intra.

695 2144 884 2215 Regna
911 2142 1233 2216 Cephallenae
1253 2160 1419 2216 prope
1439 2155 1564 2199 sunt
1588 2147 1834 2218 sapientis
1857 2144 2020 2200 Ulixi.

551 2230 668 2285 450
697 2232 805 2286 Ista
831 2230 1102 2303 galactiten
1127 2231 1256 2304 ripis
1278 2232 1507 2288 ostendit
1529 2235 1584 2288 in
1607 2234 1722 2289 altis
1749 2251 1763 2288 :

696 2317 954 2375 uberibus
979 2318 1218 2394 prodest,
1239 2338 1336 2375 nec
1362 2340 1472 2378 non
1497 2322 1784 2378 inflantibus
1803 2323 1978 2389 idem'3

697 2409 813 2463 etsi
838 2408 958 2481 quis
980 2420 1117 2464 terat
1134 2410 1307 2477 hunc,
1337 2409 1546 2466 albescit
1563 2411 1694 2467 lacte
1715 2412 2025 2485 liquescens,

698 2497 861 2551 Hunc
881 2498 1104 2553 fluvium
1124 2496 1276 2571 juxta
1295 2538 1310 2565 ‚
1339 2500 1610 2571 praeclaros
1637 2500 1760 2557 solis
1787 2501 1853 2556 ad
1881 2511 2032 2555 ortus
2047 2544 2064 2566 ,

697 2583 890 2638 Phocis
911 2582 982 2639 ad
1004 2594 1210 2639 arctoos
1237 2596 1414 2639 ventos
1441 2584 1738 2641 extenditur
1762 2587 1944 2659 ingens
1959 2628 1977 2653 ,

549 2679 666 2732 455
697 2665 872 2725 donec
897 2671 1168 2742 contingat
1193 2669 1358 2726 calida
1383 2672 1514 2727 ostia
1533 2672 2004 2746 Thermopylarum
2019 2715 2035 2738 ‚

696 2753 952 2828 subjuga
977 2759 1254 2827 Parnassi,
1281 2759 1526 2831 Cephisso
1553 2760 1755 2831 gurgite
1775 2777 1968 2832 magno

531 2840 616 2923 (44
625 2845 667 2923 3)
697 2860 860 2916 quum
887 2844 1120 2900 mediam
1138 2845 1342 2901 dirimit
1355 2887 1374 2918 ,
1399 2845 1716 2902 descendens
1739 2866 2014 2901 murmure
2036 2858 2180 2904 vasto
2212 2864 2226 2901 ε

697 2947 804 3003 qua
822 2931 1080 3003 templum
1106 2932 1292 2987 Phoebi
1313 2933 1674 2999 memorabile,
1701 2934 1954 3007 Delphica
1975 2934 2142 2989 sedes.

541 3018 664 3096 (407)
767 3018 929 3072 Nunc
949 3036 1143 3089 magno
1162 3019 1317 3074 nobis
1337 3031 1462 3075 suut
1485 3018 1663 3074 insulae
1690 3038 1783 3073 ore
1808 3019 2056 3074 canendae
2068 3060 2086 3087 ,

548 3107 670 3161 460
697 3120 832 3175 quas
861 3104 1107 3159 homines
1117 3112 1241 3159 ‘toto
1265 3103 1520 3177 dispersas
1539 3124 1750 3177 aequore
1775 3116 2018 3162 cernunt.

516 3196 530 3266 J
695 3190 798 3243 Est
822 3191 990 3261 igitur
1009 3201 1180 3263 ponto
1200 3190 1352 3245 tellus
1369 3194 1677 3247 circumflua
1697 3194 1868 3265 prima
1883 3232 1900 3259 ,

537 3267 666 3351 (sto)
696 3276 786 3330 cui
813 3294 1014 3331 nomen
1041 3276 1226 3332 Gadis.
1259 3276 1460 3332 Statuas
1481 3279 1591 3333 haec
1611 3279 1851 3334 Herculis
1870 3282 2008 3334 inter

700 3382 732 3417 a
758 3365 940 3437 Tyriis
969 3366 1182 3431 colitur,
1213 3366 1463 3421 Cotinusa
1489 3378 1674 3421 vocata
1699 3370 1936 3424 vetustis.

543 3430 670 3507 (¹⁶⁷)
700 3452 1067 3525 continuoque
1086 3449 1268 3524 jacent
1285 3452 1608 3523 Gymnesiae3
1629 3452 1724 3507 bas
1741 3453 1976 3508 Baleares

553 3532 669 3585 465
701 3538 932 3594 Romani
957 3550 1283 3607 memorant;
1306 3539 1437 3595 hinc
1457 3538 1714 3612 frangitur
1741 3558 1920 3613 aequor
1944 3540 2143 3598 Ebuso.

699 3626 956 3681 Sardiniae
977 3638 1100 3700 post
1123 3645 1284 3700 quam
1307 3626 1493 3701 pelago
1513 3630 1820 3684 circumflua
1841 3628 1991 3684 tellus

700 3710 940 3768 sontibus
961 3732 992 3768 e
1013 3712 1232 3787 liquidis
1253 3714 1454 3787 praebet
1479 3716 1730 3770 miracula
1755 3715 1997 3783 mundo„

699 3802 848 3873 quod
871 3812 1060 3857 sanant
1075 3801 1242 3857 oculis
1263 3820 1463 3874 aegros,
1489 3803 1846 3877 damnantque
1868 3804 2098 3862 nefando

697 3889 944 3963 perjuros
969 3889 1143 3959 fiirto,
1173 3908 1309 3963 quos
1331 3901 1476 3947 tacto
1500 3893 1718 3948 flumine
1755 3905 1974 3950 caeoent.

551 3973 670 4025 470
699 3978 828 4032 Post
853 3994 1012 4048 quam
1035 3994 1146 4031 non
1165 3977 1321 4050 longe
1341 3990 1636 4035 cernuntur
1653 3980 1808 4036 litora
1830 3983 1993 4055 Cyrni
2007 4023 2024 4047 ,

540 4043 670 4125 (¹⁶⁹)
699 4063 923 4119 Corsida
947 4082 1109 4137 quam
1135 4067 1336 4139 pariter
1357 4069 1623 4139 geminato
1645 4069 1861 4125 nomine
1877 4069 2082 4129 dicunt.

699 4150 853 4205 Hanc
875 4150 1038 4206 solam
1067 4152 1355 4225 perhibent
1371 4154 1668 4209 catochiten
1698 4156 1911 4227 gignere
1934 4166 2164 4215 terram:

701 4239 1016 4313 corporibus
1037 4240 1168 4313 lapis
1193 4240 1283 4295 hic
1303 4259 1398 4295 ceu
1423 4242 1623 4315 glutine
1649 4254 1818 4299 tactus
1845 4244 2096 4301 adhaeret.

559 4328 675 4407 (teo)
701 4326 858 4383 Nulla
874 4339 1050 4383 tamen
1076 4328 1228 4383 tellus
1249 4328 1498 4385 altissima
1523 4329 1717 4385 robora
1743 4332 1884 4386 silvae

557 4417 672 4470 475
703 4418 790 4473 sic·
806 4417 929 4473 alibi
957 4428 1189 4491 generat.
1210 4417 1418 4495 Dehinc
1439 4438 1596 4493 rupes
1613 4420 1904 4476 AEoliarum
1922 4462 1938 4489 ‚

551 4510 674 4583 μω)
702 4522 836 4577 quas
858 4516 1057 4577 septem
1080 4523 1306 4561 numero
1331 4507 1639 4579 perhibent,
1662 4509 1978 4579 cognomine
2003 4510 2176 4566 Plotas
2207 4530 2222 4567 ε

703 4595 903 4667 quippe
931 4596 1066 4648 viam
1086 4594 1288 4650 ratibus
1312 4595 1496 4670 pelago
1521 4596 1649 4652 dant
1666 4597 1904 4671 undique
1925 4611 2095 4657 vasto.

698 4682 990 4737 Trinacriae
1013 4692 1134 4755 post
1146 4682 1242 4738 has
1267 4684 1432 4739 moles
1454 4684 1774 4740 distenditur
1791 4685 1962 4759 ampla
1981 4726 1998 4751 ‚

699 4770 1007 4825 cardinibus
1032 4772 1194 4825 ternis
1217 4771 1439 4827 laterum
1458 4790 1616 4846 quam
1647 4776 1893 4829 terminat
1913 4784 2094 4840 actus,

554 4873 671 4925 430
699 4875 1024 4930 procurrens
1051 4860 1300 4932 Pachyno
1325 4860 1506 4933 longe,
1532 4862 1871 4935 claustrisque
1893 4862 2068 4919 Pelori
2085 4904 2103 4931 ,

700 4956 1079 5019 exter-reusque
1100 4958 1237 5001 ratas
1266 4946 1482 5019 Lilybaei
1501 4950 1739 5005 cautibus
1757 4950 1943 5023 aspris.

545 5034 669 5115 (ηρ)
697 5032 915 5087 Eminet
930 5032 998 5087 ad
1017 5034 1308 5107 zephyrum
1331 5034 1514 5108 Lilybe
1525 5077 1543 5103 ,
1561 5036 1944 5109 Pachynusque
1963 5037 2066 5091 sub
2093 5048 2272 5092 ortum

699 5120 885 5190 aspicit
914 5120 1206 5175 Ausoniam
1223 5160 1238 5187 ‚
1257 5120 1536 5195 boreaeque
1560 5122 1775 5177 Pelorus
1800 5122 1868 5177 ad
1887 5142 2042 5190 axae3

699 5214 804 5269 qua
828 5217 974 5254 mare
997 5200 1085 5253 vix
1103 5210 1360 5273 superant
1379 5201 1523 5257 haud
1541 5222 1747 5276 aequum
1773 5203 1912 5258 mille
1931 5205 2160 5277 periclis,

553 5284 668 5335 485
698 5296 980 5355 angustum
998 5325 1014 5352 ,
1046 5285 1236 5359 rapido
1254 5286 1400 5360 quod
1429 5288 1619 5361 frangit
1632 5291 1836 5361 gurgite
1853 5309 1993 5346 saxa.

2356 566 2604 623 Traditur
2618 570 2706 625 hic
2720 569 2886 643 pelagi
2904 568 3141 644 diruptas
3164 571 3365 627 viribus
3382 572 3511 627 olim
3950 579 4081 657 (m)

2355 654 2617 727 excepisse
2638 655 2827 711 fretum
2846 666 3011 712 terras
3025 696 3041 723 ,
3062 668 3282 729 cogente
3299 659 3473 713 ruina.

2356 740 2588 795 Plurima
2616 753 2740 797 sunt
2759 744 2876 799 istic
2895 754 3064 799 totum
3094 744 3432 800 memoranda
3449 763 3548 819 per
3564 744 3771 801 orbem.

2354 829 2550 883 Dianas
2574 827 2691 885 sons
2709 841 2786 886 est
2804 872 2819 897 ,
2848 832 3122 887 Camerina
3150 832 3384 903 gignitur
3410 832 3556 887 unda
3572 871 3588 898 ,

2355 933 2513 987 quem
2532 916 2576 969 si
2595 918 2711 989 quis
2730 918 2973 973 manibus
2997 936 3105 973 non
3130 920 3285 973 castis
3301 918 3535 973 hauserit
3557 937 3797 991 unquam
3815 958 3832 986 ,
3951 927 4071 992 49⁰

2352 1001 2558 1058 laetifico
2584 1005 2747 1059 tristis
2764 1023 2873 1060 non
2890 1006 3072 1059 miscet
3087 1006 3274 1077 pocula
3300 1006 3532 1062 Baccho.

2352 1092 2479 1145 Haec
2498 1090 2681 1147 eadem
2706 1104 2941 1152 montem
2962 1091 3259 1148 mirandum
3288 1097 3510 1149 sustinet
3526 1094 3739 1150 AEtnam
3757 1134 3773 1160 ‚

2322 1247 2326 1253 Ι
2353 1178 2548 1231 vertice
2564 1182 2657 1251 qui
2674 1196 2881 1234 summo
2900 1179 3070 1251 rigida
3084 1179 3206 1234 nive
3225 1191 3481 1253 temperat
3497 1181 3673 1251 ignem
3687 1223 3704 1248 ,

2351 1283 2451 1319 nec
2474 1278 2725 1339 superant
2741 1267 2966 1323 flammae
2983 1267 3148 1341 frigus
3166 1307 3181 1333 ,
3205 1287 3305 1323 nec
3330 1268 3525 1339 frigora
3546 1271 3807 1326 flammas.

2351 1357 2424 1409 At
2439 1353 2557 1409 salis
2579 1354 2668 1411 hic
2686 1357 2913 1429 Acragas
2931 1356 3182 1411 miracula
3200 1356 3436 1429 possidet
3454 1375 3594 1411 unus
3607 1398 3623 1424 ,
3952 1366 4065 1417 ⁴95

2351 1452 2566 1496 naturas
2592 1444 2647 1497 in
2666 1461 2771 1516 quo
2786 1445 3027 1517 proprias
3048 1454 3256 1499 mutare
3275 1444 3527 1499 videntur

2352 1528 2485 1598 ignis
2503 1539 2558 1583 et
2572 1529 2714 1583 unda
2731 1550 2747 1595 ς
2768 1529 2925 1584 salem
2948 1547 3177 1602 namque
3193 1530 3343 1585 illum
3360 1530 3563 1586 solvere
3584 1531 3810 1586 flammae
3826 1572 3843 1600 ,

2349 1616 2495 1671 unda
2511 1616 2642 1672 solet
2658 1620 2884 1691 crepitus
2902 1617 2975 1672 illi
2992 1616 3273 1689 conjuncta
3290 1637 3525 1674 movere.

2350 1704 2452 1756 Hic
2468 1713 2521 1757 et
2540 1704 2816 1757 Halesinus
2834 1702 2953 1759 sons
2970 1716 3075 1770 est,
3097 1704 3406 1759 mitissimus
3425 1704 3585 1759 undis
3600 1747 3616 1769 ‚

2350 1791 2478 1845 tibia
2496 1809 2653 1864 quem
2670 1791 2871 1848 extollit
2889 1810 2903 1847 z
2924 1803 3084 1848 cantu
3098 1792 3289 1848 saltare
3306 1804 3525 1866 putatur
3780 1818 3787 1829 ·
3945 1801 4059 1854 500

2352 1880 2581 1934 musicus
2594 1920 2609 1946 ,
2640 1892 2694 1935 et
2714 1883 2841 1955 ripis
2860 1882 3037 1936 laetans
3058 1898 3339 1937 excurrere
3361 1881 3549 1956 plenis.

2350 1966 2599 2021 Cernitur
2615 1970 2849 2040 egregius
2868 1968 2999 2042 lapis
3014 1967 3130 2036 bic,
3152 1968 3239 2023 cui
3256 1986 3453 2023 nomen
3472 1968 3683 2023 achates
3702 1986 3719 2023 ε

2351 2054 2453 2109 hoc
2473 2054 2691 2111 dederat
2713 2058 2902 2112 fluvius
2918 2098 2934 2123 ,
2962 2055 3109 2129 cujus
3127 2067 3407 2127 generatur
3423 2056 3493 2113 ad
3510 2056 3711 2124 undas;

2350 2144 2489 2198 hanc
2506 2144 2780 2200 simulacra
2799 2144 2942 2200 vides
2958 2145 3103 2199 venis
3126 2144 3403 2200 ostendere
3430 2163 3714 2218 gemmam.

2351 2230 2598 2304 AEquoris
2619 2242 2674 2287 at
2694 2230 2853 2287 Siculi
2864 2268 2885 2298 -,
2908 2230 3054 2305 quod
3074 2232 3231 2286 vastis
3254 2230 3499 2287 funditur
3516 2232 3705 2299 undis,
3948 2240 4063 2293 505

2352 2315 2420 2371 ad
2446 2329 2611 2373 noton
2630 2330 2706 2374 est
2723 2330 2917 2394 pontus
2936 2318 3114 2391 Libyae
3138 2318 3409 2392 Syrtisque
3430 2318 3627 2375 vadosa
3950 2308 4067 2393 (477)

2352 2404 2539 2477 Major.
2570 2408 2642 2461 At
2666 2406 2883 2461 ulterius
2907 2406 2952 2461 si
2978 2422 3161 2478 pergas
3178 2444 3195 2471 ,
3222 2424 3382 2462 cerne
3408 2408 3673 2463 Minorem

2354 2490 2628 2547 occiduam
2644 2532 2659 2559 ,
2682 2491 2837 2565 juxta
2860 2510 3021 2565 quam
3046 2492 3269 2547 Meninx
3290 2492 3460 2548 insula
3478 2493 3667 2565 fulget,

2353 2590 2407 2635 et
2428 2580 2684 2635 Cercinna
2705 2580 2891 2647 simul,
2916 2579 3110 2653 Libyca
3132 2581 3357 2635 statione
3374 2592 3628 2653 patentes.
3952 2574 4067 2653 (ssu)

2353 2666 2555 2722 Hadria
2570 2684 2687 2739 qua
2708 2676 2953 2739 penetrat
2965 2707 2981 2732 ,
3003 2667 3177 2721 venias
3194 2668 3237 2721 si
3262 2678 3411 2739 parte
3432 2669 3643 2723 sinistra
3660 2709 3677 2735 ‚
3950 2664 4064 2717 510

2354 2766 2512 2827 atque
2537 2754 2674 2826 legas
2690 2754 2979 2811 'Calabrum
3001 2753 3123 2808 litus
3136 2793 3153 2820 ,
3176 2754 3491 2809 tuncinsula
3510 2773 3687 2827 magni

2355 2840 2583 2896 ostendit
2608 2860 2719 2896 sese
2742 2840 3015 2896 Diomedis
3040 2840 3257 2895 nomine
3282 2840 3453 2905 dicta,

2356 2947 2467 3001 quo
2495 2928 2749 3002 profugus
2776 2928 3045 3001 quondam
3064 2928 3231 2983 victor
3258 2939 3587 2983 concesserat
3610 2928 3723 2995 ille,

2356 3014 2595 3087 conjugis
2615 3017 2821 3070 incestae
2847 3032 2944 3088 per
2960 3012 3169 3068 fraudes
3190 3014 3450 3085 AEgialeae.
3954 2999 4075 3076 (ml

2358 3103 2563 3155 Ioniam
2582 3118 2803 3173 pergens
2823 3100 3130 3174 Absyrtidas
3156 3119 3341 3174 aequor
3358 3101 3428 3156 ad
3451 3114 3601 3157 ortus
3951 3097 4061 3149 515

2359 3190 2577 3256 circuit3
2603 3189 2697 3245 has
2724 3190 2853 3245 olim
2880 3189 3061 3245 Colchi
3081 3199 3300 3245 tenuere
3326 3190 3525 3246 seroces
3542 3231 3559 3256 ,

2357 3276 2477 3332 lassi
2502 3275 2633 3331 dum
2651 3276 2840 3332 flustra
2860 3276 3058 3331 Medeae
3077 3276 3217 3331 furta
3243 3287 3560 3350 sequuntur.
3951 3262 4070 3340 (⁴⁹⁰)

2360 3366 2629 3420 Continuo
2650 3376 2770 3438 post
2794 3365 2947 3420 hasce
2974 3352 3294 3420 Liburnidas
3310 3366 3497 3439 aspicis
3520 3365 3649 3420 altas

2360 3450 2431 3506 ad
2456 3452 2628 3505 notias
2646 3462 2844 3524 partem
2872 3450 3000 3505 hinc
3017 3468 3152 3504 saeva
3182 3452 3441 3507 Ceraunia
3460 3451 3655 3506 nautis.

2359 3538 2550 3595 Insulae
2570 3539 2861 3595 Ambraciae
2886 3549 3069 3594 contra
3087 3550 3381 3596 cernuntur
3401 3540 3457 3595 in
3478 3537 3585 3595 alto
3602 3580 3619 3606 ,
3950 3551 4065 3605 520

2360 3640 2415 3685 et
2431 3630 2661 3701 Corcyra
2678 3638 2862 3701 potens
2877 3667 2893 3694 ,
2922 3626 3122 3682 Ithaces
3146 3638 3306 3701 atque
3328 3646 3513 3702 aspera
3536 3626 3721 3694 tellus;
3956 3620 4075 3705 (4⁸⁸)

2362 3726 2415 3771 et
2439 3734 2569 3789 quas
2590 3714 2808 3771 oblimat
2823 3716 2948 3769 rivis
2966 3712 3239 3769 Acheloius
3256 3716 3427 3770 amnis
3439 3753 3457 3782 ,
3576 3732 3579 3735 ’

2362 3803 2581 3858 flumine
2602 3803 2821 3859 torrenti
2844 3802 3140 3877 praecelsam
3167 3802 3417 3860 Chalcida
3436 3804 3702 3875 linquens.

2362 3890 2465 3945 Sed
2489 3891 2666 3947 mutue
2690 3892 2895 3947 Amnisi
2916 3891 3088 3945 boreae
3108 3891 3211 3945 sub
3241 3902 3392 3965 parte
3408 3890 3678 3958 videntur,

2362 3980 2677 4054 AEgylaque,
2707 3980 2831 4035 inde
2847 3980 3103 4053 Cythera,
3134 3980 3375 4036 Calauria
3396 3979 3533 4035 dura
3560 3978 3793 4046 colonis3
3954 3994 4069 4045 525

2364 4069 2431 4125 ad
2456 4069 2629 4124 radios
2655 4072 2819 4141 vergit
2843 4068 2936 4124 sed
2953 4070 3263 4143 Carpathus.
3286 4072 3441 4125 Hanc
3456 4087 3623 4143 prope
3644 4070 3801 4123 Crete
3956 4067 4076 4143 (sno)

2364 4158 2571 4231 pinguis
2587 4169 2642 4214 et
2664 4158 2926 4214 umbrosis
2945 4157 3238 4214 extendens
3256 4159 3478 4214 collibus
3503 4156 3638 4212 Iden
3652 4196 3671 4223 ,
4003 4154 4013 4165 ’

2366 4256 2484 4299 ante
2506 4256 2652 4300 ortus
2670 4245 2791 4301 solis
2805 4244 3085 4319 perhibent
3106 4264 3271 4318 quam
3298 4245 3499 4316 fulgere
3524 4244 3653 4299 sole.

2366 4332 2613 4403 Giguitur
2635 4332 2724 4388 hic
2747 4332 2957 4399 alimos,
2982 4350 3142 4405 quam
3164 4332 3210 4387 si
3234 4332 3354 4406 quis
3378 4330 3621 4387 mordeat
3637 4330 3889 4405 herbam,

2366 4420 2647 4491 compescit
2667 4420 3026 4494 damnumque
3046 4420 3197 4475 samis
3226 4421 3533 4493 rabiemque
3564 4419 3833 4475 diurnam.
3953 4418 4072 4472 ⁵³0

2367 4509 2437 4560 At
2456 4504 2676 4562 Rhodos
2688 4506 2972 4579 AEgyptum
2998 4518 3183 4563 contra
3204 4506 3347 4579 jacet
3362 4548 3378 4573 ,
3406 4507 3576 4563 insula
3594 4505 3742 4563 dives
3759 4546 3776 4574 ,
3950 4504 4073 4583 (⁵05)

2365 4590 2623 4646 Suniados
2648 4604 2831 4648 contra
2857 4611 3068 4665 quoque
3088 4612 3357 4648 summum
3384 4595 3531 4667 rupis
3549 4633 3566 4659 ,
3591 4592 3661 4648 ad
3682 4602 3867 4660 ortusg

2364 4676 2544 4732 nubila
2566 4695 2673 4750 qua
2692 4695 2965 4752 nunquam
2992 4689 3265 4734 verterunt
3287 4680 3489 4734 lumina
3508 4678 3667 4745 solis;

2364 4784 2487 4820 nam
2512 4783 2677 4839 purus
2707 4766 2858 4822 clarae
2882 4768 3084 4840 potitur
3107 4766 3324 4821 telluris.
3351 4766 3587 4823 Abantas

2366 4872 2525 4927 supra
2550 4865 2676 4909 sunt
2700 4855 2914 4910 Salamis
2944 4873 3041 4909 nec
3057 4872 3167 4909 non
3188 4854 3391 4927 AEgina.
3424 4852 3527 4908 Sed
3556 4866 3707 4908 ortus
3953 4856 4074 4913 5³5

2364 4952 2665 4996 cernentem
2685 4944 2915 5016 Cyprum
2940 4952 3133 5015 pontus
3148 4942 3488 5015 Pamphylius
3504 4942 3692 4997 ambit.

2363 5029 2489 5083 Post
2508 5027 2623 5081 haec
2638 5039 2762 5083 sunt
2785 5040 2945 5083 ternae
2970 5030 3099 5083 citra
3128 5027 3402 5084 Patareida
3422 5047 3687 5085 summam
3703 5068 3723 5099 ,

2364 5115 2502 5170 sama
2528 5114 2857 5171 Chelidonias
2878 5115 3104 5170 celebrat
3121 5134 3260 5188 quas
3278 5119 3496 5174 nomine
3522 5127 3710 5172 ten-as.
3958 5106 4085 5189 (⁵10)

2364 5206 2474 5259 Nec
2494 5204 2680 5279 procul
2704 5216 2781 5259 est
2803 5202 3031 5267 Arados,
3052 5204 3327 5259 Phoenices
3352 5222 3563 5278 aequore
3592 5204 3770 5258 cincta

2434 5292 2593 5364 AEgaei
2617 5310 2739 5347 vero
2764 5292 2981 5347 diversis
3004 5290 3239 5365 partibus
3262 5291 3348 5346 alti
3958 5302 4073 5355 540

4428 6186 4507 6217 „A
