4584 6284
2109 526 2454 592 mom’sll

2322 668 2391 723 de
2423 683 2488 721 eo
2521 664 2795 719 hominum
2822 677 3013 731 genere
3037 676 3131 730 qut
3166 657 3421 731 Erythrai
3448 658 3810 723 nominantur,

2326 754 2521 827 quique
2544 749 2703 823 primi
2724 748 2947 803 navibus
2970 756 3093 801 sunt
3123 762 3269 799 mare
3291 744 3529 817 experti,

2325 841 2481 915 primi
2506 848 2850 894 mercaturam
2880 836 2935 889 in
2967 835 3205 889 maribus
3226 843 3535 906 occupatam
3560 844 3843 889 commenti
3864 873 3881 899 ,

2326 940 2379 984 et
2398 927 2629 983 sollertes
2654 924 2943 981 coelestium
2966 921 3203 978 siderum
3225 938 3414 976 cursus
3444 920 3779 993 indagarunt.

676 561 787 615 too

826 688 930 745 τῶν
954 682 1158 763 ἀνδρῶν
1183 681 1364 758 γενεῆς
1381 723 1397 750 ,
1425 672 1477 734 οἳ
1497 673 1802 753 Ἐρυθραῖοι
1827 666 2114 747 γεγάασιν,

833 772 884 834 οἳ
906 774 1111 851 πρῶτοι
1131 766 1344 838 νήεσσιν
1368 761 1713 841 ἐπειρήσαντο
1739 755 2005 829 Θαλάσσης
2021 796 2039 825 ,

832 863 1034 941 πρῶτοι
1061 858 1106 916 δ’
1127 852 1384 933 ίμπορίης
1403 846 1652 915 ἇλιδινίος
1679 842 2002 925 ίμνήσαντο,

837 946 931 1008 καὶ
973 942 1138 1027 βαθὺν
1165 938 1420 1022 οὗρανίων
1453 938 1658 1013 ἄστρων
1700 933 1857 1011 πόρον
1885 929 2236 1011 ἕφράσσαντο·

723 1058 804 1101 οιο
846 1032 942 1095 οἵτ’
969 1032 1158 1105 Ἰόπην
1181 1029 1272 1089 καὶ
1301 1026 1476 1095 Γάζαν
1507 1021 1732 1083 Ἐλαΐδα
1757 1023 1807 1079 τ’
1841 1018 2122 1089 ἕνναίουσι,

837 1114 931 1175 καὶ
955 1116 1008 1175 Τ
1009 1112 1132 1193 όρον
1159 1107 1391 1188 ὧγυγίην
1407 1149 1424 1179 ,
1455 1107 1693 1184 Βηρυτοῦ
1717 1102 1764 1159 τ’
1797 1090 1918 1158 αἶαν
1948 1097 2164 1179 ἐραννήν
2183 1139 2201 1170 ,

841 1202 1050 1266 Βύὸλον
1081 1202 1128 1260 τ’
1159 1194 1415 1278 ἀγχίαλον
1443 1194 1534 1253 καὶ
1563 1190 1754 1253 Σιδῶν’
1776 1184 2124 1265 ἀνθεμόεσσαν
2146 1230 2163 1263 ,

844 1288 1129 1368 ναιομένην
1161 1284 1434 1366 χαρίεντος
1458 1277 1536 1361 ἐφ’
1562 1278 1717 1337 ὕδασι
1743 1277 2087 1356 Βοστρηνοῗο,

2326 1018 2495 1088 Jopen
2516 1013 2754 1069 habitant
2786 1021 2842 1067 et
2866 1012 3059 1067 Gazam
3089 1008 3431 1081 Elaidemque
3445 1049 3463 1075 ,

2326 1104 2528 1175 Tyrum
2547 1110 2799 1155 vetustam
2816 1138 2833 1165 ,
2860 1098 3039 1171 Beryti
3066 1114 3325 1151 amoenam
3352 1097 3641 1167 regionem,

2332 1189 2555 1261 Byblum
2575 1188 2891 1243 maritimam
2907 1226 2922 1251 ,
2952 1184 3204 1241 Sidonem
3225 1184 3470 1239 floridam

2331 1272 2401 1328 ad
2431 1290 2593 1345 aquas
2614 1271 2818 1325 venusti
2841 1270 3086 1327 Bostreni
3110 1270 3261 1323 sitam
3276 1309 3293 1335 ,

703 1422 3885 1463 ffl-——ss———ss———m

693 1522 776 1577 θεν
815 1516 1096 1591 ἐπωνυμίην
1121 1511 1402 1578 EGLNde,
1424 1508 1518 1564 sed
1553 1510 1610 1563 in
1633 1506 1675 1561 d
1696 1504 1934 1561 additum
1959 1520 1973 1558 ε
2002 1524 2084 1577 γρ.
2107 1502 2254 1576 ἐγγυς
2341 1505 2505 1578 ipsius
2532 1503 2691 1559 fuisse
2717 1501 2900 1558 insulae
2925 1499 3075 1574 cujus
3099 1500 3347 1573 deinceps
3373 1502 3573 1555 mentio
3600 1501 3690 1569 lit,
3715 1501 3899 1558 eodem

695 1598 858 1662 ἰόντες
867 1617 884 1665 ;
917 1596 1122 1669 ἓγγῦθεν
1170 1593 1307 1655 ὄντες
1351 1589 1384 1644 b
1408 1612 1432 1655 ,-
1477 1586 1752 1658 ἐπωνυμίαν
1798 1588 1876 1641 Χ.
1931 1581 2015 1638 Cs.
2068 1584 2254 1637 Strabo
2344 1602 2469 1639 vero
2516 1582 2683 1639 modo
2723 1582 2885 1638 etiam
2925 1580 3252 1637 Phoeniciam
3282 1578 3475 1635 Elam
3504 1592 3721 1655 portum
3747 1581 3903 1639 fuisse

694 1697 754 1752 p.
784 1682 912 1749 749.
945 1678 970 1747 ΙΙ
1003 1704 1077 1717 -
1102 1676 1226 1745 906.
1265 1671 1403 1742 τῶν]
1433 1669 1517 1723 Sic
1545 1667 1599 1721 in
1637 1664 1876 1737 BLbceoq
1903 1662 2004 1733 legi
2021 1702 2037 1729 ,
2057 1674 2256 1717 ceteros
2340 1665 2596 1720 Stratonis
2619 1662 2781 1719 turris
2797 1703 2814 1730 ,
2841 1660 3195 1733 omnibusque
3215 1658 3301 1714 his
3324 1658 3537 1714 locisab
3557 1660 3745 1717 eodem
3762 1666 3905 1722 Stra.

697 1758 936 1832 praebere
955 1755 1101 1810 τῶνδ’
1119 1748 1492 1822 Bernhardyus
1515 1745 1674 1812 dieit;
1701 1761 1798 1815 ego
1817 1742 1961 1796 τῶνδ’
1985 1741 2258 1797 tectionem
2346 1756 2493 1811 tone,
2523 1743 2668 1799 haud
2711 1742 2873 1798 dubie
2910 1740 3048 1796 duce
3082 1740 3279 1813 aliquo.
3302 1739 3623 1796 Ptolemaico
3639 1780 3655 1809 ,
3689 1747 3907 1803 nomin.

695 1857 728 1893 e
754 1840 904 1893 Parr.
921 1832 1082 1891 codd.
1099 1850 1206 1887 non
1229 1828 1408 1883 notavi
1420 1828 1519 1882 nisi
1537 1842 1601 1880 ex
1621 1826 1798 1892 EQX.
1821 1824 1901 1876 De
1919 1839 1978 1875 re
2003 1840 2060 1875 ν.
2092 1820 2258 1874 Hero-
2342 1841 2455 1878 esse
2478 1821 2667 1880 indita.
2700 1824 2835 1891 Quae
2861 1820 3074 1876 infirma
3098 1830 3180 1875 ast
3216 1819 3571 1876 ratiocinatio.
3604 1822 3743 1878 Nam
3770 1826 3909 1884 Ele.

698 1916 814 1971 dot.
848 1931 900 1983 1,
935 1932 958 1968 1
1001 1924 1054 1967 et
1091 1928 1208 1983 quae
1248 1908 1321 1963 ibi
1360 1912 1734 1977 congesserunt
1770 1903 2097 1973 interpretes.
2133 1900 2155 1971 ΙΙ
2185 1928 2257 1941 -
2344 1902 2623 1975 AEthiopiae
2656 1910 2843 1973 portu,
2866 1899 2973 1971 (cf,
2999 1900 3081 1953 st,
3111 1901 3239 1971 1352,
3272 1915 3287 1953 ς
3320 1896 3565 1959 Ἐλαιαη,
3599 1899 3705 1957 ἔστι
3738 1904 3793 1959 δὲ
3828 1908 3910 1961 καὶ

701 2013 826 2067 907.
861 1998 1054 2065 πρῶτον
1081 1994 1192 2054 Dc,-
1217 1986 1381 2054 νήισιν
1407 1987 1463 2041 C.
1491 1986 1514 2055 ΙΙ
1543 2013 1616 2026 -
1639 1984 1764 2053 908.
1792 1979 2034 2048 ἅλιδινίης
2062 1983 2126 2045 C,
2152 1977 2260 2032 ἁλι·
2344 1978 2497 2054 λιμὴν
2510 1979 2761 2044 Αἰθιοπίας
2780 1977 2866 2034 καὶ
2886 1982 3030 2047 νῆσοι
3048 1980 3203 2051 τρεῖς)
3216 1977 3493 2051 ponendus
3514 1982 3667 2037 estin
3682 1986 3911 2043 maxima

703 2075 883 2148 μήδεος
907 2063 1561 2129 AEFGHKLNObciket
1585 2079 1709 2133 mgo
1741 2063 1819 2124 12·
1841 2060 1898 2113 in
1927 2076 1956 2113 σ
1987 2078 2069 2130 γρ.
2087 2057 2259 2111 ·ἇλιδι-

701 2154 828 2217 νέος.
858 2148 944 2207 Cf.
977 2147 1232 2220 Paraphr.
1271 2147 1352 2199 De
1377 2162 1437 2198 re
1465 2160 1516 2199 v.
1557 2143 1767 2196 Movers
1807 2138 1986 2195 Plcoen.
2025 2136 2256 2193 Altereh.

699 2242 835 2288 tom.
867 2231 919 2297 3,
949 2246 1004 2302 p.
1039 2232 1125 2292 14.
1157 2228 1180 2298 ΙΙ
1210 2256 1285 2269 -
1308 2241 1431 2296 909.
1454 2221 1634 2295 πόρον]
1660 2217 1815 2292 χορὸν
1839 2216 2260 2286 ACEKLNbgm

703 2322 758 2367 et
775 2326 956 2382 margo
975 2310 1075 2374 Οζ,
1094 2306 1270 2361 nescio
1291 2322 1360 2358 an
1380 2312 1553 2369 recte;
1573 2301 1630 2355 in
1645 2302 1694 2353 E
1717 2294 1841 2352 add.
1857 2314 1941 2370 γρ.
1957 2295 2139 2368 πόρονς
2159 2299 2264 2367 χῶ·

707 2411 790 2463 ρον
815 2394 919 2457 Gs3
940 2385 1098 2443 πόλον
1121 2384 1155 2438 k
1179 2393 1233 2438 ct
1257 2384 1489 2440 Avienus
1517 2382 1649 2435 1068
1663 2398 1680 2446 3
1704 2375 1972 2449 ίφράσαντο
2001 2376 2266 2447 CGXeoqs

703 2482 758 2525 et
783 2488 869 2543 pr.
915 2484 1082 2523 manu
1104 2462 1163 2529 d,-
1191 2462 1458 2537 ἐφράξαντο
1492 2459 1533 2517 ι’.
1583 2458 1606 2531 ΙΙ
1637 2488 1712 2500 —
1748 2473 1873 2527 9¹0·
1919 2455 2056 2529 οἵτ’]
2086 2452 2160 2508 ἔπ’
2202 2456 2265 2516 B,-

711 2548 915 2618 Ἰόππην
939 2548 994 2601 A
994 2568 1018 2611 ‚·
1051 2542 1293 2598 Ἐλλαΐδα
1316 2545 1389 2607 D,
1422 2540 1467 2596 τ’
1501 2536 1714 2593 ’matta
1753 2541 1813 2600 C,-
1843 2534 2046 2605 Ἰόππην
2073 2533 2233 2597 Γάζαν
2247 2574 2264 2599 ,

703 2625 1024 2701 Πτολεμαΐδα
1039 2642 1101 2697 eq
1111 2646 1132 2687 ,-
1157 2641 1210 2676 τε
1232 2620 1422 2676 ναίουσι
1436 2621 1513 2675 D.
1529 2614 1691 2690 Apud
1709 2614 2034 2688 stephanam
2049 2613 2268 2685 legitur:

713 2705 850 2775 Ἰόπη
871 2744 886 2772 ,
913 2703 1056 2765 πόλις
1078 2700 1313 2768 Φοινίκης
1345 2702 1445 2769 (an
1475 2694 1868 2765 Παλαιστίνηςῖ)
1887 2693 2097 2764 πλησίον
2135 2694 2272 2768 Ἰαμ·

701 2786 837 2850 νίας,
861 2785 929 2849 ὡς
953 2780 1128 2837 Φίλων
1145 2798 1160 2813 ·
1190 2778 1259 2843 ὣς
1293 2777 1347 2832 δὲ
1374 2776 1641 2841 Διονύσιος,
1661 2773 1996 2843 Παλαιστίνης
2023 2779 2119 2842 (an
2147 2776 2270 2831 Φοι-

701 2866 930 2938 νίκηςὲ).
974 2862 1186 2932 Φοινίκη
1210 2860 1308 2933 γὰρ
1341 2859 1423 2914 καὶ
1448 2856 1482 2927 ἡ
1523 2855 1832 2925 Παλαιστίνη
1859 2874 1876 2913 2
1915 2857 1974 2911 in
2009 2858 2203 2931 quibus
2229 2858 2272 2911 si

2347 2060 2555 2115 Dhalae
2588 2058 2881 2115 insularum
2922 2074 3043 2131 quae
3073 2056 3217 2130 apud
3264 2056 3495 2113 Plinium
3522 2064 3577 2125 6,
3600 2062 3689 2129 34,
3730 2066 3829 2137 173
3855 2068 3910 2123 in

2347 2137 2509 2195 codd.
2555 2139 2735 2195 Aliaeu
2771 2149 2827 2195 et
2858 2137 3018 2193 Eloeoe
3052 2146 3344 2204 vocantur3
3393 2138 3535 2193 inter
3571 2139 3667 2195 has
3704 2160 3832 2199 vero
3861 2157 3913 2201 et

2349 2218 2647 2277 Stratiotdn
2671 2218 2897 2273 insulam
2940 2217 3052 2292 (sic
3072 2215 3234 2282 Plin.;
3266 2220 3622 2290 Hypostraten
3647 2220 3717 2280 G.
3754 2226 3819 2281 R.
3856 2227 3909 2293 5,

2356 2300 2455 2370 18)
2478 2316 2565 2372 ap.
2582 2298 2720 2355 Pliu.
2744 2297 2993 2354 Bacchias
3010 2307 3063 2352 et
3080 2294 3453 2353 Antibacchias
3467 2336 3485 2365 ,
3505 2297 3917 2375 interponuntur

2354 2380 2442 2453 (v.
2470 2380 2666 2453 Geogr.
2694 2380 2829 2435 Min.
2865 2390 2905 2434 t.
2953 2397 3002 2449 1,
3026 2397 3085 2452 p.
3120 2378 3325 2435 van
3358 2390 3412 2433 et
3441 2380 3593 2436 Lxx
3626 2393 3742 2441 not.
3771 2390 3840 2441 26
3862 2399 3917 2442 et

2350 2478 2407 2534 p.
2435 2463 2600 2533 261).
2624 2459 2785 2529 Quod
2820 2479 2951 2515 vero
2971 2460 3255 2515 Phoeniciae
3290 2460 3478 2515 Elaeam
3506 2463 3720 2533 attinet,
3750 2484 3917 2541 quum

2353 2539 2421 2595 de
2444 2542 2551 2597 situ
2572 2539 2684 2615 ejus
2698 2560 2730 2596 e
2748 2542 2989 2614 Dionysii
3010 2539 3246 2595 versibus
3268 2540 3398 2595 nihil
3420 2540 3591 2614 colligi
3604 2546 3787 2616 possit,
3808 2564 3917 2603 non

2352 2640 2547 2695 susque
2572 2620 2744 2695 deque
2766 2620 3078 2677 habendum
3100 2630 3216 2675 erat
3238 2618 3495 2676 disertum
3521 2623 3758 2680 Philonis
3784 2628 3923 2683 testi·

2354 2700 2595 2755 monium
2608 2739 2625 2766 ,
2652 2699 2846 2756 Elaeam
2864 2698 3004 2753 inter
3026 2698 3232 2771 Tyrum
3250 2708 3304 2752 et
3318 2698 3570 2754 Sidonem
3595 2700 3917 2762 collocantis.

2357 2781 2408 2836 A
2433 2778 2655 2835 meridie
2674 2777 2889 2835 Sidonis
2910 2788 3024 2833 erat
3046 2778 3263 2850 Sarepta
3284 2778 3555 2849 (Sar-saud
3568 2782 3592 2852 )
3605 2821 3622 2847 ,
3651 2782 3745 2837 ubi
3766 2784 3923 2841 Elias

2359 2857 2428 2914 ad
2452 2857 2669 2914 viduam
2694 2856 3029 2913 adscendisse
3065 2855 3234 2912 fertur
3261 2860 3462 2930 (Regg.
3494 2876 3543 2925 r,
3573 2879 3624 2916 e.
3670 2880 3763 2934 173
3794 2866 3917 2922 ltin.

699 2947 892 3002 Noster
916 2942 1206 3015 Dionysius
1231 2936 1500 3004 laudatur,
1529 2947 1594 2991 ut
1617 2954 1745 2991 cum
1763 2934 2110 3009 Bernhardyo
2135 2936 2275 2991 aliis·
2360 2939 2569 2995 Hieros.
2593 2956 2651 3011 p.
2673 2938 2797 3005 583,
2820 2936 2918 2992 ubi
2939 2938 3169 3011 Sareptae
3194 2938 3514 2993 mentionem
3538 2940 3793 2998 excidisse
3808 2962 3923 3000 mo·

703 3045 808 3100 que
829 3024 988 3080 credo
1004 3063 1020 3090 ,
1049 3018 1250 3093 aliquid
1277 3017 1552 3073 turbatum
1577 3024 1678 3069 est.
1702 3013 2000 3068 Meinekius
2027 3016 2082 3068 in
2105 3015 2279 3069 indice
2364 3028 2454 3073 net
2476 3017 2844 3089 wesseling.).
2864 3017 3035 3090 Supra
3065 3016 3194 3072 hod.
3217 3014 3465 3089 Sat-saud,
3497 3019 3566 3075 30
3589 3020 3699 3075 sere
3730 3022 3797 3078 ab
3832 3042 3925 3080 om

703 3116 866 3162 auctt.
920 3103 1243 3176 Dionysium
1296 3098 1813 3153 Halicarnassensem
1857 3094 2101 3165 intelligit
2117 3135 2133 3159 ,
2189 3096 2277 3149 vix

704 3196 866 3241 recte.
885 3214 960 3226 ·-
985 3186 1170 3252 Quum
1197 3183 1334 3251 Jope
1351 3218 1367 3243 ,
1389 3179 1532 3233 Gaza
1549 3186 1604 3229 et
1623 3174 1794 3247 Tyrus
1818 3183 2012 3246 praeter
2037 3171 2278 3229 ordinem

707 3260 1151 3336 topographicum
1176 3264 1570 3331 recenseantur,
1585 3251 1656 3306 de
1678 3252 1875 3307 Elaidis
1901 3252 2009 3305 situ
2025 3270 2056 3307 e
2081 3253 2282 3325 Diony·

711 3351 792 3402 sio
835 3344 1180 3401 accuratioris
1223 3342 1360 3396 nihil
1386 3340 1558 3411 colligi
1603 3348 1777 3411 potest
1796 3375 1813 3402 ,
1863 3356 1964 3393 nec
1992 3337 2281 3410 quidquam

719 3424 944 3497 impedit
969 3423 1101 3495 quin
1129 3418 1386 3493 oppidum
1407 3420 1660 3471 innuatur
1681 3415 1828 3489 quod
1851 3414 2046 3469 Elaeam
2067 3417 2288 3489 appellat

717 3503 872 3560 Philo
898 3521 985 3577 ap.
1011 3500 1193 3574 Steph.
1217 3502 1346 3571 Byz.
1376 3516 1421 3552 s.
1449 3496 1506 3550 h.
1531 3514 1583 3550 v.
1618 3514 1633 3550 z
1663 3494 1770 3550 ἔστι
1789 3494 1874 3548 καὶ
1893 3494 2036 3558 πόλις
2054 3495 2288 3565 Φοινίκης

725 3582 908 3637 Ἐλαία
933 3580 1111 3655 μεταξὺ
1133 3578 1290 3651 Topos
1319 3576 1406 3631 καὶ
1437 3574 1652 3637 Σιδῶνος
1668 3613 1685 3641 ,
1734 3573 1802 3637 ὣς
1827 3572 2027 3629 Φίλων.
2061 3572 2290 3630 Aliunde

710 3663 790 3719 ·de
814 3681 881 3718 eo
916 3680 1026 3717 nou
1055 3668 1282 3716 constat.
1315 3680 1339 3709 a
1361 3656 1514 3712 Eleas
1541 3655 1698 3710 etiam
1731 3654 1876 3707 vicus
1895 3652 1964 3708 ab
1995 3656 2290 3729 Hegesippo

712 3755 778 3799 et
809 3742 1019 3797 Isidoro
1045 3739 1266 3811 (Origg.
1322 3740 1408 3803 14,
1438 3736 1492 3801 3,
1535 3736 1647 3805 22)
1683 3736 1740 3788 in
1777 3733 2009 3790 Samaria
2053 3737 2292 3791 nomina·

721 3834 833 3888 tur,
866 3819 1017 3892 cujus
1061 3818 1262 3873 mentio
1291 3817 1451 3870 etiam
1478 3825 1682 3869 exstare
1719 3812 1932 3868 videtur
1963 3816 2199 3873 Maccab.
2240 3836 2288 3884 1,

723 3921 774 3959 c.
805 3920 860 3973 9.
899 3899 1146 3955 Samria
1179 3895 1438 3969 incipiens
1456 3912 1502 3947 -α
1523 3895 1643 3949 vico
1660 3893 1752 3949 cui
1779 3912 1962 3949 nomen
1985 3907 2064 3949 est
2100 3898 2288 3966 Eleas,

723 3980 854 4037 Isid.
897 3982 978 4035 Ea
1015 3975 1232 4052 quidem
1259 3974 1400 4031 Elais
1445 3974 1684 4047 Dionysii
1728 3991 1840 4028 esse
1878 3972 2106 4041 videtur,
2136 3987 2295 4050 atque

725 4058 910 4115 eadem
934 4058 1096 4113 etiam
1143 4073 1268 4110 cum
1304 4052 1446 4109 Etaea
1481 4051 1749 4127 Stephani.
1805 4073 1829 4103 ι
1860 4054 2108 4111 Hunos.
2136 4059 2208 4111 At
2248 4058 2295 4111 si

723 4140 865 4196 Elea
900 4140 1040 4194 inter
1063 4137 1267 4210 Tyrum
1297 4144 1351 4189 et
1391 4132 1644 4189 Sidonem
1669 4134 1768 4187 sita
1795 4142 1938 4199 erat,
1981 4152 2091 4188 non
2121 4137 2297 4209 potuit

718 4238 836 4276 esse
857 4220 914 4274 in
936 4218 1188 4275 Samaria.
1214 4212 1424 4285 Quodsi
1447 4212 1882 4267 mediterraneam
1903 4212 2092 4268 urbem
2108 4231 2292 4288 perpe.

725 4318 840 4355 ram
863 4300 1001 4354 inter
1026 4314 1134 4352 orae
1151 4293 1263 4350 loca
1293 4292 1555 4348 recenseri
1576 4290 1868 4365 putaveris,
1892 4292 2110 4363 cogitari
2129 4294 2298 4365 possit

725 4378 796 4432 de
828 4375 992 4432 Laide
1007 4415 1024 4443 ,
1049 4375 1238 4447 prisco·
1248 4370 1596 4428 Sidoniorum
1618 4366 1819 4443 oppido
1843 4387 1984 4443 pone
2001 4359 2219 4444 Tyrum'
2239 4372 2295 4427 in
2327 4404 2338 4419 .

727 4456 945 4513 Galilaea
987 4455 1087 4511 sito
1107 4496 1122 4519 ,
1151 4450 1305 4527 cujus
1339 4452 1600 4507 inlocum
1639 4462 1822 4524 postea
1857 4454 1974 4506 Dan
2001 4453 2113 4507 sive
2147 4454 2299 4507 Dane

727 4537 1002 4591 successit.
1021 4536 1092 4589 Et
1117 4530 1566 4606 quemadmodum
1581 4530 1722 4604 apud
1741 4532 1772 4585 J
1775 4530 2032 4605 osephum
2060 4533 2139 4586 De
2155 4530 2299 4586 Bello

728 4616 853 4688 jud.
891 4620 945 4681 4,
992 4632 1044 4681 1,
1091 4632 1113 4669 1
1157 4613 1290 4683 Δάνη
1317 4630 1514 4668 nomen
1555 4613 1612 4667 in
1637 4612 1801 4684 Δάφνη
1833 4622 2146 4685 corruptum
2187 4631 2300 4668 esse

738 4694 1004 4751 nonnullis
1035 4692 1244 4746 videtur
1277 4690 1371 4764 (v.
1395 4691 1589 4746 Ritter.
1615 4700 1754 4745 tom.
1795 4692 1880 4757 15,
1920 4707 1977 4763 p.
2006 4694 2108 4757 214
2129 4692 2150 4765 )
2168 4731 2185 4758 ,
2223 4693 2303 4747 sic

739 4774 1024 4844 Dionysius
1054 4768 1265 4824 Ἐλαΐδα
1302 4788 1577 4845 perperam
1598 4787 1698 4842 pro
1738 4768 1894 4824 Λαΐδα
1919 4772 2187 4845 scripsisse
2221 4773 2301 4826 vi-

736 4851 854 4907 deri
875 4852 1065 4924 possit.
1112 4849 1216 4904 Sed
1253 4849 1358 4904 hoc
1384 4866 1596 4921 quoque
1618 4848 1838 4921 longius
1862 4852 2088 4923 petitum
2119 4850 2299 4908 suerit.

735 4930 922 4988 Nihilo
940 4930 1139 4986 certior
1159 4940 1236 4984 est
1260 4927 1451 4985 Starkii
1481 4930 1655 4997 (Gaza
1687 4928 1800 4984 und
1818 4928 1906 4985 die
1922 4929 2304 5004 philiszoeisehe

735 5012 946 5077 Kane,
993 5009 1154 5074 18⁵2,
1185 5024 1245 5080 p.
1279 5008 1421 5077 451)
1458 5005 1778 5079 conjectura.
1812 5011 1867 5064 Is
1897 5010 2038 5063 enim
2065 5008 2303 5064 Elaidem

733 5089 845 5142 sive
866 5088 1062 5143 Elaeam
1079 5087 1294 5158 intelligi
1317 5086 1428 5140 vult
1444 5098 1654 5158 portum
1678 5089 1908 5145 Cuariae
1923 5089 2164 5158 civitatis,
2186 5107 2305 5162 quoe

732 5174 858 5219 ante
895 5163 1128 5219 Herodis
1165 5182 1336 5219 aevum
1379 5164 1664 5236 Στράτωνος
1705 5166 1886 5239 πῦργος
1932 5168 2302 5241 appellabatur.

732 5241 998 5299 Videlicet
1021 5260 1192 5315 quum
1211 5242 1410 5299 Strabo
1419 5262 1474 5318 p.
1508 5262 1614 5317 77⁰
1631 5245 1687 5298 in
1715 5246 1861 5300 sinus
1880 5247 2092 5302 Arabici
2110 5247 2307 5303 deseri·

730 5325 916 5396 ptione
963 5334 1090 5397 post
1128 5323 1325 5379 Elaeam
1361 5334 1578 5398 portum
1633 5337 2015 5381 commemoret
2048 5328 2307 5383 Stratonis

729 5400 979 5472 insulam,
1004 5400 1244 5459 Starkius
1261 5404 1440 5458 nescio
1455 5420 1566 5475 quo
1571 5402 1696 5477 jure
1713 5406 1894 5461 statuit
1909 5416 2123 5479 portum
2149 5407 2308 5463 istum

2366 3116 2499 3154 mar.
2520 3096 2690 3153 stadia
2710 3095 2993 3154 distantem
3013 3097 3193 3152 locum
3228 3098 3301 3152 El
3333 3098 3747 3172 Heleh·exh1het
3766 3106 3925 3177 Berg-

2367 3177 2496 3231 haus
2522 3178 2579 3230 in
2604 3176 2767 3249 Syriae
2798 3174 2997 3233 tabula.
3042 3175 3252 3232 Deinde
3276 3178 3331 3231 in
3370 3178 3496 3232 ltin.
3542 3181 3781 3253 sequitur
3816 3202 3923 3237 mu-

2370 3255 2507 3309 tatio
2544 3253 2619 3308 ad
2644 3273 2831 3309 nonum
2846 3279 2871 3320 ,-
2896 3266 3017 3328 post
3041 3254 3181 3310 hano
3204 3264 3284 3309 est
3318 3254 3638 3311 hodiernum
3682 3258 3923 3324 Adloun,

2372 3332 2522 3405 cujus
2552 3335 2875 3388 mentionem
2916 3332 3059 3406 apud
3096 3332 3360 3406 Scylacem
3399 3334 3559 3389 latere
3576 3376 3595 3407 ‚
3625 3335 3722 3391 ubi
3764 3338 3929 3393 codex

2370 3413 2526 3468 habet
2546 3412 2679 3481 ἄλλη
2711 3412 2873 3484 (Leg.
2908 3412 3126 3483 Ἀδληῖ)
3171 3412 3341 3476 πόλις.
3378 3412 3580 3484 conjeci
3620 3416 3675 3469 in
3706 3426 3839 3473 tom.
3879 3435 3925 3483 1,

2372 3510 2428 3566 p.
2455 3494 2755 3549 CXXXIII.
2790 3496 2902 3548 Aut
2938 3493 3133 3547 horum
3171 3491 3407 3546 locorum
3442 3510 3611 3547 unum
3648 3494 3932 3552 alterumve

2373 3571 2526 3626 Philo
2554 3571 2754 3627 Eloeam
2780 3570 2993 3637 dixerit,
3017 3583 3109 3627 aut
3133 3571 3314 3627 alium.
3338 3573 3475 3628 Nam
3511 3574 3671 3629 istum
3698 3592 3805 3633 orae
3826 3588 3933 3634 tra-

2375 3662 2549 3719 ctum,
2588 3670 2734 3707 nunc
2777 3652 2886 3708 sere
2923 3652 3191 3707 desertum
3207 3693 3222 3717 ,
3261 3651 3387 3708 olim
3423 3653 3633 3727 oppidis
3675 3658 3935 3714 consitum

2377 3730 2536 3788 fuisse
2559 3734 2743 3805 ingens
2773 3751 2891 3806 quae
2916 3732 3223 3806 perduravit
3250 3733 3615 3806 sepulcrorum
3656 3739 3810 3809 copia
3856 3749 3935 3794 te-

2376 3822 2563 3868 statur.
2582 3815 2694 3885 11-
2706 3831 2768 3885 91
2781 3831 2802 3868 1
2814 3852 2830 3869 .
2849 3815 3078 3868 Versum
3095 3810 3315 3869 laudant
3328 3814 3623 3887 Stephanus
3646 3834 3697 3871 v.
3723 3820 3938 3890 Βηρυτός

2378 3902 2430 3947 et
2446 3894 2620 3948 Draco
2635 3910 2690 3966 p.
2709 3897 2798 3950 28.
2826 3892 3045 3966 Βηρυτὸν
3062 3911 3123 3966 eq
3133 3916 3159 3957 ,·
3178 3892 3262 3947 καὶ
3280 3893 3500 3965 Βηρυτοῦ
3520 3891 3640 3949 αἶαν
3664 3900 3741 3960 Η,·
3760 3896 3941 3970 tpara-

2380 3968 2470 4038 νὴν
2503 3975 2681 4038 BDM,
2706 3990 2791 4045 pr.
2819 3990 2893 4028 m.
2926 3976 3007 4030 00
3031 3982 3085 4026 et
3112 3973 3363 4045 Stephani
3388 3972 3549 4031 codd.
3582 3974 3777 4039 Rhed„
3807 3979 3943 4033 Vos·

2378 4054 2554 4108 sianus
2566 4053 2931 4108 etPerusinus.
2954 4053 2977 4123 11
2996 4081 3069 4093 -
3086 4066 3212 4123 91²·
3237 4053 3515 4125 Tanquam
3528 4051 3749 4109 Hesiodi
3766 4074 3943 4112 versus

2378 4131 2621 4188 laudatur
2649 4134 2705 4186 in
2732 4132 2911 4202 Etym.
2937 4132 3014 4184 M.
3040 4148 3093 4183 ν.
3122 4130 3328 4195 Βόὸλος.
3360 4154 3384 4181 α
3412 4134 3581 4187 Error
3601 4131 3750 4190 facile
3774 4146 3946 4209 potest

2380 4231 2409 4267 a
2435 4211 2643 4285 Byblini
2669 4210 2775 4264 viui
2800 4211 3056 4265 memoria
3081 4210 3341 4277 derivari,
3372 4212 3430 4264 in
3452 4228 3559 4284 qua
3577 4213 3819 4284 proxime
3841 4216 3948 4269 He·-

2380 4290 2591 4346 siodum
2621 4293 2795 4364 Etym.
2819 4292 2896 4344 M.
2940 4290 3251 4364 appellabat.
3283 4312 3307 4341 a
3349 4291 3564 4345 Banna.
3589 4290 3783 4345 Σιδῶνα
3804 4295 3916 4351 DF
3926 4333 3941 4357 ‚

2379 4372 2557 4427 Σιδόνα
2577 4374 2859 4442 BGKMQ
2870 4370 3115 4428 Eustath.
3138 4369 3209 4425 ad
3231 4388 3284 4428 v.
3312 4386 3437 4441 1173
3462 4368 3658 4425 Σιδῶνα
3678 4370 3725 4426 τ’
3743 4370 3853 4427 ἀνθ’
3870 4376 3947 4438 N,-

2380 4452 2684 4527 ἠνεμόεσσαν
2706 4452 3089 4523 AcEGnget
3114 4470 3239 4525 mgo
3263 4456 3383 4511 OY.
3415 4472 3438 4503 a
3464 4452 3718 4525 Διιμῗινας
3738 4450 3949 4507 Sidonis

2383 4532 2707 4607 ἂνθιμόεντας
2734 4532 2789 4587 in
2815 4534 3045 4606 Europae
3077 4542 3235 4607 raptu
3264 4531 3513 4587 Moschus
3539 4548 3595 4598 a,
3625 4532 3694 4588 63
3720 4531 3949 4587 celebra·

2384 4614 2477 4671 vit.
2522 4635 2546 4665 ι
2584 4614 2795 4670 Bmu.
2836 4611 3131 4685 Βοστρόνοιο
3158 4614 3234 4668 D.
3263 4612 3477 4667 Flavius
3504 4610 3659 4683 juxta
3698 4612 3949 4667 Sidonem

2384 4693 2553 4749 fluens
2567 4710 2712 4747 nune
2724 4702 2945 4747 vocatur
2966 4692 3121 4749 Nala-
3135 4691 3187 4746 εί
3208 4691 3457 4747 ΑιιιναΙεΙι
3476 4694 3556 4764 (v.
3576 4692 3767 4748 Ritter.
3796 4702 3838 4748 t.
3861 4708 3945 4764 17,

2386 4789 2441 4845 p.
2473 4772 2631 4842 tao).
2674 4772 2993 4825 Bostrenum
3020 4769 3155 4824 alius
3178 4788 3337 4826 nemo
3381 4780 3799 4842 commemorat,
3846 4772 3947 4826 nisi

2388 4848 2512 4909 fort.
2555 4867 2752 4904 nomen
2778 4848 2892 4921 ejus
2929 4848 3071 4922 apud
3112 4850 3378 4923 Scylacem
3416 4855 3447 4920 S
3492 4854 3589 4915 104
3618 4852 3673 4905 in
3700 4861 3952 4925 corrupta

2388 4948 2517 4985 voce
2561 4928 2762 5002 Βορινός
2802 4928 2944 4985 latet.
2984 4930 3055 4985 V.
3086 4937 3219 4986 tom.
3272 4946 3321 4995 1,
3352 4947 3408 5003 p.
3436 4930 3787 4985 CXXXVIII.
3824 4930 3849 5003 ΙΙ
3879 4961 3953 4974 -

2391 5011 2516 5083 913.
2544 5007 2719 5072 δδατος
2758 5012 2831 5066 Ν.
2867 5009 2991 5079 11-
3028 5013 3154 5079 914.
3201 5008 3465 5081 Ὀρθοσίδα
3494 5010 3733 5082 Μάραθόν
3776 5028 3831 5065 τι
3878 5013 3952 5075 G,-

2398 5088 2662 5161 Ὃρθοσίδα
2688 5088 2844 5143 etiam
2874 5106 2918 5144 s.
2968 5090 3163 5145 Forma
3197 5086 3434 5161 Ὀρθωσίς
3473 5088 3631 5155 alibi,
3694 5100 3952 5163 quantum

2390 5171 2552 5225 sciam
2571 5210 2588 5235 ,
2631 5186 2741 5224 non
2785 5167 2961 5223 obvia.
3009 5166 3315 5241 Ὀρθωσιάς,
3352 5168 3637 5227 Orthosias
3654 5210 3669 5235 ,
3701 5169 3862 5225 habes
3896 5170 3951 5223 in

2388 5249 2523 5305 Tab.
2554 5251 2708 5304 Peut.
2728 5259 2783 5303 et
2810 5250 3005 5320 Geogr.
3034 5250 3165 5307 Rav.
3194 5248 3247 5316 5,
3274 5266 3306 5318 7
3329 5249 3462 5303 etin
3488 5248 3649 5303 codd.
3683 5248 3954 5304 Strabonis

2393 5346 2449 5402 p.
2481 5332 2606 5395 641,
2649 5330 2717 5385 36
2740 5328 2829 5383 ed.
2855 5327 3065 5394 Didot„
3086 5328 3180 5383 ubi
3222 5346 3289 5382 ex
3319 5329 3566 5401 Epitome
3592 5344 3739 5382 nunc
3781 5325 3957 5383 editur

2400 5408 2649 5484 Ὀρθωσία
2667 5448 2684 5476 ,
2714 5408 2866 5463 sicuti
2896 5409 3081 5463 ceteris
3108 5406 3237 5463 loeis
3264 5425 3462 5463 nomen
3496 5407 3675 5463 hocin
3697 5406 3957 5463 Strabone
