4584 6284
2067 480 2531 545 Pffitssesssls.

529 618 650 699 (aas)
679 627 908 682 Thraces
933 634 1084 680 arant
1102 634 1226 696 post
1245 623 1346 678 hos
1367 624 1614 679 latissima
1631 642 1755 677 rura
1782 633 2014 678 tenentes
2031 663 2048 690 ,

681 731 796 786 quae
815 723 1021 767 torrens
1038 712 1250 783 stringit
1272 710 1496 782 finitque
1519 709 1856 783 Propontidis
1885 710 2056 775 unda,

679 809 838 871 atque
862 798 1188 872 Hellesponti
1213 795 1390 852 fauees
1411 796 1613 869 AEgaeus
1633 806 1687 852 et
1704 796 1855 854 altus.

678 886 922 939 Nascitur
937 885 1028 939 hie
1048 883 1278 957 scopulis
1305 883 1526 939 Pallenae
1542 901 1747 955 gemam
1774 883 2036 955 refulgens
2051 922 2069 951 ,

538 980 650 1045 325,
679 973 930 1027 asterium
953 971 1235 1045 perhibent
1265 987 1281 1025 ε
1307 970 1468 1025 stellis
1490 982 1686 1026 certare
1707 982 1957 1045 putatum

678 1069 732 1113 et
755 1059 984 1113 flammo
1009 1056 1192 1112 similis
1213 1056 1506 1130 splendenti
1530 1056 1726 1112 lumine
1743 1058 1964 1130 lychnis.

529 1128 648 1209 (³⁸⁰)
677 1146 750 1201 ni
773 1146 916 1218 ripas
931 1144 1053 1199 Istri
1078 1153 1346 1217 pon-ectas
1365 1141 1601 1217 undique
1619 1145 1902 1215 stringunt.

753 1234 983 1305 Europe
1003 1230 1228 1305 reliquas
1250 1249 1397 1287 nune
1419 1243 1591 1305 partes
1614 1232 1784 1305 aspice
1806 1243 2008 1298 ternas,

681 1320 942 1375 Phoebeos
966 1337 1184 1391 vergens
1209 1318 1400 1392 quihus
1421 1320 1614 1374 eminet
1634 1318 1720 1374 illa
1737 1320 1838 1374 sub
1857 1330 2023 1376 ortus.

541 1410 653 1462 330
682 1406 862 1461 Prima
880 1416 960 1460 est
974 1444 992 1471 ,
1015 1406 1306 1477 Hispanum
1333 1423 1452 1477 quae
1477 1404 1666 1477 frangit
1689 1405 1842 1461 litore
1865 1417 2122 1479 pontum3

684 1492 844 1547 altera
860 1532 876 1557 ,
899 1492 1230 1564 Tyrrhenum
1257 1510 1374 1563 qnae
1399 1492 1568 1564 pulsat
1585 1492 1810 1546 molibus
1829 1510 2042 1565 oequor3

685 1578 867 1644 tertia,
897 1594 1014 1649 quae
1037 1578 1224 1633 Graios
1248 1578 1554 1633 circumflua
1579 1580 1782 1649 gurgite
1805 1580 1992 1651 pascit.

685 1664 788 1719 Sed
819 1675 992 1719 tamen
1011 1681 1264 1717 oceanum
1287 1664 1544 1735 contingit
1567 1664 1768 1719 Iberics
1799 1664 1946 1719 tellus

533 1750 654 1825 (8³0)
685 1749 962 1805 ooeiduum
980 1788 996 1815 ,
1021 1748 1216 1821 Calpen
1242 1766 1360 1821 quae
1384 1766 1644 1805 summam
1670 1752 1892 1805 sustinet
1921 1767 2078 1805 unam

541 1837 653 1889 335
683 1834 922 1890 Herculis
944 1853 977 1889 e
997 1836 1208 1903 statuis3
1229 1853 1388 1907 quam
1415 1854 1574 1909 supra
1601 1834 1746 1891 diva
1767 1847 1820 1890 et
1842 1837 1945 1892 alta

680 1923 950 1976 Tartessus
964 1960 980 1987 ,
1004 1921 1318 1994 Cempsique
1342 1920 1528 1977 sedent
1551 1924 1642 1995 qui
1663 1922 1883 1977 eollibus
1913 1924 2032 1977 imis

679 2008 998 2081 Pyrr-henes,
1024 2007 1210 2063 eaelum
1237 2026 1357 2081 quae
1382 2010 1548 2081 tangit
1570 2010 1762 2064 vertice
1787 2027 2019 2066 summo.

531 2100 650 2178 (ῃο)
683 2098 778 2150 Ast
795 2094 974 2149 ambas
999 2095 1138 2149 inter
1160 2094 1312 2149 tellus
1329 2093 1470 2166 jacet
1497 2095 1888 2150 Ausonida-um
1907 2136 1922 2162 ,

679 2182 846 2237 limite
867 2200 1030 2255 quam
1055 2193 1202 2237 recto
1221 2182 1454 2237 mediam
1477 2194 1617 2238 seeat
1636 2185 1946 2256 Apenninus
1977 2200 1992 2239 ε

537 2280 651 2337 340
681 2271 771 2343 qui
795 2289 976 2337 mons,
998 2270 1254 2344 incipiens
1271 2271 1446 2326 boreis
1467 2289 1532 2325 ex
1553 2271 1772 2344 Alpibus
1797 2271 1932 2325 altus
1945 2311 1963 2338 ,

683 2359 740 2411 in
766 2358 900 2412 fieta
924 2358 1140 2413 Sicania:
1164 2369 1432 2431 porrectas
1452 2360 1696 2413 terminat
1720 2376 1858 2417 oras.

530 2442 656 2523 (sss)
684 2444 844 2498 Hunc
865 2444 1022 2499 urbes
1047 2446 1248 2499 circum
1265 2484 1281 2511 ,
1303 2444 1484 2517 populi
1505 2456 1787 2517 gentesque
1803 2445 2134 2518 frequentent

688 2549 824 2603 quos
845 2531 1073 2587 breviter
1095 2544 1324 2604 retegam
1351 2544 1534 2587 nostro
1558 2534 1652 2587 tibi
1681 2536 1913 2588 earmine
1937 2544 2154 2589 cunctos

688 2620 948 2693 Tyrrheni
971 2622 1202 2694 primum
1225 2620 1412 2687 fortes,
1428 2620 1686 2695 juxtaque
1708 2621 1928 2694 Pelasgi,

541 2726 657 2778 245
687 2705 922 2779 Cyllenes
944 2706 1214 2780 quondam
1235 2708 1451 2781 propria
1472 2708 1564 2780 qui
1586 2707 1709 2763 sede
1729 2708 1906 2763 relicta

683 2796 973 2867 Tyrrhenis
993 2796 1159 2850 socias
1179 2796 1448 2867 petierunt
1467 2796 1687 2849 navibus
1708 2814 1874 2853 arces.

531 2874 656 2956 (aso)
684 2881 796 2935 Hos
819 2898 987 2954 prope
1011 2892 1138 2935 sunt
1163 2882 1309 2936 omni
1337 2890 1640 2953 superantes
1665 2881 1820 2936 laude
1843 2882 2048 2947 Latini,

683 2986 914 3040 quorum
935 2986 1030 3041 per
1051 2979 1246 3023 terram
1265 2968 1516 3022 discurrit
1533 2969 1588 3023 in
1615 2986 1826 3041 aequora
1847 2968 2024 3025 Tibris

681 3058 853 3126 regius
869 3096 886 3122 ,
911 3058 1110 3128 irriguo
1127 3056 1331 3111 dirimit
1347 3058 1439 3128 qui
1458 3058 1664 3127 gurgite
1685 3060 1906 3113 Romam
1925 3097 1944 3123 ,

545 3155 654 3206 350
684 3146 934 3211 Romam,
959 3162 1078 3217 qum
1099 3146 1326 3215 genitrix
1354 3162 1538 3215 regum
1555 3144 1858 3199 dominatur
1885 3146 1942 3199 in
1964 3146 2168 3199 orbem.

683 3231 808 3284 Post
828 3229 928 3283 hos
952 3230 1145 3302 pingue
1165 3230 1336 3284 solum
1357 3232 1614 3301 sequitur,
1635 3231 1920 3302 Campania
1945 3229 2092 3285 dives
2104 3270 2120 3295 ,

685 3315 774 3369 hie
795 3314 888 3369 ubi
909 3315 1262 3387 Parthenopes
1283 3313 1476 3369 domus
1497 3325 1574 3369 est
1601 3316 1886 3371 castissima
1899 3356 1916 3380 ,
1941 3315 2156 3387 frugum

689 3402 903 3469 fertilis;
929 3402 1066 3456 hane
1088 3413 1280 3475 pontus
1305 3403 1533 3475 propriis
1552 3412 1826 3475 exceperat
1851 3402 2028 3457 undis.

537 3491 660 3572 (uo)
689 3488 769 3544 Ad
793 3500 959 3545 noton
980 3502 1084 3555 est,
1105 3490 1256 3561 longe
1277 3508 1439 3563 supra
1459 3489 1698 3546 Sirenida
1719 3508 1904 3563 rupem
1922 3531 1939 3556 ,

533 3582 660 3634 35⁵
690 3577 916 3631 Picentis
939 3576 1086 3631 Silari
1103 3596 1318 3649 gurges,
1341 3576 1618 3649 spectabile
1637 3576 1854 3633 flumen.

691 3666 852 3719 Hune
875 3663 1112 3718 habitant
1129 3682 1294 3738 prope
1315 3664 1542 3729 Lucani,
1570 3664 1839 3737 Brettique
1859 3664 2065 3731 coloni,

691 3750 758 3805 ad
787 3754 996 3807 Iaeueen
1020 3762 1220 3824 petram
1245 3752 1542 3824 longissima
1563 3770 1688 3807 rurs
1714 3763 1967 3810 tenentes.

691 3840 834 3893 Hinc
853 3849 934 3892 est
959 3837 1026 3892 ad
1051 3838 1266 3894 boream
1287 3838 1500 3911 zephyri
1523 3856 1640 3909 quae
1655 3856 1862 3894 summa
1878 3852 2114 3907 vocatur,

541 3931 662 4005 (205)
691 3926 794 3981 sub
821 3945 930 3999 qua
954 3937 1080 3982 sunt
1104 3927 1260 3983 Locri
1285 3926 1503 3991 celera,
1527 3926 1620 3997 qui
1645 3936 1884 4000 tempore
1901 3928 2076 3999 prisco

550 4019 662 4070 ³60
693 4018 828 4070 istuc
851 4016 1086 4087 reginam
1110 4016 1380 4088 propriam
1401 4032 1588 4069 venere
1608 4016 1770 4069 semti
1785 4052 1803 4081 ,

691 4102 1088 4173 Ausoniamque
1113 4111 1323 4167 tenent,
1351 4118 1458 4173 qua
1481 4101 1646 4155 mirrit
1670 4100 1866 4155 flumen
1887 4100 2067 4155 Alecis.

691 4187 884 4243 Moenia
905 4196 1199 4241 cernuntur
1213 4187 1503 4259 Metaponti
1527 4184 1747 4251 deinde,
1770 4187 2102 4259 Cretenque,

538 4269 657 4349 (³70)
689 4290 850 4346 quam
869 4272 1090 4346 pulcher
1105 4284 1308 4344 gratam
1325 4272 1634 4345 praeterfluit
1649 4273 1862 4327 AEsarits
1887 4274 2092 4327 urbem.

687 4362 922 4418 Ulterius
945 4378 1170 4434 pergens
1195 4361 1322 4416 hinc
1345 4360 1539 4434 templa
1561 4363 1778 4417 Lacinia
1793 4380 1995 4417 cernes.

549 4452 660 4505 365
687 4452 813 4505 Post
837 4448 952 4503 haee
977 4458 1057 4503 est
1080 4447 1296 4521 Sybaris
1311 4488 1328 4512 ‚
1359 4448 1519 4519 periit
1538 4465 1658 4520 quae
1678 4449 1912 4503 numinis
1933 4450 2012 4503 ira
2033 4490 2050 4517 ,

690 4553 996 4609 preponens
1013 4534 1294 4589 hominum
1322 4534 1554 4591 tumulos
1575 4533 1872 4589 eoelestibus
1901 4536 2036 4601 υἷες

693 4640 904 4695 poscere
928 4622 1022 4695 qui
1045 4622 1178 4675 Pisis
1193 4622 1306 4677 ansi
1331 4622 1618 4676 certamina
1643 4621 1764 4679 soli.

543 4704 663 4786 (ms)
692 4709 948 4763 Samnites
969 4706 1144 4762 medio
1163 4706 1528 4779 complectitur
1549 4706 1678 4762 Itala
1703 4708 1852 4762 tellus

694 4798 752 4849 in
776 4794 978 4867 gremio
992 4832 1010 4859 ,
1028 4794 1336 4865 Marsosque
1357 4793 1535 4850 simul.
1561 4794 1715 4848 Tunc
1739 4792 1934 4848 deinde
1956 4795 2250 4851 Tarentum

545 4892 662 4946 370
693 4883 928 4953 tangitur
947 4880 1244 4953 aequoribus
1259 4921 1275 4948 ,
1303 4880 1450 4953 quod
1467 4882 1740 4936 munivere
1760 4884 2016 4939 Lacones.

691 4971 962 5026 Continuo
987 4968 1218 5026 Calabrae
1237 4970 1433 5025 telluris
1455 4988 1578 5025 rura
1601 4982 1912 5041 sequuntur.

534 5057 656 5127 μευ)
689 5061 873 5131 Usque
899 5058 1052 5130 nyrii
1077 5074 1336 5113 summam
1357 5056 1450 5111 sed
1475 5056 1643 5111 tendit
1666 5058 1870 5130 Iapygis
1895 5076 1991 5111 ora
2016 5074 2031 5111 ε

689 5162 794 5219 qua
811 5144 934 5199 salis
951 5140 1200 5198 Hadriaci
1218 5142 1444 5198 trahitur
1460 5144 1776 5197 vastissimus
1797 5155 1950 5198 aestus
1962 5183 1979 5209 ,

689 5242 846 5304 atque
861 5230 1040 5285 sinum
1060 5239 1342 5303 penetrans
1363 5229 1662 5301 Aquileiam
1685 5228 1879 5301 colligit
1900 5230 2100 5295 undas;

530 5332 660 5386 ,3¹15
691 5318 791 5371 alta
815 5318 1150 5387 Tegoetraeon
1178 5326 1455 5388 postrema
1481 5315 1669 5370 moenia
1695 5328 1846 5371 terrae
1862 5355 1880 5380 ,

1045 5422 1224 5465 eroes.
1255 5428 1304 5464 ιι.

2334 5144 2577 5197 Boeotum
2596 5140 2835 5211 seqnitur
2855 5138 2973 5191 finis
2986 5177 3003 5203 ,
3030 5155 3142 5211 quo
3167 5135 3364 5192 dicitur
3386 5135 3528 5190 unda

2333 643 2438 698 qua
2453 626 2599 680 sinus
2622 628 2805 680 ionius
2824 625 3010 681 finitur
3035 626 3240 698 gurgite
3259 626 3413 685 lasso.

2329 713 2399 767 Hi
2422 721 2545 766 sunt
2564 712 2812 767 Ausoniae
2836 712 3017 785 populi
3044 723 3331 786 gentesque
3348 724 3585 787 potentes

2400 799 2606 856 Flexilis
2630 799 2757 855 binc
2780 810 2978 875 pontus
2998 812 3310 856 convertens
3333 804 3505 873 vergit
3528 801 3597 858 ad
3612 814 3792 867 ortus,

2328 896 2485 959 atque
2512 886 2873 942 Liburnorum
2897 897 3091 953 terras,
3117 888 3401 962 Hyllesque
3419 889 3641 958 seroces,

2326 972 2600 1027 Bulimeon
2622 973 2820 1045 pariter
2836 974 3209 1046 praestringens
3230 974 3385 1029 litora
3409 977 3606 1042 currit,

2327 1068 2384 1114 et
2401 1060 2543 1113 ven'it
2564 1058 2765 1133 Illyrias
2791 1060 2893 1115 late
2916 1071 3191 1133 porrectus
3208 1060 3277 1116 ad
3294 1080 3466 1129 arces,

2328 1164 2461 1219 quas
2484 1145 2674 1201 tollunt
2699 1156 2938 1212 montes,
2962 1146 3163 1202 exeelsa
3188 1148 3449 1203 Ceraunia
3464 1188 3480 1216 ,
3499 1167 3747 1207 summas.

2332 1232 2581 1287 Cernitur
2600 1232 2690 1287 hic
2712 1232 2949 1287 tumulus
2961 1272 2977 1299 ,
3002 1234 3097 1305 qui
3123 1232 3311 1289 Cadmi
3328 1232 3525 1289 dieitur
3543 1254 3654 1291 esse

2330 1318 2734 1391 Harmoniaeque
2760 1318 2916 1373 simul
2946 1335 2961 1373 ε
2988 1336 3217 1391 namque
3240 1319 3329 1375 hie
3354 1322 3681 1394 serpentibus
3710 1322 3784 1377 illi

2331 1422 2553 1477 corpora
2569 1416 2689 1479 post
2702 1405 2917 1477 longum
2936 1415 3144 1479 tempus
3170 1416 3399 1463 mutasse
3424 1406 3665 1464 feruntur

2331 1491 2389 1544 in
2410 1491 2557 1545 senio
2574 1529 2591 1556 ,
2618 1502 2899 1564 postquam
2914 1491 3140 1564 patriam
3154 1492 3470 1565 Thebasque
3486 1494 3808 1568 relinquunt.

2333 1574 2435 1629 Hic
2456 1573 2569 1629 ollis
2591 1573 2735 1629 aliud
2753 1585 3045 1647 posuerunt
3070 1576 3291 1631 numina
3316 1588 3613 1633 monstrum
3638 1595 3654 1635 :

2336 1680 2563 1735 namque
2586 1662 2699 1718 duo
2724 1662 2916 1717 tumuli
2940 1675 3265 1719 concurrunt
3291 1676 3439 1738 peste
3458 1665 3662 1731 futura,

2334 1748 2631 1819 significant
2647 1749 2853 1821 quoties
2874 1750 3153 1804 sevissima
3174 1746 3368 1805 damna
3388 1752 3605 1806 colonis.

2336 1835 2463 1888 Haee
2484 1834 2628 1905 regio
2654 1832 2855 1888 sontem
2874 1834 3128 1889 mirando
3152 1836 3382 1909 eoneipit
3410 1835 3563 1892 undae
3580 1877 3595 1904 ,

2334 1937 2493 1991 quem
2516 1920 2707 1975 merito
2733 1930 2931 1975 veteres
2952 1919 3201 1975 dixemnt
3222 1923 3440 1978 nomine
3462 1924 3709 1991 δια-πως

2337 2023 2461 2059 naun
2482 2004 2681 2078 gelidus
2700 2016 2910 2079 superat
2926 2016 3233 2061 cunctarum
3252 2007 3417 2080 frigus
3432 2026 3689 2082 aquarum
3705 2048 3722 2075 ,

2334 2094 3037 2167 accemsquefieessiquis
3062 2094 3716 2169 propeduxeritundam,

2334 2181 2619 2253 exstinguit
2641 2182 2905 2248 flammas3
2934 2182 3121 2255 recipit
3135 2181 3227 2237 sed
3245 2201 3427 2238 rursus
3444 2182 3648 2239 easdem
3667 2224 3684 2252 ,

2334 2266 2607 2325 admoveat
2625 2267 2810 2324 dextn
2826 2284 2947 2323 eum
2964 2268 3271 2324 exstinetam
3294 2269 3532 2344 lampada
3554 2269 3709 2327 sonti.

2335 2356 2437 2411 Sed
2454 2374 2610 2430 supra
2630 2356 2871 2412 Thracen
2894 2374 3118 2413 necnon
3138 2357 3341 2431 Epiron
3364 2356 3433 2413 sd
3450 2368 3654 2415 ausu-os

2336 2445 2654 2519 principium
2680 2456 2835 2501 terra
2854 2443 3155 2501 doctissima
3174 2447 3377 2502 Gracia
3394 2448 3583 2514 sumit,

2337 2532 2619 2587 ascendens
2646 2532 2906 2601 multum,
2934 2534 3247 2607 geminoque
3266 2534 3365 2588 sub
3381 2552 3591 2607 equore
3608 2536 3780 2592 cineta
3798 2575 3816 2603 ,

2336 2618 2512 2690 AEgeo
2532 2618 2837 2692 Sieuloque,
2867 2630 3081 2675 movent
3108 2638 3227 2692 que
3252 2620 3465 2676 flamine
3484 2622 3627 2677 venti

2336 2704 2543 2760 diverso
2572 2722 2588 2760 ε
2616 2705 2847 2761 Siculum
2875 2706 3131 2781 zephyrus
3148 2716 3289 2761 tenet
3302 2746 3319 2772 ,
3340 2725 3501 2763 eurus
3516 2719 3569 2763 at
3587 2708 3749 2763 altum

2338 2794 2589 2865 AEgaeum.
2618 2796 2867 2867 Sequitur
2890 2795 3093 2869 Pelopis
3110 2806 3235 2868 post
3250 2795 3419 2850 insula
3436 2795 3565 2862 lata,

2337 2880 2620 2934 consimilis
2636 2879 2761 2937 folio
2785 2880 3011 2955 platani,
3041 2880 3187 2955 quod
3212 2884 3378 2937 muris
3403 2893 3605 2937 acutam

2336 2970 2622 3042 equiparat
2646 2967 2901 3035 caudam
2920 2968 3071 3041 eujus
3078 2968 3220 3041 jaeet
3236 2970 3457 3025 isthmos
3474 2971 3645 3042 imago
3662 3010 3677 3037 ,

2336 3056 2575 3111 Hellados
2592 3056 2661 3111 ad
2678 3058 2893 3113 boream
2910 3058 3121 3113 sibimet
3140 3058 3367 3113 confinia
3380 3058 3640 3131 jungens3

2335 3142 2487 3197 latior
2506 3152 2561 3197 at
2584 3142 2761 3209 tellus,
2781 3141 2967 3198 solium
2987 3160 3085 3198 eeu
3111 3144 3307 3209 flexile,
3330 3144 3531 3199 eimnm

2334 3230 2561 3299 cingitur
2580 3227 2901 3302 aequoribus.
2928 3230 3227 3303 Zephyrum
3252 3230 3589 3302 Triphyllidis
3609 3249 3730 3285 arva

2332 3316 2628 3387 excipiunt,
2650 3333 2749 3387 per
2765 3333 2926 3387 quam
2946 3314 3215 3371 deseendit
3237 3316 3455 3371 flumine
3475 3316 3698 3389 pulchro
3768 3332 3777 3346 ·

2334 3399 2555 3473 Alpheus
2566 3440 2583 3467 ,
2607 3400 2703 3472 qui
2719 3401 2944 3455 Messeni
2960 3398 3277 3455 discinditur
3290 3399 3451 3455 undis

2334 3490 2544 3542 Eurotae
2566 3503 2581 3542 ι
2606 3488 2762 3542 terris
2782 3486 2943 3541 ambo
2960 3496 3250 3542 nascuntur
3266 3490 3417 3543 Aseis
3431 3526 3447 3553 ,

2332 3575 2421 3629 hic
2448 3584 2621 3629 tamen
2646 3573 2801 3629 Eleos
2816 3613 2833 3639 ,
2862 3583 2917 3628 at
2938 3571 3135 3627 dividit
3151 3572 3237 3628 ille
3256 3575 3509 3631 Laconas.

2344 3663 2439 3717 Hie
2458 3660 2643 3717 mediis
2659 3662 2897 3717 habitant
2916 3660 3019 3716 late
3040 3662 3235 3716 telluris
3256 3663 3313 3715 iu
3330 3663 3470 3716 arvis

2334 3748 2561 3804 Arcades
2583 3747 2839 3823 Apidanei
2864 3748 2963 3803 sub
2988 3747 3216 3820 seopulis
3239 3749 3549 3821 Erymanthi
3573 3765 3589 3803 z

2335 3855 2439 3908 qua
2461 3836 2622 3891 Melas
2649 3847 2804 3908 atque
2834 3834 3043 3890 Crathis
3062 3835 3237 3901 fluvii,
3258 3853 3369 3909 qua
3388 3838 3553 3891 currit
3568 3838 3700 3891 Iaon
3714 3877 3732 3906 ,

2334 3921 2569 3977 tenditur
2592 3932 2751 3995 atque
2768 3932 2915 3976 vetus
2933 3938 3041 3995 qua
3056 3921 3215 3995 longo
3234 3922 3437 3995 gurgite
3453 3920 3659 3979 Ladon.

2334 4012 2436 4065 Hie
2460 4010 2683 4065 merulas
2702 4010 2983 4083 perhibent
3008 4010 3151 4065 albas
3167 4049 3184 4077 ,
3203 4009 3443 4065 mirabile
3462 4009 3637 4077 dictu;

2335 4098 2424 4153 hie
2448 4098 2589 4151 nasei
2605 4095 2859 4170 lapidem,
2883 4097 2977 4169 qui
3003 4108 3143 4153 tacto
3162 4114 3413 4152 aecensus
3430 4096 3498 4151 ab
3515 4098 3625 4169 igni

3921 2262 4035 2314 aas

3924 2344 4043 2423 (Μ)

3919 2706 4037 2760 400

2336 4184 2597 4255 exstingui
2621 4183 2889 4255 nequitur,
2908 4200 3071 4256 quem
3087 4184 3235 4238 Graii
3251 4184 3467 4238 nomine
3484 4200 3608 4237 vero

2337 4272 2597 4327 asbestum
2616 4281 2915 4326 memorant
2934 4288 2950 4326 ς
2973 4270 3097 4325 ferri
3120 4274 3255 4327 nitet
3270 4272 3355 4327 ille
3370 4272 3562 4327 colore.

2336 4361 2497 4414 Juxta
2520 4369 2600 4413 est
2622 4357 2875 4429 Argivum
2902 4357 3083 4423 tellus,
3102 4358 3405 4431 pariterque
3421 4358 3690 4413 Laeonum
3714 4374 3731 4413 τ
3760 4398 3771 4411 .

2338 4456 2485 4501 ortus
2509 4446 2717 4517 Argivi,
2745 4454 3073 4517 verguntque
3095 4445 3329 4500 Lacones
3350 4441 3419 4498 sd
3441 4454 3664 4500 austros.

2338 4531 2657 4604 AEqnoribus
2674 4530 2893 4602 geminis
2916 4529 3137 4584 isthmos
3153 4529 3389 4602 pulsatur
3408 4530 3672 4603 utrimque
3694 4546 3708 4584 ε

2338 4620 2441 4674 hoc
2464 4618 2712 4693 Ephyren
2727 4627 2911 4673 eontra
2928 4616 3185 4689 zephyrus
3199 4654 3217 4683 ,
3238 4616 3331 4670 sed
3354 4616 3592 4671 verberat
3608 4614 3737 4671 illud

2338 4722 2523 4771 eurus,
2551 4704 2609 4760 in
2625 4704 2941 4759 immensum
2963 4719 3080 4775 quae
3100 4702 3357 4773 mergitur
3374 4701 3518 4757 unda
3542 4700 3889 4775 profundum,

2336 4796 2551 4851 nomine
2568 4810 2729 4867 quam
2745 4792 2915 4847 Danai
2930 4790 3113 4846 dixere
3129 4790 3384 4845 Saronida
3401 4791 3592 4862 priseo.

2335 4886 2509 4939 Attica
2528 4882 2621 4936 sed
2644 4880 2794 4935 tellus
2814 4890 2935 4953 post
2957 4879 3187 4933 isthmon
3210 4878 3333 4935 solis
3358 4877 3428 4932 ad
3450 4890 3623 4934 ortum
3650 4889 3747 4933 est.

2335 4972 2473 5025 Hinc
2497 4967 2789 5040 Orithyiam
2815 4969 3006 5021 Boreas
3028 4966 3269 5037 rapuisse
3294 4964 3518 5038 puellam

2335 5055 2577 5118 traditur,
2606 5053 2695 5109 hie
2718 5054 2894 5107 Ilissus
2917 5054 3063 5123 aquis
3081 5050 3375 5105 devolvitur
3396 5048 3584 5105 amnis.

3920 4890 4037 4943 425

2335 5247 2445 5284 esse
2469 5226 2734 5301 potestatis
2754 5224 2969 5279 diversa
2994 5240 3010 5279 t
3038 5241 3266 5296 namque
3282 5222 3491 5279 duobus

2344 5312 2639 5369 numinibus
2656 5312 2806 5366 vertit
2832 5328 3107 5365 vervecum
3131 5309 3249 5364 lana
3274 5310 3500 5366 colorem
3517 5350 3534 5376 ,

3624 5405 3675 5448 lS
