4584 6284
1718 553 2065 617 ANAPLUS
2106 551 2432 614 Bospoat
2475 551 2822 613 Tflnacu.

3779 566 3856 621 w

657 688 1002 759 conformata.
1055 686 1315 755 Quidam,
1374 686 1549 757 inquit
1564 726 1580 749 ,
1612 682 1765 740 aiunt
1782 726 1799 749 ‚
1832 682 2067 739 audacice
2109 682 2213 753 sig-
2305 682 2428 737 <lata
2447 681 2690 737 facultate
2705 722 2722 749 ,
2750 700 2816 735 ex
2837 681 2940 737 boc
2957 700 3084 738 saxo
3109 693 3334 739 mortem
3352 685 3716 759 appetiverunt
3731 726 3747 753 ,
3771 688 3866 743 ita·

656 797 779 833 num
799 794 905 833 esse
927 774 1296 846 navigantium
1312 814 1327 839 ,
1364 773 1621 829 deterrens
1645 771 1979 827 temeritatem
1998 770 2217 841 naviga·

658 864 819 921 tionis
848 863 1105 940 periculis
1124 862 1342 937 plenam
1356 902 1375 927 ‚
1418 870 1581 935 atque
1606 858 1871 915 ostendens
1900 856 2217 915 redeuntium

655 950 850 1007 salutis
859 947 1187 1020 felicitatem
1207 958 1259 1003 et
1277 945 1535 1023 pietatem
1564 964 1583 999 .·
1608 964 1711 1001 non
1733 944 1869 1001 enim
1897 945 2009 1000 sine
2029 956 2217 1000 terrore

658 1050 931 1112 utrumque
952 1048 1050 1095 est.
1078 1035 1196 1091 Alii
1226 1034 1411 1091 dicunt
1439 1052 1663 1110 puerum
1694 1032 1749 1089 in
1771 1033 1944 1089 littore
1968 1043 2219 1087 errantem

656 1126 933 1201 aliquanto
944 1138 1074 1201 post
1096 1123 1298 1181 venisse
1314 1142 1473 1199 quam
1488 1143 1515 1179 e
1521 1133 1686 1199 portu
1706 1122 1861 1178 navis
1872 1121 2047 1177 soluta
2066 1130 2216 1188 esset,

658 1212 954 1287 salutisque
994 1211 1351 1287 desperatione
1386 1209 1641 1281 affectum
1656 1250 1671 1275 ,
1708 1226 1891 1264 manus
1929 1206 2005 1263 ad
2038 1207 2219 1263 calum

663 1299 865 1355 tendere
878 1322 901 1365 ,-
919 1299 1077 1375 pueri
1102 1310 1275 1354 autem
1300 1314 1479 1373 preces
1511 1294 1662 1351 deum
1686 1293 2041 1351 exaudientem
2067 1294 2218 1349 redu-

661 1387 807 1444 xisse
826 1406 1013 1442 navem
1042 1386 1099 1441 iu
1129 1399 1360 1460 portum.
1399 1383 1521 1441 Alii
1554 1383 1707 1439 aiunt
1738 1382 1793 1439 iu
1820 1401 2009 1453 magm
2052 1382 2218 1439 maris

664 1473 1067 1548 tranquillitate,
1096 1471 1236 1528 onmi
1260 1484 1409 1528 vento
1426 1472 1610 1527 silente
1624 1510 1643 1538 ,
1663 1489 1796 1525 nave
1810 1468 1907 1525 diu
1926 1468 2214 1536 retardata,

658 1574 859 1619 nautas
884 1560 1063 1637 inopia
1078 1572 1241 1635 potus
1268 1558 1553 1622 laborasse,-
1580 1557 1841 1614 navarcho
1866 1569 2039 1613 autem
2056 1555 2221 1611 visio·

664 1666 777 1703 nem
815 1647 1058 1704 insedisse
1071 1686 1087 1715 ,
1106 1647 1371 1721 jubentem
1386 1687 1403 1715 ,
1444 1658 1504 1701 ut
1530 1644 1825 1701 navarchus
1858 1643 2029 1713 filium
2064 1660 2219 1699 suum

663 1734 979 1807 sacrificaret
992 1773 1008 1800 ,
1038 1752 1139 1788 non
1174 1733 1309 1788 enim
1343 1732 1453 1787 alio
1489 1731 1639 1789 modo
1673 1748 1831 1807 passe
1845 1728 2054 1803 assequi
2082 1747 2218 1785 com-

664 1832 887 1875 meatum
923 1832 975 1875 et
1010 1831 1208 1874 ventos.
1257 1818 1543 1874 Namare-loo
1572 1816 1877 1873 necessitate
1916 1827 2123 1881 coacto,
2167 1827 2219 1869 et

665 1994 885 2052 tendisse
900 2036 915 2059 ‚
936 1994 1089 2050 deum
1106 2013 1229 2051 vero
1246 1994 1606 2051 misericordia
1627 2006 1823 2049 motum
1850 1993 1913 2048 ob
1934 1990 2221 2047 absurdum

654 2082 809 2158 pueri
843 2081 1163 2157 supplicium
1186 2082 1347 2157 obque
1377 2080 1532 2157 pueri
1557 2091 1765 2135 atatem
1789 2078 2063 2135 sustulisse
2091 2097 2221 2154 pue·

661 2188 801 2233 rum,
831 2179 883 2223 et
916 2180 1127 2223 ‘tuntum
1171 2166 1453 2224 secundum
1504 2166 1801 2223 immisisse.
1846 2169 1973 2221 Hoec
2012 2164 2221 2240 quidem

659 2271 711 2313 et
738 2258 823 2313 leis
845 2257 1113 2313 contraria
1130 2298 1145 2322 ,
1184 2269 1245 2311 ut
1277 2256 1463 2331 cuique
1484 2255 1751 2331 placuerit
1769 2295 1784 2320 ,
1810 2254 2081 2310 credibilia
2108 2254 2219 2310 eaei·

656 2346 951 2401 stimentur.

730 2433 881 2487 Hanc
904 2431 1179 2485 historiam
1204 2432 1551 2486 Philostratus
1584 2429 1722 2503 (Im.
1760 2446 1809 2497 1,
1840 2432 1941 2501 ια)
1968 2428 2116 2485 aliter
2140 2432 2223 2485 in-

666 2521 936 2592 terpretari
976 2518 1205 2574 videtur.
1257 2542 1281 2567 ι
1314 2516 1637 2572 Mulierculae
1657 2556 1672 2582 ,
1702 2518 1875 2589 inquit
1888 2557 1904 2584 ,
1948 2516 2005 2571 in
2045 2517 2224 2573 littore

664 2605 980 2670 acclamant,
1010 2623 1175 2678 equos
1200 2616 1375 2659 autem
1401 2622 1589 2675 rogare
1630 2602 1893 2670 videntur,
1934 2622 2001 2658 ne
2034 2622 2225 2677 pueros

664 2692 942 2765 abjiciant,
972 2710 1104 2747 neve
1147 2691 1293 2747 frena
1332 2700 1611 2763 respuant,
1644 2689 1739 2745 sed
1780 2690 1911 2745 seras
1940 2692 2149 2764 capiant
2172 2704 2227 2745 et

656 2779 972 2835 conculcent
1004 2796 1017 2834 :
1044 2796 1271 2852 quarum
1288 2778 1533 2851 precibus
1558 2778 1877 2832 commoveri
1900 2778 2021 2849 equi
2047 2777 2230 2833 viden-

662 2878 767 2925 tur.
824 2869 1039 2923 ,Pueros
1080 2878 1285 2933 autem,
1316 2865 1409 2920 ubi
1448 2868 1621 2920 venati
1660 2876 1859 2933 essent,
1900 2877 1953 2920 et
1994 2866 2225 2939 praedam

654 2954 945 3028 cepissent,
972 2956 1121 3009 navis
1156 2974 1219 3009 ex
1248 2956 1463 3026 Europa
1490 2955 1547 3007 in
1574 2954 1751 3009 Asiam
1788 2951 1977 3025 trajicit
2002 2972 2099 3027 per
2126 2954 2227 3009 fic·

662 3051 773 3096 tum
794 3040 957 3095 latum
986 3051 1215 3113 quatuor
1236 3039 1402 3096 stadia
1434 3042 1457 3107 (
1472 3049 1678 3095 tantum
1713 3042 1854 3095 enim
1894 3040 2225 3097 intervallum

660 3126 853 3182 distant
878 3125 988 3181 duo
1018 3126 1203 3196 orbes)
1229 3138 1280 3180 et
1306 3128 1565 3197 remigum
1585 3126 1683 3199 ipsi
1706 3125 1999 3198 funguntur
2022 3125 2220 3184 officio.

662 3216 796 3269 Eece
832 3224 1007 3269 autem
1048 3214 1326 3269 rudentem
1360 3212 1599 3287 jaciunt,
1642 3214 1837 3287 excipit
1868 3214 2008 3287 ipsos
2032 3214 2225 3269 domus

660 3302 1037 3369 amoenissima‚
1080 3302 1335 3357 thalamos
1368 3312 1423 3355 et
1466 3300 1731 3356 andronas
1778 3300 2225 3375 fenestrarumque

666 3376 870 3459 vestigia
892 3388 1289 3451 subostendens,
1316 3405 1473 3441 muro
1497 3386 1820 3442 circumdata
1846 3387 2019 3459 pinnis
2039 3398 2225 3461 etpro-

666 3474 965 3545 pugnamus
990 3485 1269 3539 exornato,
1302 3484 1353 3527 et
1388 3473 1566 3545 (quod
1607 3473 1798 3527 domus
1829 3484 1907 3527 est
1937 3473 2226 3546 pulcherri-

669 3561 838 3630 mum)
860 3558 969 3631 ejus
994 3562 1224 3631 porticus
1256 3558 1662 3624 semicirculum,
1698 3558 1887 3615 coloris
1930 3560 2063 3614 cerei
2108 3577 2227 3633 spe-

668 3645 803 3699 ciem
823 3662 1005 3716 gerens
1022 3664 1053 3699 a
1076 3644 1335 3717 lapidibus
1350 3646 1407 3700 in
1432 3646 1545 3717 ipsa
1568 3646 1896 3713 constitutis,
1922 3646 2227 3702 circumstat

668 3749 831 3786 mare.
882 3732 952 3787 Hi
990 3731 1185 3805 lapidas
1222 3733 1507 3805 gignuntur
1546 3751 1612 3787 ex
1651 3730 1829 3799 sonte3
1868 3750 2057 3806 aquam
2083 3736 2227 3790 enim

672 3816 891 3876 calidam
944 3828 1147 3873 montes
1183 3819 1419 3891 Pbrygiae
1443 3820 1719 3887 emittunt,
1754 3830 1809 3873 et
1841 3819 2015 3875 fluxus
2041 3820 2227 3876 induc-

672 3915 756 3959 tus
782 3916 797 3941 ¹
828 3905 883 3959 in
910 3903 1145 3959 latomias
1169 3904 1403 3961 madidas
1428 3904 1588 3960 efficit
1620 3915 1886 3978 petrarum
1916 3904 2113 3979 aliquas
2138 3926 2229 3963 co·

671 3992 798 4047 loris
823 3994 1005 4065 aquei,
1050 4003 1103 4047 et
1126 3992 1361 4065 lapidum
1396 3995 1801 4049 excrescentiam
1823 3993 1947 4051 facit
1962 4036 1979 4061 ‚
2004 4006 2063 4050 ut
2088 3996 2229 4069 ipso·

674 4097 795 4135 rum
821 4080 952 4133 varii
990 4079 1193 4134 colores
1214 4082 1459 4135 existam.
1522 4080 1629 4135 Ubi
1660 4081 1803 4136 enim
1836 4100 1971 4154 aqua
1993 4092 2197 4153 stagnat
2210 4123 2225 4148 ,

672 4164 947 4220 turbidum
966 4164 1196 4220 colorem
1229 4177 1283 4220 et
1306 4184 1519 4222 cereum
1553 4164 1792 4235 inducit3
1820 4166 1914 4222 uhi
1946 4184 2074 4223 vero
2096 4186 2233 4242 aqua

670 4268 801 4324 pura
814 4291 830 4318 ,
876 4251 1105 4306 colorem
1144 4251 1503 4324 crystallinum
1542 4250 1728 4319 efficit,
1770 4253 2047 4327 multisque
2081 4266 2233 4327 epota

672 4334 1015 4391 foraminibus
1038 4335 1239 4409 lapides
1262 4339 1447 4393 variat.
1468 4336 1571 4393 Sed
1600 4338 1747 4393 littus
1772 4339 2029 4395 excelsum
2047 4352 2153 4408 est,
2178 4352 2231 4397 et

667 4423 969 4495 hujusmodi
987 4422 1175 4481 fabule
1198 4424 1299 4481 fert
1322 4424 1642 4500 symbolum.
1656 4427 1833 4484 Puella
1844 4446 1905 4483 ac
1924 4448 2056 4504 puer
2078 4429 2235 4485 ambo

672 4512 919 4579 formosi,
958 4511 1295 4587 eundemque
1317 4512 1710 4586 frequentantes
1735 4527 2107 4590 praeceptorem
2122 4558 2137 4583 ,
2164 4516 2231 4572 ad

670 4611 911 4655 mutuum
954 4619 1189 4657 amorem
1224 4612 1565 4670 exarserunt,
1618 4614 1671 4659 et
1710 4604 1853 4660 nulla
1888 4606 2231 4679 amplectendi

672 4856 923 4910 Mercurii
968 4855 1247 4912 Philesium
1292 4859 1579 4930 τετράπουν.
1634 4860 1892 4931 Suspicari
1944 4858 2066 4915 lieet
2107 4861 2231 4915 Fani

672 4951 886 5007 quoque
903 4945 1125 4991 statuam
1146 4948 1537 5011 repraesentasse
1558 4938 1824 5006 Φιλήσιον,
1854 4941 2001 5012 quasi
2023 4942 2229 4995 Mercu·

672 5014 815 5067 rium
854 5013 1115 5085 quendam
1158 5014 1419 5071 camillum
1462 5019 1570 5073 sive
1612 5018 1957 5073 saoeiiicuium
1973 5058 1989 5085 ,
2044 5036 2230 5074 manus

672 5090 861 5145 eoelum
893 5110 1073 5148 versus
1099 5094 1417 5151 tendentem.

746 5184 797 5223 1.
828 5168 1032 5225 Flu-‘rus
1062 5171 1307 5227 inductus
1336 5177 1480 5245 etc.]
1508 5174 1567 5229 ln
1595 5176 1772 5248 grate-is
1792 5177 1977 5248 legitur
1998 5179 2095 5251 (p.
2124 5179 2227 5250 349

668 5244 758 5299 ed.
787 5244 971 5302 Didot.
992 5249 1054 5319 ):
1098 5248 1290 5321 Θερμδν
1330 5250 1428 5323 γὰρ
1461 5255 1593 5324 νᾶμα
1629 5253 1855 5326 ὖπεκρέον
1882 5254 1943 5309 τὰ
1976 5259 2063 5324 τῆς
2093 5256 2227 5310 κάτω

672 5322 889 5395 Φρυγίας
909 5324 999 5399 ὄρη
1027 5326 1112 5381 καὶ
1138 5328 1195 5382 τὸ
1232 5326 1385 5401 ῥεῦμα
1410 5328 1458 5395 ἔς
1480 5330 1565 5395 τὰς
1592 5332 1829 5405 λατομίας
1866 5332 2041 5407 ἔσάγον
2067 5334 2227 5407 ὓπύμ·

672 5401 813 5475 ὅρους
846 5402 1100 5477 ἐργάζεται
1122 5412 1219 5463 τῶν
1252 5416 1439 5482 πετρῶν
1469 5411 1596 5475 ἰνίας
1620 5412 1703 5467 καὶ
1733 5412 1952 5481 ὓδατώθη
1976 5417 2114 5469 ποιεῖ’
2138 5413 2228 5482 τὴν

2307 787 2410 841 que
2441 770 2568 825 hinc
2593 772 2648 825 in
2671 770 2854 843 primis
2879 780 2932 825 et
2957 772 3232 843 postremis
3254 772 3581 847 amplexibus
3605 792 3662 829 se
3686 776 3870 849 praeci·

2308 858 2440 929 pites
2479 868 2718 931 egerunt.
2749 856 2958 931 Cupido
2995 866 3158 933 supra'
3179 872 3380 933 petram
3417 864 3724 933 consistens,
3761 882 3870 920 ma·

2308 963 2437 1001 num
2461 944 2690 1001 intendit
2719 944 2786 999 ad
2813 963 2974 1001 mare.
2997 950 3200 1003 Domus
3225 945 3418 1003 deinde
3439 949 3598 1005 vidua
3628 949 3817 1007 colitur
3839 970 3872 1007 a

2309 1032 2614 1090 muliercula
2645 1032 2717 1089 ob
2748 1031 3006 1105 juvenum
3044 1034 3334 1091 molestiam
3367 1053 3432 1091 ex
3467 1036 3601 1093 urbe
3638 1055 3869 1110 egressu

2307 1122 2510 1197 rapturi
2537 1122 2678 1176 enim
2701 1139 2869 1195 ipsam
2905 1119 3235 1189 videbantur,
3264 1132 3319 1178 et
3339 1122 3624 1197 petulantia
3646 1125 3874 1199 quadam

2309 1209 2614 1281 lascivisque
2641 1208 3000 1264 saltationibus
3021 1226 3082 1264 ac
3098 1208 3418 1265 carminibus
3439 1228 3556 1265 cam
3573 1209 3873 1285 frequenter

2309 1296 2552 1363 adibant,
2601 1296 3012 1370 muneribusque
3056 1296 3401 1354 sollicitabant
3446 1314 3462 1353 ε
3495 1308 3550 1353 at
3587 1298 3700 1372 ipsa
3737 1299 3874 1357 fastu

2309 1385 2542 1459 quodam
2568 1395 2728 1457 atque
2763 1385 2926 1439 animi
2971 1383 3192 1441 elatione
3227 1386 3284 1441 in
3319 1404 3412 1441 eos
3449 1394 3628 1454 utens,
3675 1386 3874 1445 vellicat

2307 1472 2718 1529 adolescentulos
2733 1512 2750 1540 ,
2779 1484 2830 1527 et
2857 1472 2965 1527 huc
2985 1490 3184 1545 egressa
3201 1512 3217 1539 ,
3239 1474 3498 1529 munitam
3519 1473 3656 1531 bane
3676 1475 3876 1533 habitat

2308 1559 2548 1615 domum.
2578 1559 2946 1633 contemplare
2973 1559 3116 1615 enim
3141 1599 3158 1627 ,
3191 1578 3352 1634 quam
3388 1562 3596 1617 munita
3617 1564 3701 1621 sit.
3732 1564 3873 1618 Ρη·

2308 1650 2548 1723 cipitium
2572 1660 2589 1685 ²
2617 1650 2762 1703 enim
2797 1650 2852 1702 in
2875 1665 3020 1702 mare
3044 1649 3268 1715 eminet,
3296 1648 3442 1721 quod
3477 1648 3547 1703 ab
3587 1650 3694 1705 ima
3723 1660 3873 1723 parte

2309 1736 2440 1789 mari
2475 1734 2686 1789 alluitur
2711 1732 3008 1797 lubricum,
3037 1751 3070 1788 a
3097 1734 3352 1806 superiori
3391 1744 3538 1806 parte
3581 1733 3874 1807 projectum

2255 1876 2261 1896 ,
2313 1821 2450 1876 hanc
2477 1823 2797 1876 maritimam
2828 1822 3049 1877 sustinet
3076 1821 3314 1889 domum,
3336 1821 3436 1877 sub
3458 1840 3565 1894 qm
3590 1840 3738 1878 mre
3763 1841 3876 1879 ma,

654 1922 853 1981 parato
866 1925 1086 1982 puerum
1112 1906 1407 1979 sacruficare
1420 1947 1436 1971 ,
1462 1922 1648 1959 manus
1680 1904 1887 1979 quidem
1898 1922 2124 1980 puerum
2142 1916 2217 1958 te·
2255 1904 2261 1941 ’-

2309 1908 2388 1979 gis
2413 1907 2680 1961 ceruleum
2716 1906 2928 1962 videtur
2963 1906 3355 1963 demittentibus
3381 1908 3559 1963 oculos
3586 1908 3642 1963 in
3677 1910 3872 1983 ipsum.

2307 1995 2372 2048 In
2394 1992 2533 2049 hanc
2553 1993 2774 2051 domum
2802 1992 2994 2049 sortem
3019 1994 3118 2050 etsi
3135 1994 3324 2049 mulier
3345 2012 3401 2049 se
3423 1994 3667 2064 contulit,
3696 2004 3871 2051 tamen

2309 2100 2420 2137 non
2459 2100 2574 2137 eam
2615 2081 2940 2154 reliquerunt
2977 2092 3210 2137 amantes
3253 2082 3458 2156 pulchri
3497 2093 3553 2137 et
3578 2084 3816 2139 coronati
3851 2103 3867 2141 ι

2309 2167 2402 2224 sed
2427 2169 2514 2224 hic
2538 2167 2755 2244 quidem
2782 2168 3001 2224 cerulea
3027 2186 3226 2243 prorae,
3265 2168 3396 2225 alter
3423 2169 3698 2239 inauratae,
3736 2171 3874 2227 alius

2309 2257 2524 2313 alterins
2549 2255 2738 2313 coloris
2770 2257 3062 2313 naviculam
3102 2258 3362 2331 ingressus
3384 2258 3594 2331 navigat
3607 2296 3626 2325 ,
3669 2276 3877 2316 necnon

2311 2348 2508 2405 Comus
2543 2346 2682 2419 ipse,
2717 2344 2770 2401 id
2799 2356 2907 2414 est,
2939 2344 3204 2402 ebrietatis
3229 2342 3359 2400 deus
3385 2360 3400 2399 ε
3443 2355 3497 2400 et
3529 2344 3620 2400 hic
3657 2345 3874 2419 quidem

2309 2432 2440 2487 tibia
2473 2433 2640 2499 canit,
2669 2432 2798 2487 alter
2824 2450 2950 2487 vero
2975 2430 3178 2505 plaudit
3195 2471 3211 2498 ,
3242 2431 3372 2486 alius
3394 2442 3601 2500 cantat3
3631 2450 3872 2501 coronas,

2311 2530 2373 2574 ut
2397 2530 2557 2592 puto,
2587 2529 2744 2591 atque
2768 2518 2942 2573 oscula
2959 2536 3170 2573 sursum
3183 2516 3388 2590 jaciunt
3402 2557 3417 2584 ,
3439 2536 3538 2573 nec
3563 2536 3736 2574 remos
3767 2520 3874 2591 agi·

2313 2614 2454 2669 tant,
2482 2604 2576 2659 sed
2597 2604 2863 2671 inhibent,
2902 2614 2956 2659 et
2990 2605 3251 2677 applicant
3291 2604 3496 2675 navigia
3530 2604 3602 2659 ad
3637 2606 3877 2679 praeeipi-

2315 2692 2451 2747 tium
2483 2708 2496 2746 ε
2539 2690 2848 2746 muliercula
2889 2709 3012 2745 vero
3039 2708 3104 2745 ex
3141 2688 3304 2746 domo
3319 2729 3336 2757 ,
3378 2689 3520 2745 velut
3556 2710 3621 2745 ex
3659 2690 3870 2765 specula

2315 2776 2456 2833 videt
2491 2776 2632 2843 baec,
2662 2789 2717 2833 et
2741 2778 2877 2832 ridet
2917 2777 3294 2833 lascivientium
3333 2794 3483 2833 more
3522 2779 3579 2833 in
3622 2788 3874 2847 amantes,

2313 2879 2406 2917 eos
2431 2879 2542 2916 non
2557 2860 2730 2917 solum
2753 2862 3023 2933 navigare,
3051 2860 3144 2917 sed
3169 2862 3325 2917 ctiam
3350 2872 3530 2917 natare
3557 2880 3766 2934 cogens.
3793 2865 3876 2919 Ac

2314 2948 2607 3023 procedens
2632 2952 2688 3005 in
2715 2948 2998 3025 spectanda
3023 2951 3256 3023 pictura,
3291 2949 3487 3006 incides
3528 2952 3582 3005 in
3609 2961 3876 3019 armenta,

2313 3048 2366 3093 et
2391 3038 2683 3109 mugientes
2703 3036 2863 3093 boves
2889 3036 3070 3092 audies
3087 3078 3102 3107 ‚
3133 3048 3185 3091 et
3213 3036 3509 3092 fistularum
3559 3055 3660 3091 vox
3702 3048 3754 3092 te
3779 3036 3882 3093 cir·

2315 3126 2666 3193 cumsonabit,
2685 3136 2739 3181 et
2763 3128 2817 3181 in
2842 3135 3112 3182 venatores
3135 3123 3352 3191 incides,
3368 3134 3420 3179 et
3445 3124 3696 3195 agricolas
3707 3135 3761 3180 et
3778 3124 3878 3179 flu-

2316 3212 2428 3267 vios
2471 3221 2525 3267 et
2557 3212 2700 3267 lacus
2724 3223 2777 3267 et
2801 3212 2970 3267 sontes
2999 3210 3280 3284 (expressit
3324 3210 3467 3265 enim
3506 3212 3712 3283 pictura
3741 3221 3794 3266 et
3817 3229 3877 3267 ea

2317 3316 2436 3371 qum
2461 3310 2658 3355 suntet
2675 3318 2794 3372 qum
2817 3298 2953 3355 fiunt
2967 3309 3020 3353 et
3039 3310 3098 3353 ut
3112 3297 3353 3371 quaedam
3379 3297 3492 3353 fieri
3517 3308 3747 3370 possent,
3769 3316 3878 3354 non

2315 3385 2388 3439 ob
2435 3384 2826 3441 multitudinem
2851 3384 3078 3456 segniter
3120 3384 3417 3456 exprimens
3457 3384 3724 3437 veritatem
3737 3422 3753 3450 ,
3783 3384 3878 3439 sed

2313 3470 2588 3545 perficiens
2615 3470 2942 3541 singulorum
2965 3472 3234 3543 propriam
3267 3472 3576 3537 naturam),
3609 3468 3782 3525 donec
3803 3469 3872 3525 ad

2316 3555 2498 3611 sanum
2523 3558 2918 3629 pervenerimus
2938 3576 2954 3622 ;
2975 3555 3229 3630 templum
3255 3556 3433 3621 etiam,
3461 3553 3606 3627 quod
3633 3554 3740 3611 illic
3767 3566 3874 3623 est,

2314 3652 2466 3716 puto,
2501 3641 2665 3709 vides,
2691 3652 2744 3697 et
2761 3641 3058 3709 columnas,
3085 3659 3204 3715 quae
3239 3642 3378 3695 circa
3401 3641 3574 3713 ipsum
3600 3650 3724 3696 sunt
3749 3660 3876 3697 eon·

2315 3732 2508 3785 stituue
2521 3770 2538 3797 ,
2583 3739 2639 3784 et
2665 3731 2720 3784 in
2744 3746 2836 3784 ore
2863 3730 3016 3785 Ponti
3055 3727 3189 3783 faces
3215 3746 3282 3783 ex
3315 3726 3524 3802 specula
3559 3727 3774 3784 sublata
3809 3728 3876 3784 ad

2315 3816 2702 3874 ostendendum
2725 3836 2784 3871 os
2810 3817 2968 3871 Ponti
2995 3817 3243 3874 navibus.
3282 3838 3307 3865 ι·

2386 3905 2538 3959 Hanc
2557 3903 2858 3960 Philostrati
2879 3905 3140 3978 picturam
3166 3902 3344 3971 attuli,
3371 3920 3434 3957 ex
3461 3920 3523 3957 ea
3540 3902 3806 3975 colligens,
3833 3905 3876 3959 si

2319 4010 2439 4048 vere
2503 3992 2848 4049 Philostratus
2903 3994 3277 4065 interpretatur
3290 4031 3307 4058 ,
3358 3989 3642 4065 aliquando
3698 4010 3878 4047 revera

2319 4090 2742 4151 representatam
2766 4078 2924 4133 fuisse
2961 4079 3029 4133 ab
3069 4078 3180 4145 bis,
3219 4078 3312 4152 qui
3353 4080 3618 4151 angustias
3656 4078 3878 4151 Bospori

2320 4167 2564 4223 accolunt
2580 4207 2596 4234 ,
2648 4166 2944 4222 volentibus
2996 4177 3090 4221 aut
3129 4184 3189 4221 re
3222 4167 3335 4239 ipsa
3381 4175 3475 4221 ant
3509 4164 3632 4220 ficta
3671 4164 3880 4221 aemula-

2319 4256 2468 4311 tione
2489 4254 2630 4328 apud
2676 4273 2796 4310 suas
2821 4256 3085 4326 angustias
3107 4254 3328 4309 similem
3359 4271 3594 4309 amorem
3619 4252 3802 4325 puellm
3825 4263 3880 4309 et

2319 4342 2472 4414 pueri
2499 4340 2748 4397 accidisse
2772 4342 2820 4396 ei
2832 4380 2849 4408 ,
2873 4341 2966 4413 qui
3001 4340 3191 4396 accidit
3217 4338 3360 4415 apud
3383 4338 3762 4414 Hellespontias
3787 4357 3879 4394 an-

2323 4432 2542 4505 gustias,
2581 4429 2650 4485 ad
2677 4432 2880 4486 Sestum
2909 4440 2960 4485 et
2987 4428 3234 4503 Abydum
3263 4446 3276 4484 ε
3309 4446 3610 4503 quanquam
3631 4445 3764 4503 puer
3793 4426 3880 4483 ille

2323 4516 2544 4573 tendens
2567 4535 2752 4573 manus
2778 4516 2944 4571 videri
2977 4518 3139 4589 possit
3161 4516 3248 4571 ille
3280 4533 3441 4589 quem
3463 4526 3584 4570 ante
3606 4514 3878 4589 descripsit

2327 4608 2610 4680 Dionysius
2631 4608 2926 4679 Byzantius.
2963 4608 3098 4661 Nam
3118 4604 3290 4660 nullus
3322 4615 3508 4660 auctor
3532 4602 3719 4671 tradit,
3747 4621 3876 4676 pue·

2323 4860 2519 4931 ἔκφυσιν
2573 4866 2671 4916 τῶν
2721 4860 2893 4927 λίθων,
2941 4860 3052 4917 ὅθεν
3097 4858 3254 4915 «brev
3301 4858 3385 4915 καὶ
3426 4858 3592 4915 πολλὰ
3635 4857 3697 4913 τὰ
3741 4859 3876 4931 χρώ·

2322 4959 2472 5013 ματα.

2389 5036 2442 5076 a.
2471 5022 2834 5094 Prcecipitium
2855 5021 2994 5093 etc.]
3017 5020 3194 5076 Graeca
3219 5020 3292 5073 ita
3311 5018 3505 5073 habent
3531 5034 3544 5073 ε
3567 5016 3791 5089 Κρημνὸς
3812 5020 3877 5089 τῇ

2318 5098 2538 5172 θαλάττῃ
2582 5098 2809 5170 {piot-qus
2845 5097 2910 5153 τὰ
2949 5098 3036 5171 μὲν
3080 5098 3356 5171 ιλυζόμινα
3391 5096 3766 5166 ὖπωλισθηκώς,
3813 5092 3874 5148 τὰ

2315 5178 2361 5231 δ’
2389 5178 2493 5232 ἅνω
2519 5178 2906 5251 προεκκεῑμινος,
2933 5175 3114 5251 ἔφαλόν
3141 5195 3250 5233 τινα
3273 5176 3454 5245 ταύτην
3477 5174 3670 5248 ἀνέχων
3693 5172 3872 5240 οἰκίαν,

2314 5256 2393 5330 ὕφ’
2418 5251 2478 5325 ἧς
2502 5258 2585 5311 καὶ
2617 5256 2650 5325 ἡ
2692 5258 2910 5313 θάλαττα
2939 5257 3214 5329 κυανωτίρα
3249 5256 3471 5329 φαίνεται
3505 5254 3802 5328 καθιεμένων
3828 5250 3876 5317 ἔς

2316 5334 2467 5403 αὐτὴν
2490 5342 2586 5389 τῶν
2616 5334 2902 5408 ὀφθαλμῶν,
2923 5335 3006 5389 καὶ
3033 5332 3148 5408 ἡγῆ
3173 5336 3436 5407 παρέχεται
3463 5332 3526 5388 τὰ
3564 5334 3684 5397 νεὼς
3714 5334 3876 5387 πάντα

2317 5413 2447 5483 πλὴν
2471 5418 2558 5468 τοῦ
2585 5416 2840 5471 κινεῖσθαι.
