4584 6284
2002 514 2510 577 COMMENTAm
2523 516 2568 577 l.
3751 534 3866 587 88⁹

659 648 891 727 ,μείωσαι
932 649 987 711 δὲ
1019 649 1099 709 ὅτι
1135 652 1163 707 ὁ
1204 647 1515 729 Γεωγράιρος
1540 649 1743 723 ἱστορεῖ
1782 643 1873 703 καὶ
1910 643 2223 722 Εὖρωπαίαν
2311 662 2462 699 serva
2500 644 2644 715 quod
2671 646 3014 720 Geograpbus
3052 652 3143 723 (p.
3189 650 3324 721 139)
3351 662 3530 705 narrat
3555 654 3870 727 Europum

668 736 1083 815 Μεσοποταμίαν
1113 726 1249 794 εἶναι
1266 778 1285 809 ,
1312 732 1379 806 ἣν
1424 734 1613 795 Κελτοὶ
1660 733 1903 809 νέμονται
1928 731 2021 791 καὶ
2058 738 2228 793 Δυσι-
2313 750 2526 803 quoque
2560 751 2670 787 esse
2697 734 3128 807 Mesopotamiam
3145 777 3162 802 ,
3205 756 3364 809 quam
3399 738 3631 795 incolant
3655 741 3787 796 Celti
3823 752 3880 797 et

746 932 851 975 vu.
870 911 1001 973 Ὅτι
1032 912 1264 972 ίπαινῶν
1288 907 1383 981 τὴν
1412 907 1829 988 Μεσοποταμίαν
1854 911 1952 987 γῆν
1978 929 2133 991 φησιν
2158 910 2227 974 ὡς

606 1022 643 1064 ο
671 1030 695 1057 α
723 1001 853 1063 οὔτε
896 1000 1016 1071 τοὺς
1041 997 1231 1077 νομοὺς
1259 1001 1463 1073 ἐκείνης
1498 997 1631 1081 ἀνὴρ
1662 997 1901 1079 βουκόλος
1928 996 2226 1081 μέμψεται,

667 1090 703 1164 ἢ
733 1090 922 1169 μήλοις
948 1087 1231 1171 ἀγραύλοις
1259 1087 1593 1171 ἐφεπόμενος.
1623 1116 1647 1141 1·
1726 1081 1913 1150 Ἄλλαι
1934 1085 1989 1147 δὲ
2020 1086 2229 1153 πάντως

668 1177 829 1258 νομαὶ
858 1177 1036 1257 βουσὶν
1066 1176 1255 1257 ἀγαθαὶ
1274 1222 1292 1253 ,
1325 1175 1417 1236 καὶ
1446 1176 1601 1237 ἄλλαι
1630 1177 1841 1253 μήλοις,
1867 1177 1937 1243 ὡς
1960 1175 2051 1235 καὶ
2073 1179 2107 1249 ἡ
2126 1178 2227 1235 τῶν

669 1265 1079 1347 Λαιστρυγόνων
1108 1268 1177 1343 γῆ
1226 1266 1373 1337 δηλοῖ
1414 1263 1563 1345 παρὰ
1588 1268 1665 1343 τῷ
1714 1266 1917 1343 Ποιητῇ
1935 1285 1949 1300 ·
1988 1263 2131 1341 λέγει
2172 1260 2228 1321 δὲ

670 1356 763 1415 καὶ
790 1354 874 1413 ὅτι
902 1353 1019 1414 οὗδὶ
1048 1353 1155 1429 μὴν
1188 1352 1317 1425 ὕλην
1352 1354 1603 1426 παντοίην
1639 1352 1911 1436 φυτοεργὸς
1940 1351 2074 1434 ἀνὴρ
2102 1355 2229 1411 ἀθε-

600 1454 647 1496 ιο
676 1442 864 1521 ρίσατο
892 1444 1129 1521 καρπῶν.
1215 1440 1419 1519 1Ἀροσίς
1446 1464 1505 1499 τε
1540 1439 1665 1522 γὰρ,
1692 1438 1866 1523 φησὶν,
1889 1442 1995 1501 ἐκεῖ
2024 1437 2227 1518 ἀγαθὴ,

670 1528 767 1588 καὶ
801 1526 937 1587 πόαν
972 1526 1116 1597 αὔξει
1142 1528 1343 1599 πολλὴν
1364 1572 1381 1602 ,
1408 1528 1501 1587 καὶ
1522 1531 1570 1587 οἱ
1596 1530 1743 1605 νομοὶ
1772 1528 2025 1605 εὐανθεῖς,
2058 1526 2150 1585 καὶ
2196 1531 2230 1597 ἡ

673 1616 781 1674 τῶν
808 1616 1006 1695 ἀνδρῶν
1031 1614 1202 1696 φύτλη
1217 1615 1475 1688 καλλίστη
1504 1614 1594 1675 καὶ
1621 1615 1888 1683 ἀθανάτοις
1906 1616 2060 1693 ὁμοία
2082 1614 2231 1691 (ταῦ-

676 1704 767 1764 τ“ον
799 1703 855 1763 δὲ
878 1707 1041 1763 εἰπεῖν
1072 1704 1328 1779 θεοειδὴς,
1366 1704 1457 1763 διὰ
1504 1704 1565 1764 τὸ
1594 1704 1885 1775 ἅξιοθίατον
1920 1703 2013 1764 καὶ
2054 1703 2232 1763 εὔδαι-

674 1794 841 1870 μον).
928 1790 1035 1853 Καὶ
1088 1791 1185 1865 τὴν
1233 1795 1339 1851 τῶν
1380 1790 1667 1873 Ἀρμενίων
1713 1791 1769 1851 δὶ
1806 1792 1896 1851 καὶ
1940 1794 2230 1853 Ματιανῶν

597 1901 646 1946 ,ιε
672 1879 835 1960 χθόνα
864 1879 991 1960 πρὸς
1020 1880 1207 1961 βορέαν
1234 1884 1329 1951 τῆς
1356 1880 1773 1957 Μεσοποταμίας
1798 1870 1955 1940 οὖσαν
1978 1880 2069 1938 καὶ
2090 1878 2231 1958 ὄρεσι

671 1965 1114 2049 περιειλημμένην
1140 1966 1374 2049 λιπαρὰν
1403 1969 1581 2040 καλεῖ,
1628 1967 1720 2027 καὶ
1746 1966 1861 2035 τοὺς
1897 1969 2003 2027 ἐκεῖ
2045 1966 2233 2048 ἄνδρας

669 2054 910 2137 ἆφνειούς
934 2079 993 2116 τε
1019 2054 1166 2137 λέγει
1191 2054 1283 2116 καὶ
1310 2054 1463 2137 ἄρεος
1499 2048 1559 2117 εὖ
1589 2058 1850 2125 δεδαῶτας
1890 2054 1985 2115 καὶ
2009 2055 2224 2131 πίονας,

666 2146 740 2215 ὥς
766 2142 859 2205 καὶ
886 2146 975 2205 τὸν
998 2143 1276 2227 Ἀραίικὸν
1310 2146 1477 2221 δῆμον
1502 2144 1659 2205 πίονα
1688 2134 1853 2204 εἶπεν.
1939 2142 2031 2212 Ἐξ
2056 2140 2233 2220 Ὁμή-

671 2256 761 2315 ρου
787 2231 843 2293 δὲ
871 2238 907 2307 ἡ
950 2233 1171 2305 τοιαύτη
1205 2233 1452 2312 ἀφορμὴ,
1502 2231 1755 2316 λιπαροὺς
1790 2230 1949 2299 πόδας
1976 2229 2093 2299 τοὺς
2126 2234 2231 2291 τῶν

584 2342 645 2381 2⁰
670 2320 860 2403 ἡρώων
903 2323 1175 2402 λέγοντος
1250 2324 1303 2383 Τ
1303 2322 1333 2379 ὸ
1370 2320 1427 2380 δὲ
1474 2322 1751 2402 αθερίσατο
1790 2318 2059 2400 Ὁμηρικὴ
2100 2320 2233 2387 λε’ξις

679 2409 823 2481 ἐστὶ,
846 2410 939 2471 καὶ
958 2409 1142 2492 ἰρρίθη
1168 2414 1221 2472 ἕν
1234 2418 1341 2477 τοῖς
1365 2413 1437 2477 εἰς
1463 2409 1551 2469 τὸν
1566 2408 1837 2493 Ὅμηρον.
1915 2410 2079 2482 Δηλοῑ
2098 2409 2153 2471 δὲ
2175 2408 2233 2468 τὸ

674 2498 1064 2576 ἀποδοκιμάσαι
1091 2496 1184 2557 καὶ
1212 2500 1522 2580 ἀπορρῖψαι.

743 2589 851 2647 ⁸⁹⁰⁵.
874 2585 1003 2647 Ὅτι
1028 2586 1117 2645 τὸν
1143 2586 1368 2665 ποιμένα
1396 2585 1731 2669 περιφράζων
1758 2584 1893 2647 οὕτω
1913 2582 2096 2666 φησίν·
2126 2610 2149 2636 ι
2174 2580 2228 2651 ὃς

672 2674 884 2756 σύριγγι
912 2672 1186 2756 κερῶνυχα
1215 2677 1373 2735 Πᾶνα
1402 2672 1658 2755 γεραίρων
1682 2673 1868 2751 μήλοις
1897 2671 2230 2753 ἀγραύλοισιν

582 2778 645 2819 ³⁵
672 2764 971 2845 ε’φίσπεται.
1008 2790 1035 2815 ι
1078 2763 1371 2843 Κερώνυχα
1400 2762 1455 2822 δὲ
1480 2762 1571 2821 τὸν
1591 2759 1847 2842 ὀξύκερῶν
1872 2784 2031 2844 φασιν
2054 2762 2103 2819 οἱ
2128 2782 2233 2819 πα-

667 2849 807 2911 λαιοὶ
823 2894 842 2923 ,
872 2853 943 2917 ὣς
966 2854 1056 2909 τοῦ
1075 2848 1259 2929 ὄνυχος
1286 2854 1509 2910 ίνταῧθα
1546 2848 1644 2921 τὴν
1668 2846 1892 2921 ὀξύτητα
1921 2850 2229 2922 δηλοῦντος,

666 2934 806 2997 καθὰ
832 2936 925 2997 καὶ
966 2935 1053 2996 ὅτε
1089 2938 1426 3018 ἀκρωνυχίαν
1459 2936 1607 3017 ὄρους
1636 2935 1829 3014 φαμέν.
1910 2938 1993 2997 Οὐ
2024 2940 2229 3017 φιλοῦσι

662 3024 717 3085 a}
744 3028 931 3086 ἐκεῖνοι
958 3023 1054 3097 τὴν
1096 3024 1330 3086 ἐπίθετον
1368 3025 1572 3097 ταύτην
1613 3024 1751 3093 λε’ξιν
1773 3028 1844 3092 ὡς
1870 3024 1962 3083 καὶ
1991 3024 2229 3103 σκληρὰν

660 3112 751 3173 καὶ
775 3112 921 3172 οὐδὲν
946 3115 1149 3173 ἀστεῖον
1180 3111 1427 3191 ἔχουσαν.

580 3220 635 3259 εο
742 3220 867 3261 tout.
889 3197 1020 3261 ‘Ort
1039 3199 1169 3281 πρὸς
1196 3199 1343 3258 νότον
1366 3204 1460 3271 τῆς
1484 3200 1902 3275 Μεσοποταμίας
1917 3204 1953 3271 ἡ
1984 3199 2223 3282 Περσικὴ

661 3286 977 3367 μητρόπολις
1000 3285 1298 3361 Βαὸυλὼν,
1328 3286 1445 3367 ἱερὰ
1476 3286 1665 3360 πόλις,
1700 3289 1873 3366 τεῖχος
1902 3286 2223 3368 περιὸεὸλη-

667 3374 801 3453 μίνη
823 3377 1053 3455 χαλκοῦν
1078 3374 1217 3433 κατά
1239 3396 1411 3444 τινας,
1440 3374 1531 3433 καὶ
1564 3376 1795 3455 ποταμῷ
1824 3373 2220 3455 περιρρεομένη.

663 3460 899 3536 Ταύτην,
920 3461 1071 3545 φησὶ,
1097 3470 1273 3521 πᾶσαν
1312 3462 1542 3541 τείχεσιν
1562 3461 1877 3543 ἀρραγίεσσι
1919 3460 2221 3544 Σεμίραμις

666 3550 1047 3631 ἐστεφάνωσεν,
1075 3548 1267 3630 δπουγί
1302 3574 1464 3625 τινες,
1486 3553 1557 3618 ὥς
1604 3548 1840 3632 εἴρηται,
1865 3550 1957 3611 καὶ
1987 3554 2220 3632 χαλκοῦν

579 3664 639 3703 ³5
668 3638 803 3719 αὗτῇ
824 3646 995 3720 τεῖχος
1014 3636 1295 3721 ἱστόρησαν
1309 3682 1327 3711 ,
1344 3637 1434 3697 καὶ
1456 3640 1590 3697 ἄλλα
1611 3638 1784 3699 πολλὰ
1803 3639 2069 3717 θαυμάσια
2099 3638 2221 3719 δίχα

665 3729 769 3787 τῶν
799 3726 1042 3807 ἀνωτέρω
1070 3726 1435 3805 ἔκτεθειμίνων
1457 3728 1579 3808 περὶ
1610 3731 1771 3799 αὐτῆς
1798 3726 2046 3795 ἐξέθεντο.
2114 3728 2223 3789 Καὶ

664 3814 752 3873 ἐπὶ
772 3818 841 3893 τῇ
868 3812 1147 3897 ἀκροπόλει
1174 3813 1249 3887 δὲ,
1278 3814 1431 3896 φησὶ,
1454 3816 1633 3895 βωμὸν
1654 3818 1731 3896 τῷ
1752 3814 1910 3893 Βήλῳ
1926 3819 1961 3887 ἡ
1988 3816 2222 3898 Σεμίρα-

665 3925 755 3977 μις
776 3900 982 3983 ἵδρυσε,
999 3906 1183 3985 χρυσῷ
1200 3899 1293 3961 καὶ
1314 3900 1559 3981 ίλίφαντι
1582 3900 1674 3960 καὶ
1693 3901 1905 3983 ἀργύρῳ
1922 3901 2223 3975 ἇσκήσασα.

663 3992 840 4061 Βῆλος
866 3989 923 4049 δὲ
948 3982 1012 4063 ἦν
1044 3990 1293 4070 βασιλεὺς
1342 3988 1683 4063 lineolam,
1706 3990 1815 4057 υἱὸς
1850 3990 2003 4064 Διὸς,
2046 3990 2135 4071 ἀφ’
2164 3995 2224 4048 οὗ

581 4100 638 4139 ao
664 4076 758 4137 καὶ
777 4076 941 4139 πύλαι
962 4076 1275 4145 Βαὸυλῶνος
1300 4078 1537 4151 Βηλίδες,
1560 4076 1707 4149 ἢκαὶ
1728 4080 1757 4137 ὁ
1773 4074 1900 4144 Ζεὺς
1921 4077 2071 4145 αὗτὸς
2090 4076 2224 4136 κατά

661 4188 828 4233 τινας.
910 4165 1005 4227 Διὸ
1047 4163 1141 4226 καὶ
1171 4163 1451 4246 Ἡρόδοτος
1496 4165 1634 4247 ἱερὸν
1680 4156 1813 4224 εἶναι
1864 4166 2040 4226 αὐτόθι
2086 4164 2226 4243 λίγει

658 4252 839 4325 Βήλου
858 4252 1001 4320 Διός.
1087 4251 1157 4313 Ὁ
1180 4252 1337 4320 αὗτὸς
1358 4251 1415 4311 δὲ
1432 4257 1500 4333 τῇ
1524 4252 1843 4335 Βαθυλωνία
1866 4252 2018 4335 χώρα
2040 4256 2227 4313 τοσαύ-

657 4364 753 4416 την
780 4342 1181 4423 προσμαρτυρεῖ
1196 4338 1440 4418 δύναμιν,
1470 4338 1607 4401 ὥστε
1627 4340 1761 4413 αὐτὴ
1789 4338 1904 4419 μὲν,
1930 4342 2079 4422 φησὶ,
2108 4342 2224 4403 τίσ-

662 4538 786 4589 KF.
821 4536 843 4604 ss
871 4551 1017 4589 -ο,
1058 4532 1189 4587 εἶναι
1322 4534 1716 4605 Μεσοποταμίαν
1744 4552 1854 4587 om.
1892 4534 1949 4590 d.
1991 4536 2013 4606 ΙΙ
2050 4565 2121 4577 -
2167 4536 2219 4591 5.

663 4610 877 4683 ἐκείνης]
902 4612 1047 4678 αὖτῆς
1068 4610 1123 4667 d.
1155 4609 1391 4683 βουκόλος
1412 4610 1536 4683 ἀνὴρ
1560 4610 1619 4665 d.
1661 4612 1685 4681 ΙΙ
1706 4641 1781 4653 -
1798 4628 1851 4681 7.
1874 4610 2059 4683 ἀγαθαὶ
2086 4614 2225 4684 βουσὶ

654 4689 715 4742 d.
750 4690 941 4760 11-9.
978 4690 1063 4743 καὶ
1096 4708 1207 4745 om.
1225 4707 1282 4759 y.
1310 4690 1389 4743 δτι
1406 4708 1518 4746 om.
1555 4689 1599 4743 d
1631 4689 1746 4743 οὗδδ
1779 4689 1866 4762 μὶν
1897 4695 1952 4756 0,
1988 4690 2219 4763 οὖὸεμίαν

665 4766 821 4837 vulgo
850 4779 969 4821 ante
990 4768 1209 4833 Bernh.;
1238 4769 1504 4840 φυτουργὸς
1524 4786 1574 4833 γ,
1598 4767 1857 4839 ἅθερίσατο
1874 4776 2073 4840 καρπῶν
2098 4774 2219 4832 DL,-

664 4844 936 4915 ἇθερίσεται
956 4844 1079 4918 ἀνήρ
1110 4850 1193 4909 M,-
1219 4844 1492 4916 ἆθερίσεται
1522 4856 1644 4901 cett.
1696 4848 1719 4917 ΙΙ
1746 4876 1821 4888 -
1858 4863 1942 4902 1ο.
1974 4846 2085 4903 ixei·
2109 4866 2216 4902 om.

658 4922 717 4979 d.
750 4924 773 4995 ΙΙ
806 4952 881 4964 -
908 4940 993 4978 11.
1017 4922 1210 4990 πολλὴν
1229 4922 1409 4985 αὕξεισι
1436 4923 1660 4992 πολλὴν,
1678 4943 1837 4997 supra
1857 4944 1887 4979 ο
1912 4926 2111 4981 ultimae
2129 4946 2221 4979 vo-

656 5002 952 5073 cisponens
976 5022 1050 5068 εο,
1073 5006 1131 5067 0,·
1154 5002 1301 5071 αὔξην
1316 5002 1370 5058 d.
1400 5004 1423 5073 ss
1447 5034 1519 5045 —
1542 5009 1625 5067 ι4.
1652 5003 1706 5057 δὲ
1722 5023 1830 5060 om.
1848 5009 1994 5075 DLy.
2020 5007 2221 5078 βορρίαν

665 5086 724 5145 0,·
740 5078 835 5147 τὴν
860 5082 1245 5153 Μεσοποταμίαν
1270 5102 1329 5155 y.
1367 5084 1389 5153 ΙΙ
1416 5113 1489 5124 -
1520 5089 1604 5138 16.
1650 5082 1821 5138 ἔκεῖδὶ
1857 5083 1997 5157 ἅνδρ.
2028 5084 2217 5157 codd„

658 5176 775 5215 exc.
807 5160 987 5232 cfldy.
1009 5163 1035 5233 ΙΙ
1056 5191 1131 5203 -
1152 5178 1236 5232 17.
1261 5182 1315 5216 τε
1341 5180 1453 5221 om.
1481 5166 1551 5227 0,·
1576 5164 1727 5235 ἅρεως
1757 5168 1826 5220 D.
1857 5166 1879 5235 ΙΙ
1901 5194 1973 5206 -
2004 5167 2090 5220 18.
2121 5162 2219 5235 Ἃρ·

656 5238 775 5310 ραὸ.
811 5243 929 5297 CK.
959 5242 983 5313 ΙΙ
1012 5271 1089 5284 -
1114 5258 1203 5299 20.
1234 5240 1491 5313 ἀθερίσατο
1524 5261 1584 5313 y,
1619 5241 1887 5314 despiceret
1918 5254 2045 5300 cett.
2086 5243 2111 5315 [Ι
2147 5273 2219 5284 -

2317 820 2570 875 Lusitani.

2387 912 2512 979 994.
2541 910 2930 982 Mesopotamiae
2956 912 3184 981 regionis
3210 911 3389 967 laudes
3413 914 3642 969 celebrat
3669 917 3726 970 in
3763 916 3876 971 hec

2317 982 2473 1037 verba
2499 999 2513 1037 :
2551 1006 2572 1033 ι
2595 984 2776 1056 Neque
2799 983 2936 1037 illius
2964 995 3104 1039 certe
3121 1002 3314 1057 pascua
3331 986 3592 1041 bubulcus
3617 988 3876 1061 quispiam

2317 1056 2684 1129 vituperaverit
2699 1098 2715 1125 ‚
2733 1076 2903 1129 neque
2926 1059 3231 1131 quicunque
3247 1078 3370 1113 oves
3383 1060 3449 1113 -in
3471 1078 3596 1132 agro
3609 1060 3874 1117 stabulan-

2317 1140 2393 1184 tes
2416 1133 2670 1205 sequitur.
2701 1157 2725 1180 ι
2761 1132 2876 1188 Alia
2905 1149 3028 1187 vero
3066 1151 3285 1205 prorsus
3311 1150 3504 1207 pascua
3530 1134 3704 1189 bobus
3725 1177 3741 1201 ,
3777 1136 3877 1191 alia

2318 1205 2502 1261 ovibus
2529 1206 2716 1261 idonea
2739 1218 2896 1278 atque
2911 1218 3052 1278 apta,
3078 1217 3139 1261 ut
3159 1225 3224 1261 ex
3245 1208 3644 1278 Laestrygonum
3663 1209 3878 1279 regione

2317 1291 2529 1352 apparet
2554 1281 2695 1353 apud
2712 1282 2925 1335 Poetam
2955 1280 3087 1351 (od.
3118 1302 3170 1345 κ,
3203 1284 3273 1335 82
3291 1286 3330 1349 ).
3407 1279 3606 1350 Adjicit
3633 1283 3790 1337 etiam
3817 1283 3878 1337 il-

2318 1354 2410 1407 lud
2439 1372 2453 1408 :
2489 1380 2513 1403 ι
2530 1357 2712 1427 Neque
2741 1355 3074 1425 omnigenam
3093 1354 3360 1409 fructuum
3381 1357 3654 1409 materiam
3691 1357 3876 1411 horto·

2319 1445 2440 1483 rum
2487 1430 2657 1483 cultor
2705 1431 3074 1500 contempserit
3083 1449 3101 1495 ;
3145 1429 3313 1483 aratio
3353 1430 3526 1493 enim,
3559 1430 3765 1500 inquit,
3805 1430 3877 1483 ibi

2321 1501 2458 1557 bona
2473 1542 2490 1567 ,
2539 1521 2883 1575 magnamque
2927 1502 3102 1557 herbae
3137 1504 3343 1575 copiam
3382 1514 3560 1571 auget;
3605 1511 3657 1555 et
3689 1519 3880 1573 pascua

2318 1575 2450 1630 bene
2476 1577 2560 1649 ibi,
2591 1578 2827 1631 florentia
2859 1587 2912 1630 et
2943 1576 3220 1631 hominum
3247 1574 3452 1629 soboles
3485 1574 3840 1647 pulcherrim
3856 1616 3872 1642 ‚

2319 1662 2471 1723 atque
2513 1650 2890 1705 immortalibus
2926 1651 3109 1705 similis
3149 1650 3332 1721 (quod
3356 1648 3498 1703 idem
3542 1666 3760 1721 prorsus
3800 1662 3878 1704 est

2317 1742 2379 1778 ac
2418 1726 2458 1778 si
2504 1725 2700 1779 diceret
2738 1724 2978 1791 θεοειδής,
3024 1724 3134 1779 diis
3157 1722 3375 1787 similis,
3403 1735 3624 1795 propter
3653 1722 3879 1777 fornum

2319 1816 2440 1853 sane
2465 1799 2824 1871 spectabilem,
2851 1798 3050 1853 beatam
3091 1814 3158 1851 ue
3193 1814 3373 1851 rerum
3404 1798 3610 1867 copiam
3631 1802 3707 1864 )·.
3737 1799 3878 1851 1³2·oe-

2318 1880 2456 1923 terea
2503 1888 2624 1923 vero
2660 1869 3032 1925 Armeniorum
3161 1868 3532 1938 tianorumque
3573 1868 3842 1937 regionem
3861 1908 3876 1933 ,

2320 1941 2468 1993 sitam
2493 1940 2630 1995 illam
2656 1940 2870 2012 quidem
2899 1957 2930 1992 a
2963 1940 3339 2011 Mesopotamia
3365 1936 3432 1991 ad
3462 1938 3844 2010 septentriones
3860 1980 3876 2005 ‚

2321 2011 2689 2083 montibusque
2708 2009 3159 2083 comprehensam,
3175 2010 3424 2081 pinguem
3445 2019 3614 2073 voeat,
3635 2010 3882 2081 ipsosque

2320 2081 2392 2134 ibi
2425 2082 2618 2136 incolas
2645 2092 2756 2135 tum
2782 2081 3060 2153 opulentos
3080 2079 3303 2153 appellat
3319 2120 3334 2144 ,
3361 2089 3474 2132 tum
3499 2078 3634 2134 bene
3659 2080 3880 2134 scientes

2317 2154 2528 2217 Martis,
2559 2162 2612 2206 et
2635 2152 2827 2219 πίονας,
2858 2150 3102 2225 pingues,
3127 2161 3190 2205 ut
3214 2160 3268 2205 et
3293 2149 3582 2205 Arabicum
3617 2150 3878 2223 populum

2318 2222 2454 2277 dixit
2479 2226 2640 2279 πίονα.
2715 2226 2993 2295 Sumptum
3033 2238 3160 2276 vero
3187 2221 3243 2275 id
3285 2238 3434 2274 exem
3474 2219 3512 2274 li
3542 2238 3606 2274 ex
3643 2222 3880 2276 Homero

2321 2296 2342 2360 (
2357 2295 2424 2347 Il.
2469 2293 2530 2360 ξ,
2577 2294 2674 2347 251
2703 2300 2722 2361 )
2739 2336 2758 2365 ‚
2797 2295 2890 2365 qui
2945 2292 3168 2349 heroum
3213 2291 3374 2364 pedes
3467 2290 3662 2363 επαρούς
3705 2302 3875 2348 vocat.

2320 2366 2486 2419 Porro
2527 2364 2782 2437 ἆθερίσατο
2813 2363 3120 2419 vocabulum
3161 2374 3241 2417 est
3266 2363 3610 2417 Homericum
3652 2364 3674 2431 (
3690 2364 3762 2417 Il.
3813 2382 3878 2427 α,

2321 2441 2420 2489 261
2445 2438 2498 2503 )‚
2523 2436 2589 2490 de
2607 2454 2716 2521 quo
2732 2436 2934 2490 dictum
2958 2436 3014 2489 in
3039 2433 3444 2489 Commentariis
3459 2431 3526 2486 ad
3545 2434 3838 2487 Homerum
3863 2452 3880 2489 ι

2321 2504 2482 2577 idque
2515 2506 2767 2577 significat
2788 2504 3068 2578 reprobare
3092 2522 3154 2559 ae
3180 2503 3416 2574 rejicere.

2391 2584 2516 2654 395.
2550 2586 2774 2641 Pastoris
2807 2584 3136 2657 periphrasin
3164 2584 3440 2636 instituens
3474 2580 3606 2636 dicit
3655 2597 3670 2636 :
3711 2604 3734 2633 ι
3783 2583 3876 2653 qui

2319 2662 2490 2719 fistula
2513 2674 2793 2718 cornutum
2811 2665 3005 2717 Panem
3032 2661 3296 2717 celebrans
3315 2678 3441 2716 oves
3466 2672 3691 2732 agrestes
3716 2674 3881 2717 secta·

2320 2754 2428 2799 tur.
2471 2766 2494 2793 ι
2531 2742 2797 2815 Κερώνυχα
2829 2752 3028 2795 veteres
3071 2740 3332 2814 explicant
3375 2758 3572 2794 cornua
3611 2740 3880 2795 habentem

2315 2836 2496 2890 acuta,
2521 2822 2738 2896 perinde
2758 2822 2907 2896 quasi
2925 2820 2955 2874 ὁ
2973 2819 3114 2886 ὄνυξ,
3137 2819 3344 2889 unguis,
3367 2818 3624 2890 significet
3641 2820 3746 2874 hoc
3765 2819 3882 2875 loro

2316 2922 2568 2969 acumen,
2597 2903 2750 2957 sicuti
2779 2902 2934 2955 etiam
2977 2918 3140 2974 quum
3170 2900 3364 2953 montis
3395 2897 3623 2954 dicimus
3663 2900 3881 2973 ἀκρωνυ-

2315 2982 2433 3052 χίαν
2448 3022 2465 3047 ,
2495 2993 2740 3035 vertoeem
2779 2980 2837 3035 in
2868 2992 3084 3035 acutum
3116 2979 3451 3034 desinentem.
3526 2982 3710 3053 Neque
3751 3000 3878 3036 vero

2315 3060 2387 3113 illi
2409 3070 2588 3113 amant
2617 3059 2722 3113 hoe
2745 3058 3012 3131 epitheton
3033 3098 3052 3125 ,
3084 3058 3240 3113 veluti
3267 3057 3464 3112 durum
3503 3070 3556 3114 et
3582 3061 3638 3113 in
3669 3078 3776 3131 quo
3800 3062 3881 3114 ni·

2312 3137 2388 3191 hil
2412 3138 2598 3192 urbani
2629 3139 2768 3192 insit.

2393 3216 2545 3271 1005.
2577 3216 2964 3287 Mesopotamia
2984 3214 3053 3268 ad
3077 3214 3352 3269 meridiem
3375 3214 3609 3287 Babylon
3630 3228 3744 3283 est,
3771 3236 3883 3272 me-

2314 3302 2532 3373 tropolis
2553 3303 2782 3365 Persica,
2811 3302 2938 3355 urbs
2977 3320 3124 3356 sacra
3141 3342 3156 3367 ,
3181 3320 3338 3356 muro
3366 3320 3502 3355 aereo
3525 3304 3877 3369 circumdata,

2313 3398 2374 3441 ut
2409 3388 2624 3459 quidam
2654 3388 2924 3454 scribunt,
2953 3406 3212 3459 amneque
3249 3388 3563 3442 circumfluo
3589 3390 3878 3460 procincta.

2310 3476 2478 3541 Hanc,
2525 3477 2733 3547 inquit,
2780 3485 2944 3530 totam
2996 3478 3163 3530 muris
3205 3474 3534 3545 infragilibus
3577 3478 3883 3531 Semiramis

2312 3566 2586 3619 coronavit
2619 3580 2634 3618 ι
2678 3562 3109 3637 quandoquidem
3138 3562 3296 3635 aliqui
3316 3604 3331 3627 ,
3357 3574 3418 3618 ut
3459 3562 3666 3619 dietum
3693 3575 3802 3629 ωε,
3829 3575 3884 3619 et

2312 3668 2526 3707 murum
2567 3670 2762 3707 aereum
2801 3651 2852 3706 ei
2889 3650 3049 3705 fuisse
3088 3649 3448 3715 tradiderunt,
3477 3662 3532 3707 et
3569 3651 3671 3707 alia
3715 3653 3884 3709 multa

2313 3736 2597 3803 mirabilia,
2625 3747 2814 3811 preter
2834 3754 2898 3791 ea
2921 3754 3042 3809 quae
3080 3754 3241 3810 supra
3265 3739 3502 3809 exposita
3523 3750 3676 3805 sunt,
3715 3739 3784 3793 de
3818 3758 3882 3795 ea

2309 3836 2685 3895 exposuerunt.
2759 3826 3016 3879 Preterea
3051 3842 3178 3878 vero
3206 3824 3264 3877 in
3302 3841 3450 3890 arce,
3496 3824 3701 3898 inquit,
3733 3845 3880 3881 aram

2311 3912 2436 3965 Belo
2471 3912 2770 3967 Semiramis
2793 3912 3001 3984 posuit,
3021 3930 3244 3983 amque
3267 3929 3399 3965 auro
3425 3910 3692 3985 eboreque
3720 3924 3881 3985 atque

2312 4010 2528 4069 argento
2565 3999 2858 4053 exornavit.
2933 3998 3085 4052 Belus
3109 4007 3290 4052 autem
3327 4014 3422 4051 rex
3447 3997 3545 4051 suit
3579 3998 3878 4071 Babylonis,

2309 4088 2456 4142 Jovis
2481 4087 2617 4141 filius
2631 4127 2649 4153 ,
2678 4105 2711 4140 a
2738 4104 2848 4159 quo
2877 4087 3034 4141 etiam
3052 4096 3220 4159 portae
3243 4085 3525 4157 Babylonis
3545 4085 3777 4153 Belides;
3799 4087 3880 4141 vel

2311 4174 2498 4237 etiam,
2536 4170 2828 4227 secundum
2883 4170 3142 4244 quosdam
3158 4210 3175 4238 ,
3219 4172 3330 4243 ipse
3395 4171 3624 4242 Jupiter.
3697 4176 3878 4241 Quare

2311 4262 2470 4315 etiam
2513 4260 2858 4333 Herodotus’(
2881 4278 2930 4325 1,
2967 4264 3098 4329 181)
3119 4258 3374 4331 templum
3403 4258 3476 4312 ibi
3503 4278 3616 4313 esse
3651 4261 3727 4313 ait
3765 4258 3878 4313 Beli

2312 4351 2477 4405 Jovis.
2551 4348 2805 4423 Idemque
2847 4358 3013 4403 tantas
3051 4346 3462 4420 Babyloniorum
3515 4348 3715 4419 regioni
3749 4366 3880 4421 opes

2311 4564 2382 4576 —-
2405 4538 2493 4599 24.
2512 4534 2768 4606 ἀγραύλοις
2789 4539 2842 4587 0.
2880 4535 2900 4603 ΙΙ
2925 4562 2997 4573 -
3018 4532 3106 4589 25.
3139 4531 3358 4603 ἔφέπεται
3375 4530 3559 4593 codd..
3577 4550 3692 4587 exc.
3719 4534 3876 4602 Gay,-

2310 4612 2534 4685 ὄξύκερον
2555 4613 2661 4670 Fd.
2683 4616 2799 4683 11-
2824 4618 2912 4667 26.
2939 4614 3070 4681 Quae
3095 4621 3391 4683 sequuntur
3411 4621 3534 4682 post
3555 4628 3742 4665 vocem
3769 4610 3878 4673 ὀξύ-

2309 4712 2434 4761 τητα
2457 4711 2622 4763 usque
2637 4693 2704 4747 ad
2723 4712 2775 4747 v.
2789 4694 3112 4764 τετραμμένοι
3133 4693 3188 4746 in
3211 4691 3375 4747 schol.
3401 4691 3469 4745 ad
3485 4709 3562 4745 vs.
3594 4692 3728 4756 1034
3744 4729 3759 4756 ,
3781 4690 3878 4745 de-

2307 4772 2510 4825 suntin
2534 4775 2607 4827 D.
2633 4774 2656 4842 ΙΙ
2675 4802 2746 4814 -
2773 4789 2858 4841 ²7·
2886 4771 2995 4842 ὄρος
3019 4770 3075 4824 d.
3113 4772 3136 4841 ΙΙ
3178 4800 3238 4813 -—
3263 4774 3352 4825 28.
3394 4769 3576 4824 ζκεῖνοι
3601 4780 3720 4843 post
3745 4769 3875 4833 λέξιν

2309 4850 2527 4904 collocat
2571 4849 2613 4903 d
2617 4874 2639 4913 ,·
2663 4848 2848 4904 ἐκεῖνον
2877 4854 2946 4913 0,·
2983 4850 3066 4903 καὶ
3100 4868 3208 4905 om.
3246 4852 3393 4919 LYy.
3425 4848 3449 4919 ΙΙ
3488 4879 3564 4890 -
3589 4850 3678 4905 3ο.
3719 4848 3876 4921 πρὸς]

2309 4929 2420 5000 περὶ
2445 4932 2556 4993 FL,·
2589 4926 2837 5001 Περσικὴ]
2883 4927 3138 5000 Ἀσσυρίων
3161 4927 3218 4981 d.
3269 4928 3292 4998 ΙΙ
3319 4956 3392 4968 -
3428 4928 3518 4980 32.
3547 4928 3632 4981 καὶ
3668 4946 3777 4981 om.
3807 4932 3871 4982 L.

2310 5008 2559 5079 ποταμοὺς
2574 5007 2631 5062 d.
2663 5010 2686 5079 [Ι
2712 5038 2784 5049 -
2809 5008 2898 5063 33.
2919 5008 3097 5075 ταύτην
3117 5006 3170 5060 δὲ
3189 5026 3247 5078 φ.
3267 5005 3332 5063 d.
3365 5008 3528 5060 πᾶσαν
3556 5024 3668 5061 om.
3699 5010 3764 5065 L,-
3789 5004 3874 5075 ἀρ-

2309 5088 2482 5157 ράγεσι
2498 5086 2680 5151 οοάἀ.,
2709 5104 2822 5143 exc.
2852 5088 2930 5139 H.
2957 5086 2980 5156 ΙΙ
3004 5116 3072 5127 -
3091 5085 3178 5142 35.
3210 5086 3381 5156 τεῖχος
3407 5084 3535 5156 αὗτῇ
3555 5090 3610 5137 0.
3633 5082 3716 5137 καὶ
3737 5082 3872 5134 ἄλλα

2309 5164 2362 5219 δὲ
2385 5184 2439 5220 π.
2472 5182 2524 5235 γ.
2563 5167 2585 5237 [Ι
2616 5195 2687 5207 -
2709 5166 2797 5222 36.
2825 5164 3007 5229 ἐξέθετο
3029 5164 3087 5223 d.
3123 5165 3146 5237 ΙΙ
3172 5194 3246 5209 -
3269 5166 3356 5235 37.
3385 5162 3503 5235 φασὶ
3528 5162 3582 5217 d.
3624 5162 3647 5233 ΙΙ
3668 5191 3743 5203 -
3776 5160 3868 5217 38.

2309 5244 2392 5298 καὶ
2417 5243 2612 5317 ἀργύρῳ
2641 5243 2724 5298 καὶ
2749 5242 2970 5317 ίλίφαντι
3005 5243 3064 5301 d.
3105 5244 3127 5316 ΙΙ
3164 5276 3238 5287 —
3261 5248 3353 5310 42.
3381 5242 3713 5298 Βαὸυλωνίων
3740 5244 3801 5297 1..
3836 5241 3866 5312 ΙΙ

654 5332 747 5375 21.
777 5317 955 5393 ἕρρήθη
984 5323 1069 5378 Μ.
1102 5322 1222 5394 fl—
1245 5322 1334 5382 23.
1358 5324 1567 5395 ποιμένα
1590 5321 1721 5377 οὕτω
1742 5341 1792 5377 π.
1828 5327 1905 5386 1,‚·
1931 5322 2076 5395 φασίν
2100 5327 2152 5379 C.
2190 5324 2212 5394 ss
2255 5364 2265 5381 .
2322 5352 2380 5365 -
2399 5324 2490 5388 43.
2522 5322 2670 5391 αὐτὴν
2689 5323 2746 5382 d.
