<?xml version="1.0" encoding="UTF-8"?>
<!DOCTYPE html PUBLIC "-//W3C//DTD XHTML 1.0 Transitional//EN"
    "http://www.w3.org/TR/xhtml1/DTD/xhtml1-transitional.dtd">
<html xmlns="http://www.w3.org/1999/xhtml" xml:lang="en" lang="en">
 <head>
  <title>
</title>
<meta http-equiv="Content-Type" content="text/html;charset=utf-8" />
  <meta name='ocr-system' content='tesseract 3.04.00' />
  <meta name='ocr-capabilities' content='ocr_page ocr_carea ocr_par ocr_line ocrx_word'/>
</head>
<body>
  <div class='ocr_page' id='page_1' title='image "./geographigraeci05mlgoog_0033.png"; bbox 0 0 4584 6284; ppageno 0'>
   <div class='ocr_carea' id='block_1_1' title="bbox 1808 374 2799 438">
    <p class='ocr_par' dir='ltr' id='par_1_1' title="bbox 1808 374 2799 438">
     <span class='ocr_line' id='line_1_1' title="bbox 1808 374 2799 438; baseline 0 -2"><span class='ocrx_word' id='word_1_1' title='bbox 1808 375 1910 437; x_wconf 83' lang='lat' dir='ltr'><strong>DE</strong></span> <span class='ocrx_word' id='word_1_2' title='bbox 1949 374 2311 436; x_wconf 76' lang='lat' dir='ltr'><strong>moNYslo</strong></span> <span class='ocrx_word' id='word_1_3' title='bbox 2352 374 2799 438; x_wconf 84' lang='lat' dir='ltr'><strong>PERlEGE‘I&#39;E.</strong></span> 
     </span>
    </p>
   </div>
   <div class='ocr_carea' id='block_1_2' title="bbox 3796 389 3909 446">
    <p class='ocr_par' dir='ltr' id='par_1_2' title="bbox 3796 389 3909 446">
     <span class='ocr_line' id='line_1_2' title="bbox 3796 389 3909 446; baseline 0.018 -1"><span class='ocrx_word' id='word_1_4' title='bbox 3796 389 3909 446; x_wconf 69' lang='lat' dir='ltr'><strong>xlsc</strong></span> 
     </span>
    </p>
   </div>
   <div class='ocr_carea' id='block_1_3' title="bbox 711 505 3903 592">
    <p class='ocr_par' dir='ltr' id='par_1_3' title="bbox 711 505 3903 592">
     <span class='ocr_line' id='line_1_3' title="bbox 711 505 3903 592; baseline 0.001 -17"><span class='ocrx_word' id='word_1_5' title='bbox 711 528 1008 592; x_wconf 82' lang='lat' dir='ltr'><strong>negamus</strong></span> <span class='ocrx_word' id='word_1_6' title='bbox 1039 507 1266 573; x_wconf 79' lang='lat' dir='ltr'><strong>vixisse</strong></span> <span class='ocrx_word' id='word_1_7' title='bbox 1290 511 1538 589; x_wconf 86' lang='lat' dir='ltr'><strong>poetam</strong></span> <span class='ocrx_word' id='word_1_8' title='bbox 1561 505 1819 569; x_wconf 88' lang='lat' dir='ltr'><strong>Neronis</strong></span> <span class='ocrx_word' id='word_1_9' title='bbox 1847 505 2254 588; x_wconf 78' lang='lat' dir='ltr'><strong>temporibus,</strong></span> <span class='ocrx_word' id='word_1_10' title='bbox 2353 506 2516 586; x_wconf 86' lang='lat' dir='ltr'><strong>gusti</strong></span> <span class='ocrx_word' id='word_1_11' title='bbox 2546 507 2643 568; x_wconf 84' lang='lat' dir='ltr'><strong>vel</strong></span> <span class='ocrx_word' id='word_1_12' title='bbox 2671 507 2878 587; x_wconf 88' lang='lat' dir='ltr'><strong>potius</strong></span> <span class='ocrx_word' id='word_1_13' title='bbox 2896 507 3156 570; x_wconf 85' lang='lat' dir='ltr'><strong>Neronis</strong></span> <span class='ocrx_word' id='word_1_14' title='bbox 3178 510 3457 591; x_wconf 83' lang='lat' dir='ltr'><strong>tempora</strong></span> <span class='ocrx_word' id='word_1_15' title='bbox 3472 555 3491 586; x_wconf 91' lang='lat'><strong>,</strong></span> <span class='ocrx_word' id='word_1_16' title='bbox 3516 531 3638 576; x_wconf 91' lang='lat' dir='ltr'><strong>non</strong></span> <span class='ocrx_word' id='word_1_17' title='bbox 3657 532 3802 579; x_wconf 82' lang='lat' dir='ltr'><strong>vero</strong></span> <span class='ocrx_word' id='word_1_18' title='bbox 3820 516 3903 579; x_wconf 88' lang='lat' dir='ltr'><strong>ad</strong></span> 
     </span>
    </p>
   </div>
   <div class='ocr_carea' id='block_1_4' title="bbox 701 592 2267 4628">
    <p class='ocr_par' dir='ltr' id='par_1_4' title="bbox 701 592 2267 4628">
     <span class='ocr_line' id='line_1_4' title="bbox 707 592 2260 677; baseline -0.003 -16"><span class='ocrx_word' id='word_1_19' title='bbox 707 595 942 661; x_wconf 79' lang='lat' dir='ltr'><strong>atsatis</strong></span> <span class='ocrx_word' id='word_1_20' title='bbox 961 596 1144 676; x_wconf 88' lang='lat' dir='ltr'><strong>longe</strong></span> <span class='ocrx_word' id='word_1_21' title='bbox 1167 600 1388 677; x_wconf 88' lang='lat' dir='ltr'><strong>postea</strong></span> <span class='ocrx_word' id='word_1_22' title='bbox 1401 593 1745 676; x_wconf 88' lang='lat' dir='ltr'><strong>periegesin</strong></span> <span class='ocrx_word' id='word_1_23' title='bbox 1767 593 1846 656; x_wconf 92' lang='lat' dir='ltr'><strong>ab</strong></span> <span class='ocrx_word' id='word_1_24' title='bbox 1865 611 1940 657; x_wconf 92' lang='lat' dir='ltr'><strong>eo</strong></span> <span class='ocrx_word' id='word_1_25' title='bbox 1963 592 2260 676; x_wconf 79' lang='lat' dir='ltr'><strong>scriptam</strong></span> 
     </span>
     <span class='ocr_line' id='line_1_5' title="bbox 707 680 2260 765; baseline -0.002 -16"><span class='ocrx_word' id='word_1_26' title='bbox 707 702 848 749; x_wconf 90' lang='lat' dir='ltr'><strong>esse</strong></span> <span class='ocrx_word' id='word_1_27' title='bbox 879 702 956 746; x_wconf 87' lang='lat' dir='ltr'><strong>ex</strong></span> <span class='ocrx_word' id='word_1_28' title='bbox 983 683 1121 765; x_wconf 89' lang='lat' dir='ltr'><strong>ipso</strong></span> <span class='ocrx_word' id='word_1_29' title='bbox 1151 681 1432 746; x_wconf 86' lang='lat' dir='ltr'><strong>carmine</strong></span> <span class='ocrx_word' id='word_1_30' title='bbox 1463 680 1792 761; x_wconf 79' lang='lat' dir='ltr'><strong>colIIgitur.</strong></span> <span class='ocrx_word' id='word_1_31' title='bbox 1818 683 1974 744; x_wconf 89' lang='lat' dir='ltr'><strong>Nam</strong></span> <span class='ocrx_word' id='word_1_32' title='bbox 2012 701 2098 745; x_wconf 85' lang='lat' dir='ltr'><strong>vs.</strong></span> <span class='ocrx_word' id='word_1_33' title='bbox 2139 686 2260 746; x_wconf 77' lang='lat'><strong>525</strong></span> 
     </span>
     <span class='ocr_line' id='line_1_6' title="bbox 711 768 2262 856; baseline -0.002 -20"><span class='ocrx_word' id='word_1_34' title='bbox 711 772 1010 856; x_wconf 85' lang='lat' dir='ltr'><strong>Cyclades</strong></span> <span class='ocrx_word' id='word_1_35' title='bbox 1040 770 1274 834; x_wconf 88' lang='lat' dir='ltr'><strong>insulas</strong></span> <span class='ocrx_word' id='word_1_36' title='bbox 1301 777 1482 851; x_wconf 90' lang='lat' dir='ltr'><strong>poeta</strong></span> <span class='ocrx_word' id='word_1_37' title='bbox 1523 768 1682 832; x_wconf 77' lang='lat' dir='ltr'><strong>Asiae</strong></span> <span class='ocrx_word' id='word_1_38' title='bbox 1714 769 2024 844; x_wconf 78' lang='lat' dir='ltr'><strong>attribuit,</strong></span> <span class='ocrx_word' id='word_1_39' title='bbox 2060 788 2262 852; x_wconf 87' lang='lat' dir='ltr'><strong>eoque</strong></span> 
     </span>
     <span class='ocr_line' id='line_1_7' title="bbox 717 854 2260 941; baseline -0.003 -18"><span class='ocrx_word' id='word_1_40' title='bbox 717 879 784 923; x_wconf 89' lang='lat' dir='ltr'><strong>se</strong></span> <span class='ocrx_word' id='word_1_41' title='bbox 813 859 1136 941; x_wconf 84' lang='lat' dir='ltr'><strong>scripsisse</strong></span> <span class='ocrx_word' id='word_1_42' title='bbox 1163 856 1396 920; x_wconf 91' lang='lat' dir='ltr'><strong>indicat</strong></span> <span class='ocrx_word' id='word_1_43' title='bbox 1421 861 1560 939; x_wconf 93' lang='lat' dir='ltr'><strong>post</strong></span> <span class='ocrx_word' id='word_1_44' title='bbox 1595 861 1876 936; x_wconf 88' lang='lat' dir='ltr'><strong>tempora</strong></span> <span class='ocrx_word' id='word_1_45' title='bbox 1899 854 2260 936; x_wconf 82' lang='lat' dir='ltr'><strong>Vespasiani</strong></span> 
     </span>
     <span class='ocr_line' id='line_1_8' title="bbox 711 942 2264 1029; baseline -0.003 -19"><span class='ocrx_word' id='word_1_46' title='bbox 711 949 934 1029; x_wconf 84' lang='lat'>(70-79</span> <span class='ocrx_word' id='word_1_47' title='bbox 958 945 1002 1028; x_wconf 93' lang='lat'><strong>),</strong></span> <span class='ocrx_word' id='word_1_48' title='bbox 1036 945 1143 1028; x_wconf 91' lang='lat' dir='ltr'><strong>qui</strong></span> <span class='ocrx_word' id='word_1_49' title='bbox 1189 943 1525 1007; x_wconf 87' lang='lat' dir='ltr'><strong>insularum</strong></span> <span class='ocrx_word' id='word_1_50' title='bbox 1556 942 1937 1024; x_wconf 87' lang='lat' dir='ltr'><strong>provinciam</strong></span> <span class='ocrx_word' id='word_1_51' title='bbox 1961 943 2126 1006; x_wconf 82' lang='lat' dir='ltr'><strong>Asiae</strong></span> <span class='ocrx_word' id='word_1_52' title='bbox 2153 943 2264 1006; x_wconf 89' lang='lat' dir='ltr'><strong>ad·-</strong></span> 
     </span>
     <span class='ocr_line' id='line_1_9' title="bbox 713 1030 2263 1118; baseline -0.004 -19"><span class='ocrx_word' id='word_1_53' title='bbox 713 1036 1014 1118; x_wconf 87' lang='lat' dir='ltr'><strong>scriptam</strong></span> <span class='ocrx_word' id='word_1_54' title='bbox 1045 1032 1308 1096; x_wconf 88' lang='lat' dir='ltr'><strong>instituit</strong></span> <span class='ocrx_word' id='word_1_55' title='bbox 1335 1033 1421 1109; x_wconf 92' lang='grc' dir='ltr'><strong>(ν.</strong></span> <span class='ocrx_word' id='word_1_56' title='bbox 1453 1038 1582 1096; x_wconf 91' lang='lat' dir='ltr'><strong>not.</strong></span> <span class='ocrx_word' id='word_1_57' title='bbox 1618 1049 1680 1113; x_wconf 92' lang='lat' dir='ltr'><strong>p.</strong></span> <span class='ocrx_word' id='word_1_58' title='bbox 1716 1031 1891 1113; x_wconf 85' lang='grc'><strong>136).</strong></span> <span class='ocrx_word' id='word_1_59' title='bbox 1923 1030 2094 1094; x_wconf 86' lang='lat' dir='ltr'><strong>Idem</strong></span> <span class='ocrx_word' id='word_1_60' title='bbox 2127 1031 2263 1094; x_wconf 83' lang='lat' dir='ltr'><strong>effi-</strong></span> 
     </span>
     <span class='ocr_line' id='line_1_10' title="bbox 712 1119 2260 1202; baseline -0.003 -14"><span class='ocrx_word' id='word_1_61' title='bbox 712 1125 882 1189; x_wconf 80' lang='lat' dir='ltr'><strong>citur</strong></span> <span class='ocrx_word' id='word_1_62' title='bbox 901 1143 980 1187; x_wconf 87' lang='lat' dir='ltr'><strong>ex</strong></span> <span class='ocrx_word' id='word_1_63' title='bbox 997 1142 1086 1186; x_wconf 88' lang='grc' dir='ltr'><strong>νε.</strong></span> <span class='ocrx_word' id='word_1_64' title='bbox 1116 1124 1254 1198; x_wconf 86' lang='grc'><strong>877,</strong></span> <span class='ocrx_word' id='word_1_65' title='bbox 1279 1119 1387 1183; x_wconf 91' lang='lat' dir='ltr'><strong>ubi</strong></span> <span class='ocrx_word' id='word_1_66' title='bbox 1405 1121 1814 1200; x_wconf 80' lang='lat' dir='ltr'><strong>Commagene</strong></span> <span class='ocrx_word' id='word_1_67' title='bbox 1827 1121 2004 1200; x_wconf 86' lang='lat' dir='ltr'><strong>juxta</strong></span> <span class='ocrx_word' id='word_1_68' title='bbox 2020 1119 2260 1202; x_wconf 87' lang='lat' dir='ltr'><strong>Syriam</strong></span> 
     </span>
     <span class='ocr_line' id='line_1_11' title="bbox 718 1206 2266 1288; baseline -0.003 -12"><span class='ocrx_word' id='word_1_69' title='bbox 718 1217 1122 1288; x_wconf 89' lang='lat' dir='ltr'><strong>memoratur;</strong></span> <span class='ocrx_word' id='word_1_70' title='bbox 1154 1214 1393 1274; x_wconf 89' lang='lat' dir='ltr'><strong>constat</strong></span> <span class='ocrx_word' id='word_1_71' title='bbox 1422 1206 1592 1271; x_wconf 89' lang='lat' dir='ltr'><strong>enim</strong></span> <span class='ocrx_word' id='word_1_72' title='bbox 1640 1208 2098 1288; x_wconf 81' lang='lat' dir='ltr'><strong>Commagenen</strong></span> <span class='ocrx_word' id='word_1_73' title='bbox 2146 1210 2266 1271; x_wconf 90' lang='lat' dir='ltr'><strong>Ve-</strong></span> 
     </span>
     <span class='ocr_line' id='line_1_12' title="bbox 718 1295 2256 1384; baseline -0.003 -20"><span class='ocrx_word' id='word_1_74' title='bbox 718 1301 984 1384; x_wconf 89' lang='lat' dir='ltr'><strong>spasiani</strong></span> <span class='ocrx_word' id='word_1_75' title='bbox 1029 1306 1304 1378; x_wconf 90' lang='lat' dir='ltr'><strong>tempore</strong></span> <span class='ocrx_word' id='word_1_76' title='bbox 1333 1315 1370 1359; x_wconf 91' lang='lat' dir='ltr'><strong>a</strong></span> <span class='ocrx_word' id='word_1_77' title='bbox 1397 1295 1570 1377; x_wconf 85' lang='lat' dir='ltr'><strong>Syria</strong></span> <span class='ocrx_word' id='word_1_78' title='bbox 1602 1305 1949 1379; x_wconf 84' lang='lat' dir='ltr'><strong>separatam</strong></span> <span class='ocrx_word' id='word_1_79' title='bbox 1993 1314 2130 1360; x_wconf 92' lang='lat' dir='ltr'><strong>esse</strong></span> <span class='ocrx_word' id='word_1_80' title='bbox 2174 1296 2256 1380; x_wconf 92' lang='grc' dir='ltr'><strong>(ν.</strong></span> 
     </span>
     <span class='ocr_line' id='line_1_13' title="bbox 717 1383 2256 1466; baseline -0.003 -14"><span class='ocrx_word' id='word_1_81' title='bbox 717 1397 846 1453; x_wconf 90' lang='lat' dir='ltr'><strong>not.</strong></span> <span class='ocrx_word' id='word_1_82' title='bbox 877 1388 957 1451; x_wconf 88' lang='lat' dir='ltr'><strong>ad</strong></span> <span class='ocrx_word' id='word_1_83' title='bbox 981 1385 1152 1464; x_wconf 91' lang='grc'><strong>877).</strong></span> <span class='ocrx_word' id='word_1_84' title='bbox 1185 1383 1424 1447; x_wconf 87' lang='lat' dir='ltr'><strong>Deinde</strong></span> <span class='ocrx_word' id='word_1_85' title='bbox 1453 1393 1660 1448; x_wconf 88' lang='lat' dir='ltr'><strong>autem</strong></span> <span class='ocrx_word' id='word_1_86' title='bbox 1691 1403 1834 1466; x_wconf 83' lang='lat' dir='ltr'><strong>quae</strong></span> <span class='ocrx_word' id='word_1_87' title='bbox 1860 1385 2149 1465; x_wconf 88' lang='lat' dir='ltr'><strong>leguntur</strong></span> <span class='ocrx_word' id='word_1_88' title='bbox 2168 1402 2256 1448; x_wconf 85' lang='grc' dir='ltr'><strong>νε.</strong></span> 
     </span>
     <span class='ocr_line' id='line_1_14' title="bbox 714 1474 2264 1558; baseline -0.004 -20"><span class='ocrx_word' id='word_1_89' title='bbox 714 1483 834 1544; x_wconf 72' lang='grc'><strong>209</strong></span> <span class='ocrx_word' id='word_1_90' title='bbox 862 1500 877 1541; x_wconf 87' lang='lat'><strong>:</strong></span> <span class='ocrx_word' id='word_1_91' title='bbox 925 1474 1255 1558; x_wconf 67' lang='grc' dir='ltr'><strong>ἐρημωθέντα</strong></span> <span class='ocrx_word' id='word_1_92' title='bbox 1299 1475 1534 1554; x_wconf 77' lang='grc' dir='ltr'><strong>μέλαθρα</strong></span> <span class='ocrx_word' id='word_1_93' title='bbox 1562 1475 1780 1554; x_wconf 77' lang='grc' dir='ltr'><strong>Ἀνδρῶν</strong></span> <span class='ocrx_word' id='word_1_94' title='bbox 1821 1475 2100 1557; x_wconf 58' lang='lat' dir='ltr'><strong>&amp;Optimae</strong></span> <span class='ocrx_word' id='word_1_95' title='bbox 2129 1477 2264 1534; x_wconf 74' lang='grc' dir='ltr'>ἄπο-</span> 
     </span>
     <span class='ocr_line' id='line_1_15' title="bbox 715 1561 2262 1650; baseline -0.003 -23"><span class='ocrx_word' id='word_1_96' title='bbox 715 1569 972 1650; x_wconf 74' lang='grc' dir='ltr'><strong>φθιμὲνων</strong></span> <span class='ocrx_word' id='word_1_97' title='bbox 998 1562 1349 1641; x_wconf 77' lang='grc' dir='ltr'><strong>Νασαμώνων</strong></span> <span class='ocrx_word' id='word_1_98' title='bbox 1365 1609 1382 1636; x_wconf 86' lang='grc'><strong>,</strong></span> <span class='ocrx_word' id='word_1_99' title='bbox 1403 1561 1514 1631; x_wconf 68' lang='grc' dir='ltr'><strong>Οὓς</strong></span> <span class='ocrx_word' id='word_1_100' title='bbox 1536 1563 1660 1631; x_wconf 78' lang='grc' dir='ltr'>Διὸς</span> <span class='ocrx_word' id='word_1_101' title='bbox 1691 1565 1784 1623; x_wconf 79' lang='grc' dir='ltr'><strong>οὐκ</strong></span> <span class='ocrx_word' id='word_1_102' title='bbox 1805 1563 2088 1643; x_wconf 72' lang='grc' dir='ltr'><strong>ἀλίγοντας</strong></span> <span class='ocrx_word' id='word_1_103' title='bbox 2112 1562 2262 1622; x_wconf 58' lang='lat' dir='ltr'><strong>aad·</strong></span> 
     </span>
     <span class='ocr_line' id='line_1_16' title="bbox 715 1649 2262 1732; baseline 0 -18"><span class='ocrx_word' id='word_1_104' title='bbox 715 1661 860 1714; x_wconf 73' lang='grc' dir='ltr'><strong>λεσεν</strong></span> <span class='ocrx_word' id='word_1_105' title='bbox 876 1650 1090 1719; x_wconf 60' lang='lat' dir='ltr'><strong>Aemi&lt;</strong></span> <span class='ocrx_word' id='word_1_106' title='bbox 1108 1649 1298 1732; x_wconf 69' lang='grc' dir='ltr'><strong>αἰχμή·</strong></span> <span class='ocrx_word' id='word_1_107' title='bbox 1315 1658 1528 1732; x_wconf 88' lang='lat' dir='ltr'><strong>aperte</strong></span> <span class='ocrx_word' id='word_1_108' title='bbox 1549 1649 1792 1713; x_wconf 84' lang='lat' dir='ltr'><strong>cladem</strong></span> <span class='ocrx_word' id='word_1_109' title='bbox 1814 1651 2078 1714; x_wconf 90' lang='lat' dir='ltr'><strong>innuunt</strong></span> <span class='ocrx_word' id='word_1_110' title='bbox 2095 1668 2262 1714; x_wconf 93' lang='lat' dir='ltr'><strong>anno</strong></span> 
     </span>
     <span class='ocr_line' id='line_1_17' title="bbox 710 1738 2262 1824; baseline -0.003 -17"><span class='ocrx_word' id='word_1_111' title='bbox 710 1746 790 1806; x_wconf 87' lang='grc'><strong>86</strong></span> <span class='ocrx_word' id='word_1_112' title='bbox 827 1761 889 1824; x_wconf 98' lang='lat' dir='ltr'><strong>p.</strong></span> <span class='ocrx_word' id='word_1_113' title='bbox 935 1741 998 1802; x_wconf 90' lang='lat' dir='ltr'><strong>C.</strong></span> <span class='ocrx_word' id='word_1_114' title='bbox 1031 1758 1068 1802; x_wconf 91' lang='lat' dir='ltr'><strong>a</strong></span> <span class='ocrx_word' id='word_1_115' title='bbox 1093 1738 1548 1802; x_wconf 84' lang='lat' dir='ltr'><strong>Nasamonibus</strong></span> <span class='ocrx_word' id='word_1_116' title='bbox 1571 1747 1924 1821; x_wconf 81' lang='lat' dir='ltr'><strong>acceptam,</strong></span> <span class='ocrx_word' id='word_1_117' title='bbox 1954 1757 2143 1822; x_wconf 91' lang='lat' dir='ltr'><strong>quam</strong></span> <span class='ocrx_word' id='word_1_118' title='bbox 2161 1739 2262 1819; x_wconf 86' lang='lat' dir='ltr'><strong>ja-</strong></span> 
     </span>
     <span class='ocr_line' id='line_1_18' title="bbox 711 1817 2261 1904; baseline -0.005 -11"><span class='ocrx_word' id='word_1_119' title='bbox 711 1837 882 1894; x_wconf 67' lang='lat' dir='ltr'><strong>ctans</strong></span> <span class='ocrx_word' id='word_1_120' title='bbox 911 1826 1301 1892; x_wconf 74' lang='lat' dir='ltr'><strong>Domitianus</strong></span> <span class='ocrx_word' id='word_1_121' title='bbox 1353 1853 1376 1880; x_wconf 73' lang='lat' dir='ltr'>t</span> <span class='ocrx_word' id='word_1_122' title='bbox 1415 1827 1754 1904; x_wconf 78' lang='grc' dir='ltr'><strong>Νασαμῶνας</strong></span> <span class='ocrx_word' id='word_1_123' title='bbox 1787 1827 2026 1888; x_wconf 66' lang='grc' dir='ltr'><strong>ἐκώλυσα</strong></span> <span class='ocrx_word' id='word_1_124' title='bbox 2064 1817 2198 1888; x_wconf 73' lang='grc' dir='ltr'><strong>εἶναι</strong></span> <span class='ocrx_word' id='word_1_125' title='bbox 2235 1851 2261 1880; x_wconf 79' lang='lat'><strong>³·</strong></span> 
     </span>
     <span class='ocr_line' id='line_1_19' title="bbox 709 1913 2262 1996; baseline -0.002 -15"><span class='ocrx_word' id='word_1_126' title='bbox 709 1918 937 1982; x_wconf 84' lang='lat' dir='ltr'><strong>dixisse</strong></span> <span class='ocrx_word' id='word_1_127' title='bbox 955 1918 1170 1981; x_wconf 79' lang='lat' dir='ltr'><strong>fertur.</strong></span> <span class='ocrx_word' id='word_1_128' title='bbox 1198 1918 1268 1979; x_wconf 91' lang='lat' dir='ltr'><strong>In</strong></span> <span class='ocrx_word' id='word_1_129' title='bbox 1285 1915 1388 1977; x_wconf 91' lang='lat' dir='ltr'><strong>his</strong></span> <span class='ocrx_word' id='word_1_130' title='bbox 1409 1913 1564 1996; x_wconf 89' lang='lat' dir='ltr'><strong>ipsis</strong></span> <span class='ocrx_word' id='word_1_131' title='bbox 1586 1934 1730 1979; x_wconf 82' lang='lat' dir='ltr'><strong>vero</strong></span> <span class='ocrx_word' id='word_1_132' title='bbox 1749 1915 2083 1980; x_wconf 89' lang='lat' dir='ltr'><strong>Domitiani</strong></span> <span class='ocrx_word' id='word_1_133' title='bbox 2106 1922 2262 1980; x_wconf 87' lang='lat' dir='ltr'><strong>tem-</strong></span> 
     </span>
     <span class='ocr_line' id='line_1_20' title="bbox 707 2000 2260 2088; baseline -0.004 -18"><span class='ocrx_word' id='word_1_134' title='bbox 707 2005 964 2088; x_wconf 83' lang='lat' dir='ltr'><strong>poribus</strong></span> <span class='ocrx_word' id='word_1_135' title='bbox 989 2004 1118 2068; x_wconf 85' lang='lat' dir='ltr'><strong>fere</strong></span> <span class='ocrx_word' id='word_1_136' title='bbox 1150 2000 1612 2066; x_wconf 90' lang='lat' dir='ltr'><strong>subsistendum</strong></span> <span class='ocrx_word' id='word_1_137' title='bbox 1641 2022 1776 2067; x_wconf 89' lang='lat' dir='ltr'><strong>esse</strong></span> <span class='ocrx_word' id='word_1_138' title='bbox 1814 2021 2072 2082; x_wconf 90' lang='lat' dir='ltr'><strong>censeo,</strong></span> <span class='ocrx_word' id='word_1_139' title='bbox 2101 2001 2260 2065; x_wconf 82' lang='lat' dir='ltr'><strong>adeo</strong></span> 
     </span>
     <span class='ocr_line' id='line_1_21' title="bbox 707 2090 2261 2174; baseline -0.003 -17"><span class='ocrx_word' id='word_1_140' title='bbox 707 2100 780 2157; x_wconf 89' lang='lat' dir='ltr'><strong>ut</strong></span> <span class='ocrx_word' id='word_1_141' title='bbox 809 2098 991 2174; x_wconf 88' lang='lat' dir='ltr'><strong>poeta</strong></span> <span class='ocrx_word' id='word_1_142' title='bbox 1012 2092 1111 2155; x_wconf 82' lang='lat' dir='ltr'><strong>vel</strong></span> <span class='ocrx_word' id='word_1_143' title='bbox 1139 2090 1470 2174; x_wconf 81' lang='lat' dir='ltr'><strong>postremis</strong></span> <span class='ocrx_word' id='word_1_144' title='bbox 1497 2093 1632 2172; x_wconf 89' lang='lat' dir='ltr'><strong>ejus</strong></span> <span class='ocrx_word' id='word_1_145' title='bbox 1659 2093 2052 2173; x_wconf 87' lang='lat' dir='ltr'><strong>imperatoris</strong></span> <span class='ocrx_word' id='word_1_146' title='bbox 2081 2091 2261 2154; x_wconf 89' lang='lat' dir='ltr'><strong>anuis</strong></span> 
     </span>
     <span class='ocr_line' id='line_1_22' title="bbox 705 2176 2262 2264; baseline -0.004 -20"><span class='ocrx_word' id='word_1_147' title='bbox 705 2181 801 2244; x_wconf 82' lang='lat' dir='ltr'><strong>vel</strong></span> <span class='ocrx_word' id='word_1_148' title='bbox 850 2180 1058 2264; x_wconf 86' lang='lat' dir='ltr'><strong>paullo</strong></span> <span class='ocrx_word' id='word_1_149' title='bbox 1107 2187 1249 2259; x_wconf 88' lang='lat' dir='ltr'><strong>post</strong></span> <span class='ocrx_word' id='word_1_150' title='bbox 1307 2178 1632 2259; x_wconf 86' lang='lat' dir='ltr'><strong>scripsisse</strong></span> <span class='ocrx_word' id='word_1_151' title='bbox 1685 2177 2034 2261; x_wconf 87' lang='lat' dir='ltr'><strong>periegesin</strong></span> <span class='ocrx_word' id='word_1_152' title='bbox 2081 2176 2262 2243; x_wconf 91' lang='lat' dir='ltr'><strong>nobis</strong></span> 
     </span>
     <span class='ocr_line' id='line_1_23' title="bbox 707 2265 2260 2349; baseline -0.005 -14"><span class='ocrx_word' id='word_1_153' title='bbox 707 2273 1008 2335; x_wconf 75' lang='lat' dir='ltr'><strong>videatur.</strong></span> <span class='ocrx_word' id='word_1_154' title='bbox 1039 2268 1214 2331; x_wconf 85' lang='lat' dir='ltr'><strong>Idem</strong></span> <span class='ocrx_word' id='word_1_155' title='bbox 1243 2269 1376 2330; x_wconf 82' lang='lat' dir='ltr'><strong>fere</strong></span> <span class='ocrx_word' id='word_1_156' title='bbox 1417 2267 1618 2330; x_wconf 71' lang='lat' dir='ltr'><strong>visum</strong></span> <span class='ocrx_word' id='word_1_157' title='bbox 1663 2275 1757 2330; x_wconf 87' lang='lat' dir='ltr'><strong>est</strong></span> <span class='ocrx_word' id='word_1_158' title='bbox 1797 2266 2086 2330; x_wconf 75' lang='lat' dir='ltr'><strong>Passovio</strong></span> <span class='ocrx_word' id='word_1_159' title='bbox 2107 2313 2123 2344; x_wconf 91' lang='lat'><strong>,</strong></span> <span class='ocrx_word' id='word_1_160' title='bbox 2153 2265 2260 2349; x_wconf 92' lang='lat' dir='ltr'><strong>qui</strong></span> 
     </span>
     <span class='ocr_line' id='line_1_24' title="bbox 709 2354 2263 2440; baseline -0.004 -18"><span class='ocrx_word' id='word_1_161' title='bbox 709 2361 779 2422; x_wconf 83' lang='lat' dir='ltr'><strong>in</strong></span> <span class='ocrx_word' id='word_1_162' title='bbox 806 2356 1167 2440; x_wconf 66' lang='lat' dir='ltr'><strong>praefatione</strong></span> <span class='ocrx_word' id='word_1_163' title='bbox 1203 2355 1281 2418; x_wconf 88' lang='lat' dir='ltr'><strong>ad</strong></span> <span class='ocrx_word' id='word_1_164' title='bbox 1311 2354 1562 2435; x_wconf 81' lang='lat' dir='ltr'><strong>Dionys.</strong></span> <span class='ocrx_word' id='word_1_165' title='bbox 1613 2375 1672 2435; x_wconf 90' lang='lat' dir='ltr'><strong>p.</strong></span> <span class='ocrx_word' id='word_1_166' title='bbox 1705 2357 1838 2418; x_wconf 84' lang='lat' dir='ltr'><strong>XIV</strong></span> <span class='ocrx_word' id='word_1_167' title='bbox 1877 2356 2263 2436; x_wconf 83' lang='lat' dir='ltr'><strong>Periegetam</strong></span> 
     </span>
     <span class='ocr_line' id='line_1_25' title="bbox 714 2441 2266 2529; baseline -0.005 -19"><span class='ocrx_word' id='word_1_168' title='bbox 714 2463 918 2529; x_wconf 89' lang='lat' dir='ltr'><strong>neque</strong></span> <span class='ocrx_word' id='word_1_169' title='bbox 959 2451 1104 2506; x_wconf 86' lang='lat' dir='ltr'><strong>ante</strong></span> <span class='ocrx_word' id='word_1_170' title='bbox 1149 2441 1489 2506; x_wconf 88' lang='lat' dir='ltr'><strong>Domitiani</strong></span> <span class='ocrx_word' id='word_1_171' title='bbox 1519 2441 1855 2522; x_wconf 89' lang='lat' dir='ltr'><strong>imperium</strong></span> <span class='ocrx_word' id='word_1_172' title='bbox 1889 2460 2092 2524; x_wconf 90' lang='lat' dir='ltr'><strong>neque</strong></span> <span class='ocrx_word' id='word_1_173' title='bbox 2127 2446 2266 2523; x_wconf 89' lang='lat' dir='ltr'><strong>post</strong></span> 
     </span>
     <span class='ocr_line' id='line_1_26' title="bbox 713 2530 2262 2616; baseline -0.004 -18"><span class='ocrx_word' id='word_1_174' title='bbox 713 2536 848 2616; x_wconf 89' lang='lat' dir='ltr'><strong>ejus</strong></span> <span class='ocrx_word' id='word_1_175' title='bbox 895 2538 1162 2596; x_wconf 88' lang='lat' dir='ltr'><strong>mortem</strong></span> <span class='ocrx_word' id='word_1_176' title='bbox 1206 2530 1378 2594; x_wconf 90' lang='lat' dir='ltr'><strong>orbis</strong></span> <span class='ocrx_word' id='word_1_177' title='bbox 1429 2537 1734 2593; x_wconf 89' lang='lat' dir='ltr'><strong>terrarum</strong></span> <span class='ocrx_word' id='word_1_178' title='bbox 1781 2530 2262 2613; x_wconf 79' lang='lat' dir='ltr'><strong>descriptionem</strong></span> 
     </span>
     <span class='ocr_line' id='line_1_27' title="bbox 711 2616 2263 2702; baseline -0.005 -16"><span class='ocrx_word' id='word_1_179' title='bbox 711 2619 1140 2702; x_wconf 89' lang='lat' dir='ltr'><strong>composuisse</strong></span> <span class='ocrx_word' id='word_1_180' title='bbox 1171 2627 1502 2681; x_wconf 88' lang='lat' dir='ltr'><strong>asseverat.</strong></span> <span class='ocrx_word' id='word_1_181' title='bbox 1538 2621 1918 2698; x_wconf 85' lang='lat' dir='ltr'><strong>Argumenta</strong></span> <span class='ocrx_word' id='word_1_182' title='bbox 1945 2616 2263 2680; x_wconf 60' lang='lat' dir='ltr'><strong>sententiae</strong></span> 
     </span>
     <span class='ocr_line' id='line_1_28' title="bbox 703 2705 2266 2790; baseline -0.003 -17"><span class='ocrx_word' id='word_1_183' title='bbox 703 2705 1154 2790; x_wconf 83' lang='lat' dir='ltr'><strong>opportuniore</strong></span> <span class='ocrx_word' id='word_1_184' title='bbox 1183 2711 1472 2787; x_wconf 89' lang='lat' dir='ltr'><strong>tempore</strong></span> <span class='ocrx_word' id='word_1_185' title='bbox 1513 2723 1579 2767; x_wconf 90' lang='lat' dir='ltr'><strong>se</strong></span> <span class='ocrx_word' id='word_1_186' title='bbox 1617 2711 2087 2786; x_wconf 86' lang='lat' dir='ltr'><strong>persecuturum</strong></span> <span class='ocrx_word' id='word_1_187' title='bbox 2124 2723 2266 2787; x_wconf 93' lang='lat' dir='ltr'><strong>pro-</strong></span> 
     </span>
     <span class='ocr_line' id='line_1_29' title="bbox 708 2791 2266 2875; baseline -0.001 -18"><span class='ocrx_word' id='word_1_188' title='bbox 708 2793 900 2873; x_wconf 73' lang='lat' dir='ltr'><strong>misit,</strong></span> <span class='ocrx_word' id='word_1_189' title='bbox 929 2791 1040 2856; x_wconf 86' lang='lat' dir='ltr'><strong>sed</strong></span> <span class='ocrx_word' id='word_1_190' title='bbox 1063 2811 1144 2855; x_wconf 89' lang='lat' dir='ltr'><strong>ne</strong></span> <span class='ocrx_word' id='word_1_191' title='bbox 1173 2799 1364 2855; x_wconf 88' lang='lat' dir='ltr'><strong>staret</strong></span> <span class='ocrx_word' id='word_1_192' title='bbox 1383 2791 1708 2873; x_wconf 89' lang='lat' dir='ltr'><strong>promissis</strong></span> <span class='ocrx_word' id='word_1_193' title='bbox 1725 2839 1742 2868; x_wconf 92' lang='lat'><strong>‚</strong></span> <span class='ocrx_word' id='word_1_194' title='bbox 1769 2801 1970 2856; x_wconf 89' lang='lat' dir='ltr'><strong>morte</strong></span> <span class='ocrx_word' id='word_1_195' title='bbox 1989 2793 2266 2875; x_wconf 89' lang='lat' dir='ltr'><strong>prohibi-</strong></span> 
     </span>
     <span class='ocr_line' id='line_1_30' title="bbox 706 2879 2264 2963; baseline -0.001 -17"><span class='ocrx_word' id='word_1_196' title='bbox 706 2889 805 2946; x_wconf 86' lang='lat' dir='ltr'><strong>tus</strong></span> <span class='ocrx_word' id='word_1_197' title='bbox 832 2887 949 2944; x_wconf 88' lang='lat' dir='ltr'><strong>est.</strong></span> <span class='ocrx_word' id='word_1_198' title='bbox 975 2879 1147 2942; x_wconf 86' lang='lat' dir='ltr'><strong>Vidit</strong></span> <span class='ocrx_word' id='word_1_199' title='bbox 1165 2880 1336 2944; x_wconf 89' lang='lat' dir='ltr'><strong>haud</strong></span> <span class='ocrx_word' id='word_1_200' title='bbox 1366 2879 1554 2943; x_wconf 88' lang='lat' dir='ltr'><strong>dubie</strong></span> <span class='ocrx_word' id='word_1_201' title='bbox 1577 2880 1671 2943; x_wconf 82' lang='lat' dir='ltr'><strong>vir</strong></span> <span class='ocrx_word' id='word_1_202' title='bbox 1699 2879 1922 2943; x_wconf 86' lang='lat' dir='ltr'><strong>doctus</strong></span> <span class='ocrx_word' id='word_1_203' title='bbox 1947 2881 2117 2963; x_wconf 90' lang='lat' dir='ltr'><strong>quod</strong></span> <span class='ocrx_word' id='word_1_204' title='bbox 2147 2900 2264 2962; x_wconf 87' lang='lat' dir='ltr'><strong>ego</strong></span> 
     </span>
     <span class='ocr_line' id='line_1_31' title="bbox 705 2966 2262 3052; baseline -0.001 -19"><span class='ocrx_word' id='word_1_205' title='bbox 705 2987 955 3052; x_wconf 90' lang='lat' dir='ltr'><strong>quoque</strong></span> <span class='ocrx_word' id='word_1_206' title='bbox 1005 2966 1242 3044; x_wconf 85' lang='lat' dir='ltr'><strong>sentio,</strong></span> <span class='ocrx_word' id='word_1_207' title='bbox 1297 2967 1456 3030; x_wconf 88' lang='lat' dir='ltr'><strong>nihil</strong></span> <span class='ocrx_word' id='word_1_208' title='bbox 1501 2966 1764 3030; x_wconf 89' lang='lat' dir='ltr'><strong>carmini</strong></span> <span class='ocrx_word' id='word_1_209' title='bbox 1801 2975 2014 3030; x_wconf 88' lang='lat' dir='ltr'><strong>nostro</strong></span> <span class='ocrx_word' id='word_1_210' title='bbox 2057 2967 2262 3032; x_wconf 81' lang='lat' dir='ltr'><strong>inesse</strong></span> 
     </span>
     <span class='ocr_line' id='line_1_32' title="bbox 703 3053 2264 3138; baseline -0.001 -19"><span class='ocrx_word' id='word_1_211' title='bbox 703 3056 876 3138; x_wconf 87' lang='lat' dir='ltr'><strong>quod</strong></span> <span class='ocrx_word' id='word_1_212' title='bbox 925 3055 1004 3117; x_wconf 89' lang='lat' dir='ltr'><strong>ad</strong></span> <span class='ocrx_word' id='word_1_213' title='bbox 1053 3053 1401 3136; x_wconf 86' lang='lat' dir='ltr'><strong>posteriora</strong></span> <span class='ocrx_word' id='word_1_214' title='bbox 1459 3062 1742 3136; x_wconf 88' lang='lat' dir='ltr'><strong>tempora</strong></span> <span class='ocrx_word' id='word_1_215' title='bbox 1786 3056 2140 3120; x_wconf 90' lang='lat' dir='ltr'><strong>necessario</strong></span> <span class='ocrx_word' id='word_1_216' title='bbox 2183 3056 2264 3119; x_wconf 89' lang='lat' dir='ltr'><strong>sit</strong></span> 
     </span>
     <span class='ocr_line' id='line_1_33' title="bbox 707 3141 2261 3225; baseline 0 -19"><span class='ocrx_word' id='word_1_217' title='bbox 707 3142 1132 3218; x_wconf 80' lang='lat' dir='ltr'><strong>referendum3</strong></span> <span class='ocrx_word' id='word_1_218' title='bbox 1180 3141 1408 3206; x_wconf 80' lang='lat' dir='ltr'><strong>deinde</strong></span> <span class='ocrx_word' id='word_1_219' title='bbox 1461 3161 1606 3204; x_wconf 75' lang='lat' dir='ltr'><strong>vero</strong></span> <span class='ocrx_word' id='word_1_220' title='bbox 1625 3188 1641 3219; x_wconf 91' lang='lat'>‚</span> <span class='ocrx_word' id='word_1_221' title='bbox 1693 3161 1888 3224; x_wconf 89' lang='lat' dir='ltr'><strong>quum</strong></span> <span class='ocrx_word' id='word_1_222' title='bbox 1954 3143 2121 3225; x_wconf 89' lang='lat' dir='ltr'><strong>quod</strong></span> <span class='ocrx_word' id='word_1_223' title='bbox 2182 3144 2261 3207; x_wconf 91' lang='lat' dir='ltr'><strong>de</strong></span> 
     </span>
     <span class='ocr_line' id='line_1_34' title="bbox 703 3229 2261 3311; baseline -0.001 -18"><span class='ocrx_word' id='word_1_224' title='bbox 703 3231 1006 3300; x_wconf 85' lang='lat' dir='ltr'><strong>exstincta</strong></span> <span class='ocrx_word' id='word_1_225' title='bbox 1041 3230 1462 3292; x_wconf 88' lang='lat' dir='ltr'><strong>Nasamonum</strong></span> <span class='ocrx_word' id='word_1_226' title='bbox 1501 3229 1749 3292; x_wconf 87' lang='lat' dir='ltr'><strong>natione</strong></span> <span class='ocrx_word' id='word_1_227' title='bbox 1792 3229 2097 3311; x_wconf 87' lang='lat' dir='ltr'><strong>proditur,</strong></span> <span class='ocrx_word' id='word_1_228' title='bbox 2135 3249 2261 3294; x_wconf 91' lang='lat' dir='ltr'><strong>nou</strong></span> 
     </span>
     <span class='ocr_line' id='line_1_35' title="bbox 705 3315 2260 3400; baseline 0 -20"><span class='ocrx_word' id='word_1_229' title='bbox 705 3326 834 3380; x_wconf 89' lang='lat' dir='ltr'><strong>tam</strong></span> <span class='ocrx_word' id='word_1_230' title='bbox 859 3316 1126 3380; x_wconf 83' lang='lat' dir='ltr'><strong>veritatis</strong></span> <span class='ocrx_word' id='word_1_231' title='bbox 1159 3315 1587 3380; x_wconf 88' lang='lat' dir='ltr'><strong>testimonium</strong></span> <span class='ocrx_word' id='word_1_232' title='bbox 1620 3315 1700 3378; x_wconf 89' lang='lat' dir='ltr'><strong>sit</strong></span> <span class='ocrx_word' id='word_1_233' title='bbox 1730 3334 1918 3400; x_wconf 89' lang='lat' dir='ltr'><strong>quam</strong></span> <span class='ocrx_word' id='word_1_234' title='bbox 1949 3317 2260 3380; x_wconf 90' lang='lat' dir='ltr'><strong>Romanos</strong></span> 
     </span>
     <span class='ocr_line' id='line_1_36' title="bbox 707 3404 2254 3486; baseline 0 -16"><span class='ocrx_word' id='word_1_235' title='bbox 707 3406 942 3471; x_wconf 89' lang='lat' dir='ltr'><strong>recenti</strong></span> <span class='ocrx_word' id='word_1_236' title='bbox 985 3405 1242 3469; x_wconf 81' lang='lat' dir='ltr'><strong>victoria</strong></span> <span class='ocrx_word' id='word_1_237' title='bbox 1301 3404 1572 3468; x_wconf 86' lang='lat' dir='ltr'><strong>inflatius</strong></span> <span class='ocrx_word' id='word_1_238' title='bbox 1618 3405 1954 3484; x_wconf 87' lang='lat' dir='ltr'><strong>gloriantes</strong></span> <span class='ocrx_word' id='word_1_239' title='bbox 2004 3417 2254 3486; x_wconf 85' lang='lat' dir='ltr'><strong>arguat,</strong></span> 
     </span>
     <span class='ocr_line' id='line_1_37' title="bbox 709 3490 2259 3577; baseline -0.001 -19"><span class='ocrx_word' id='word_1_240' title='bbox 709 3493 1067 3577; x_wconf 81' lang='lat' dir='ltr'><strong>Dionysium</strong></span> <span class='ocrx_word' id='word_1_241' title='bbox 1101 3492 1272 3556; x_wconf 91' lang='lat' dir='ltr'><strong>haud</strong></span> <span class='ocrx_word' id='word_1_242' title='bbox 1314 3493 1499 3574; x_wconf 90' lang='lat' dir='ltr'><strong>longe</strong></span> <span class='ocrx_word' id='word_1_243' title='bbox 1544 3501 1686 3574; x_wconf 89' lang='lat' dir='ltr'><strong>post</strong></span> <span class='ocrx_word' id='word_1_244' title='bbox 1725 3490 2048 3556; x_wconf 75' lang='lat' dir='ltr'><strong>victoriam</strong></span> <span class='ocrx_word' id='word_1_245' title='bbox 2087 3492 2259 3556; x_wconf 89' lang='lat' dir='ltr'><strong>illam</strong></span> 
     </span>
     <span class='ocr_line' id='line_1_38' title="bbox 710 3580 2262 3663; baseline 0 -19"><span class='ocrx_word' id='word_1_246' title='bbox 710 3603 820 3646; x_wconf 89' lang='lat' dir='ltr'><strong>sua</strong></span> <span class='ocrx_word' id='word_1_247' title='bbox 863 3580 1258 3662; x_wconf 89' lang='lat' dir='ltr'><strong>consignasse</strong></span> <span class='ocrx_word' id='word_1_248' title='bbox 1308 3580 1527 3645; x_wconf 87' lang='lat' dir='ltr'><strong>videri.</strong></span> <span class='ocrx_word' id='word_1_249' title='bbox 1573 3580 1852 3662; x_wconf 91' lang='lat' dir='ltr'><strong>Denique</strong></span> <span class='ocrx_word' id='word_1_250' title='bbox 1905 3599 1984 3644; x_wconf 90' lang='lat' dir='ltr'><strong>ne</strong></span> <span class='ocrx_word' id='word_1_251' title='bbox 2034 3589 2262 3663; x_wconf 76' lang='lat' dir='ltr'><strong>praeter</strong></span> 
     </span>
     <span class='ocr_line' id='line_1_39' title="bbox 710 3668 2262 3752; baseline -0.001 -18"><span class='ocrx_word' id='word_1_252' title='bbox 710 3671 1142 3736; x_wconf 88' lang='lat' dir='ltr'><strong>necessitatem</strong></span> <span class='ocrx_word' id='word_1_253' title='bbox 1181 3677 1430 3752; x_wconf 88' lang='lat' dir='ltr'><strong>poetam</strong></span> <span class='ocrx_word' id='word_1_254' title='bbox 1472 3670 1536 3731; x_wconf 92' lang='lat' dir='ltr'><strong>in</strong></span> <span class='ocrx_word' id='word_1_255' title='bbox 1565 3668 1820 3732; x_wconf 89' lang='lat' dir='ltr'><strong>citerius</strong></span> <span class='ocrx_word' id='word_1_256' title='bbox 1870 3687 2068 3732; x_wconf 79' lang='lat' dir='ltr'><strong>aevum</strong></span> <span class='ocrx_word' id='word_1_257' title='bbox 2114 3671 2262 3751; x_wconf 88' lang='lat' dir='ltr'><strong>reji-</strong></span> 
     </span>
     <span class='ocr_line' id='line_1_40' title="bbox 713 3755 2261 3843; baseline 0 -22"><span class='ocrx_word' id='word_1_258' title='bbox 713 3759 978 3835; x_wconf 89' lang='lat' dir='ltr'><strong>ciamus,</strong></span> <span class='ocrx_word' id='word_1_259' title='bbox 1007 3777 1083 3823; x_wconf 93' lang='lat' dir='ltr'><strong>eo</strong></span> <span class='ocrx_word' id='word_1_260' title='bbox 1106 3776 1358 3843; x_wconf 88' lang='lat' dir='ltr'><strong>quoque</strong></span> <span class='ocrx_word' id='word_1_261' title='bbox 1386 3756 1718 3839; x_wconf 90' lang='lat' dir='ltr'><strong>impedior,</strong></span> <span class='ocrx_word' id='word_1_262' title='bbox 1744 3755 1916 3840; x_wconf 88' lang='lat' dir='ltr'><strong>quod</strong></span> <span class='ocrx_word' id='word_1_263' title='bbox 1931 3757 2261 3839; x_wconf 79' lang='lat' dir='ltr'><strong>Dionysius</strong></span> 
     </span>
     <span class='ocr_line' id='line_1_41' title="bbox 711 3847 2261 3929; baseline 0.001 -21"><span class='ocrx_word' id='word_1_264' title='bbox 711 3847 848 3924; x_wconf 89' lang='lat' dir='ltr'><strong>ille,</strong></span> <span class='ocrx_word' id='word_1_265' title='bbox 895 3864 1084 3928; x_wconf 92' lang='lat' dir='ltr'><strong>quem</strong></span> <span class='ocrx_word' id='word_1_266' title='bbox 1117 3865 1155 3910; x_wconf 92' lang='lat' dir='ltr'><strong>a</strong></span> <span class='ocrx_word' id='word_1_267' title='bbox 1195 3847 1586 3929; x_wconf 85' lang='lat' dir='ltr'><strong>periegeseos</strong></span> <span class='ocrx_word' id='word_1_268' title='bbox 1631 3851 1694 3908; x_wconf 90' lang='lat' dir='ltr'><strong>et</strong></span> <span class='ocrx_word' id='word_1_269' title='bbox 1736 3849 1966 3906; x_wconf 78' lang='grc' dir='ltr'><strong>Λιοικῶν</strong></span> <span class='ocrx_word' id='word_1_270' title='bbox 2009 3852 2261 3911; x_wconf 84' lang='lat' dir='ltr'><strong>auctore</strong></span> 
     </span>
     <span class='ocr_line' id='line_1_42' title="bbox 709 3932 2263 4016; baseline 0 -18"><span class='ocrx_word' id='word_1_271' title='bbox 709 3953 839 3999; x_wconf 84' lang='lat' dir='ltr'><strong>non</strong></span> <span class='ocrx_word' id='word_1_272' title='bbox 868 3934 1180 3999; x_wconf 84' lang='lat' dir='ltr'><strong>diversum</strong></span> <span class='ocrx_word' id='word_1_273' title='bbox 1203 3953 1340 3998; x_wconf 86' lang='lat' dir='ltr'><strong>esse</strong></span> <span class='ocrx_word' id='word_1_274' title='bbox 1368 3932 1772 4016; x_wconf 85' lang='lat' dir='ltr'><strong>probabiliter</strong></span> <span class='ocrx_word' id='word_1_275' title='bbox 1788 3932 2128 4014; x_wconf 85' lang='lat' dir='ltr'><strong>conjecisse</strong></span> <span class='ocrx_word' id='word_1_276' title='bbox 2147 3953 2263 3998; x_wconf 93' lang='lat' dir='ltr'><strong>no-</strong></span> 
     </span>
     <span class='ocr_line' id='line_1_43' title="bbox 707 4021 2262 4106; baseline 0.001 -22"><span class='ocrx_word' id='word_1_277' title='bbox 707 4023 808 4085; x_wconf 79' lang='lat' dir='ltr'><strong>bis</strong></span> <span class='ocrx_word' id='word_1_278' title='bbox 829 4023 1136 4098; x_wconf 83' lang='lat' dir='ltr'><strong>videmur,</strong></span> <span class='ocrx_word' id='word_1_279' title='bbox 1157 4022 1309 4086; x_wconf 89' lang='lat' dir='ltr'><strong>inde</strong></span> <span class='ocrx_word' id='word_1_280' title='bbox 1329 4041 1366 4086; x_wconf 87' lang='lat' dir='ltr'><strong>a</strong></span> <span class='ocrx_word' id='word_1_281' title='bbox 1385 4022 1644 4084; x_wconf 89' lang='lat' dir='ltr'><strong>Neronis</strong></span> <span class='ocrx_word' id='word_1_282' title='bbox 1661 4021 2045 4102; x_wconf 89' lang='lat' dir='ltr'><strong>temporibus</strong></span> <span class='ocrx_word' id='word_1_283' title='bbox 2061 4041 2262 4106; x_wconf 89' lang='lat' dir='ltr'><strong>usque</strong></span> 
     </span>
     <span class='ocr_line' id='line_1_44' title="bbox 701 4108 2260 4191; baseline 0.001 -19"><span class='ocrx_word' id='word_1_284' title='bbox 701 4108 790 4172; x_wconf 87' lang='lat' dir='ltr'><strong>ad</strong></span> <span class='ocrx_word' id='word_1_285' title='bbox 817 4110 1064 4189; x_wconf 78' lang='lat' dir='ltr'><strong>Traiani</strong></span> <span class='ocrx_word' id='word_1_286' title='bbox 1095 4127 1360 4190; x_wconf 91' lang='lat' dir='ltr'><strong>regnum</strong></span> <span class='ocrx_word' id='word_1_287' title='bbox 1413 4112 1434 4188; x_wconf 90' lang='lat'><strong>(</strong></span> <span class='ocrx_word' id='word_1_288' title='bbox 1453 4113 1634 4174; x_wconf 75' lang='lat'>54-93</span> <span class='ocrx_word' id='word_1_289' title='bbox 1663 4128 1726 4191; x_wconf 87' lang='lat' dir='ltr'><strong>p.</strong></span> <span class='ocrx_word' id='word_1_290' title='bbox 1772 4111 1878 4185; x_wconf 82' lang='lat' dir='ltr'><strong>G.)</strong></span> <span class='ocrx_word' id='word_1_291' title='bbox 1908 4108 2186 4173; x_wconf 84' lang='lat' dir='ltr'><strong>floruisse</strong></span> <span class='ocrx_word' id='word_1_292' title='bbox 2224 4129 2260 4173; x_wconf 94' lang='lat' dir='ltr'><strong>a</strong></span> 
     </span>
     <span class='ocr_line' id='line_1_45' title="bbox 709 4194 2253 4278; baseline 0 -19"><span class='ocrx_word' id='word_1_293' title='bbox 709 4195 902 4260; x_wconf 88' lang='lat' dir='ltr'><strong>Suida</strong></span> <span class='ocrx_word' id='word_1_294' title='bbox 927 4197 1209 4259; x_wconf 90' lang='lat' dir='ltr'><strong>traditur.</strong></span> <span class='ocrx_word' id='word_1_295' title='bbox 1243 4195 1422 4259; x_wconf 90' lang='lat' dir='ltr'><strong>Unde</strong></span> <span class='ocrx_word' id='word_1_296' title='bbox 1459 4194 1859 4277; x_wconf 89' lang='lat' dir='ltr'><strong>consequitur</strong></span> <span class='ocrx_word' id='word_1_297' title='bbox 1887 4213 1957 4258; x_wconf 88' lang='lat' dir='ltr'><strong>ea</strong></span> <span class='ocrx_word' id='word_1_298' title='bbox 1985 4215 2126 4278; x_wconf 82' lang='lat' dir='ltr'><strong>quae</strong></span> <span class='ocrx_word' id='word_1_299' title='bbox 2166 4215 2253 4259; x_wconf 88' lang='grc' dir='ltr'><strong>νε.</strong></span> 
     </span>
     <span class='ocr_line' id='line_1_46' title="bbox 712 4282 2262 4348; baseline 0.001 -2"><span class='ocrx_word' id='word_1_300' title='bbox 712 4287 858 4348; x_wconf 81' lang='grc'><strong>1051</strong></span> <span class='ocrx_word' id='word_1_301' title='bbox 884 4283 962 4348; x_wconf 91' lang='lat' dir='ltr'><strong>de</strong></span> <span class='ocrx_word' id='word_1_302' title='bbox 979 4284 1351 4347; x_wconf 84' lang='lat' dir='ltr'><strong>Parthorum</strong></span> <span class='ocrx_word' id='word_1_303' title='bbox 1380 4282 1604 4347; x_wconf 89' lang='lat' dir='ltr'><strong>ardore</strong></span> <span class='ocrx_word' id='word_1_304' title='bbox 1627 4282 1802 4346; x_wconf 89' lang='lat' dir='ltr'><strong>hasta</strong></span> <span class='ocrx_word' id='word_1_305' title='bbox 1819 4300 2076 4346; x_wconf 89' lang='lat' dir='ltr'><strong>romana</strong></span> <span class='ocrx_word' id='word_1_306' title='bbox 2095 4283 2262 4348; x_wconf 88' lang='lat' dir='ltr'><strong>miti·</strong></span> 
     </span>
     <span class='ocr_line' id='line_1_47' title="bbox 710 4371 2261 4453; baseline -0.001 -17"><span class='ocrx_word' id='word_1_307' title='bbox 710 4381 852 4453; x_wconf 76' lang='lat' dir='ltr'><strong>gato</strong></span> <span class='ocrx_word' id='word_1_308' title='bbox 883 4373 1314 4451; x_wconf 76' lang='grc' dir='ltr'><strong>(ἄμαιμακίτους</strong></span> <span class='ocrx_word' id='word_1_309' title='bbox 1361 4394 1464 4451; x_wconf 78' lang='grc' dir='ltr'><strong>περ</strong></span> <span class='ocrx_word' id='word_1_310' title='bbox 1512 4371 1690 4439; x_wconf 73' lang='grc' dir='ltr'><strong>ῐοντας</strong></span> <span class='ocrx_word' id='word_1_311' title='bbox 1721 4373 1973 4433; x_wconf 82' lang='grc' dir='ltr'><strong>Αὖσονίου</strong></span> <span class='ocrx_word' id='word_1_312' title='bbox 2017 4375 2261 4447; x_wconf 77' lang='grc' dir='ltr'>βασιλῆος</span> 
     </span>
     <span class='ocr_line' id='line_1_48' title="bbox 709 4459 2265 4542; baseline -0.001 -21"><span class='ocrx_word' id='word_1_313' title='bbox 709 4460 1028 4542; x_wconf 71' lang='grc' dir='ltr'><strong>ἐπεπρῆῦνεν</strong></span> <span class='ocrx_word' id='word_1_314' title='bbox 1059 4459 1281 4538; x_wconf 73' lang='grc' dir='ltr'><strong>ἀκωκή)</strong></span> <span class='ocrx_word' id='word_1_315' title='bbox 1308 4459 1620 4539; x_wconf 89' lang='lat' dir='ltr'><strong>leguntur,</strong></span> <span class='ocrx_word' id='word_1_316' title='bbox 1655 4475 1851 4540; x_wconf 87' lang='lat' dir='ltr'><strong>quum</strong></span> <span class='ocrx_word' id='word_1_317' title='bbox 1873 4477 1986 4540; x_wconf 90' lang='lat' dir='ltr'><strong>per</strong></span> <span class='ocrx_word' id='word_1_318' title='bbox 2013 4477 2078 4522; x_wconf 88' lang='lat' dir='ltr'><strong>se</strong></span> <span class='ocrx_word' id='word_1_319' title='bbox 2109 4459 2265 4522; x_wconf 90' lang='lat' dir='ltr'><strong>mul-</strong></span> 
     </span>
     <span class='ocr_line' id='line_1_49' title="bbox 712 4543 2267 4628; baseline 0 -18"><span class='ocrx_word' id='word_1_320' title='bbox 712 4547 988 4627; x_wconf 89' lang='lat' dir='ltr'><strong>tiplicem</strong></span> <span class='ocrx_word' id='word_1_321' title='bbox 1029 4547 1606 4628; x_wconf 88' lang='lat' dir='ltr'><strong>interpretationem</strong></span> <span class='ocrx_word' id='word_1_322' title='bbox 1637 4543 1998 4622; x_wconf 88' lang='lat' dir='ltr'><strong>admittant,</strong></span> <span class='ocrx_word' id='word_1_323' title='bbox 2034 4545 2116 4608; x_wconf 91' lang='lat' dir='ltr'><strong>ad</strong></span> <span class='ocrx_word' id='word_1_324' title='bbox 2146 4550 2267 4610; x_wconf 81' lang='lat' dir='ltr'><strong>Au-</strong></span> 
     </span>
    </p>
   </div>
   <div class='ocr_carea' id='block_1_5' title="bbox 707 4765 2266 5254">
    <p class='ocr_par' dir='ltr' id='par_1_5' title="bbox 707 4765 2266 5254">
     <span class='ocr_line' id='line_1_50' title="bbox 715 4765 2263 4831; baseline 0 -15"><span class='ocrx_word' id='word_1_325' title='bbox 715 4767 860 4818; x_wconf 85' lang='lat' dir='ltr'><strong>ssatur</strong></span> <span class='ocrx_word' id='word_1_326' title='bbox 888 4781 1004 4820; x_wconf 88' lang='lat' dir='ltr'><strong>cum</strong></span> <span class='ocrx_word' id='word_1_327' title='bbox 1028 4768 1194 4830; x_wconf 81' lang='lat' dir='ltr'><strong>altera,</strong></span> <span class='ocrx_word' id='word_1_328' title='bbox 1227 4779 1286 4818; x_wconf 85' lang='lat' dir='ltr'><strong>ex</strong></span> <span class='ocrx_word' id='word_1_329' title='bbox 1323 4779 1424 4830; x_wconf 82' lang='lat' dir='ltr'><strong>qua</strong></span> <span class='ocrx_word' id='word_1_330' title='bbox 1463 4765 1559 4817; x_wconf 87' lang='lat' dir='ltr'><strong>sub</strong></span> <span class='ocrx_word' id='word_1_331' title='bbox 1578 4767 1804 4831; x_wconf 77' lang='lat' dir='ltr'><strong>Augusto</strong></span> <span class='ocrx_word' id='word_1_332' title='bbox 1835 4767 1982 4830; x_wconf 80' lang='lat' dir='ltr'><strong>poeta</strong></span> <span class='ocrx_word' id='word_1_333' title='bbox 2019 4765 2156 4817; x_wconf 73' lang='lat' dir='ltr'><strong>vixit.</strong></span> <span class='ocrx_word' id='word_1_334' title='bbox 2188 4765 2263 4817; x_wconf 83' lang='lat' dir='ltr'><strong>Cr.</strong></span> 
     </span>
     <span class='ocr_line' id='line_1_51' title="bbox 713 4837 2266 4902; baseline 0.001 -16"><span class='ocrx_word' id='word_1_335' title='bbox 713 4838 999 4890; x_wconf 76' lang='lat' dir='ltr'><strong>Eustathius</strong></span> <span class='ocrx_word' id='word_1_336' title='bbox 1041 4837 1104 4889; x_wconf 71' lang='lat' dir='ltr'><strong>ad</strong></span> <span class='ocrx_word' id='word_1_337' title='bbox 1129 4852 1180 4889; x_wconf 73' lang='lat' dir='ltr'><strong>V.</strong></span> <span class='ocrx_word' id='word_1_338' title='bbox 1211 4842 1304 4890; x_wconf 82' lang='lat'><strong>355</strong></span> <span class='ocrx_word' id='word_1_339' title='bbox 1340 4851 1390 4902; x_wconf 83' lang='lat' dir='ltr'><strong>p.</strong></span> <span class='ocrx_word' id='word_1_340' title='bbox 1437 4841 1548 4898; x_wconf 81' lang='lat'><strong>279,</strong></span> <span class='ocrx_word' id='word_1_341' title='bbox 1601 4843 1660 4887; x_wconf 74' lang='lat'><strong>2⁸</strong></span> <span class='ocrx_word' id='word_1_342' title='bbox 1689 4849 1703 4880; x_wconf 81' lang='lat'>²</span> <span class='ocrx_word' id='word_1_343' title='bbox 1734 4837 2006 4888; x_wconf 73' lang='grc' dir='ltr'><strong>ἀνάκτων</strong></span> <span class='ocrx_word' id='word_1_344' title='bbox 2028 4837 2079 4888; x_wconf 67' lang='grc' dir='ltr'><strong>δὲ</strong></span> <span class='ocrx_word' id='word_1_345' title='bbox 2121 4838 2266 4888; x_wconf 65' lang='grc' dir='ltr'><strong>εἰπὼν</strong></span> 
     </span>
     <span class='ocr_line' id='line_1_52' title="bbox 714 4907 2263 4973; baseline -0.001 -15"><span class='ocrx_word' id='word_1_346' title='bbox 714 4908 867 4970; x_wconf 61' lang='lat' dir='ltr'><strong>Educta,</strong></span> <span class='ocrx_word' id='word_1_347' title='bbox 900 4909 1055 4973; x_wconf 79' lang='grc' dir='ltr'><strong>φασὶν,</strong></span> <span class='ocrx_word' id='word_1_348' title='bbox 1091 4911 1292 4972; x_wconf 71' lang='grc' dir='ltr'><strong>ἐναργῶς</strong></span> <span class='ocrx_word' id='word_1_349' title='bbox 1327 4909 1399 4957; x_wconf 83' lang='grc' dir='ltr'><strong>ὅτι</strong></span> <span class='ocrx_word' id='word_1_350' title='bbox 1432 4908 1522 4956; x_wconf 71' lang='grc' dir='ltr'><strong>οὐκ</strong></span> <span class='ocrx_word' id='word_1_351' title='bbox 1557 4907 1632 4956; x_wconf 69' lang='grc' dir='ltr'><strong>ἐπὶ</strong></span> <span class='ocrx_word' id='word_1_352' title='bbox 1662 4911 1758 4955; x_wconf 78' lang='grc' dir='ltr'><strong>τῶν</strong></span> <span class='ocrx_word' id='word_1_353' title='bbox 1781 4907 1972 4957; x_wconf 71' lang='grc' dir='ltr'><strong>ὑπάτων</strong></span> <span class='ocrx_word' id='word_1_354' title='bbox 2014 4908 2153 4964; x_wconf 76' lang='grc' dir='ltr'><strong>αὐτὸς</strong></span> <span class='ocrx_word' id='word_1_355' title='bbox 2187 4907 2263 4968; x_wconf 82' lang='grc' dir='ltr'><strong>ἦν,</strong></span> 
     </span>
     <span class='ocr_line' id='line_1_53' title="bbox 714 4977 2244 5042; baseline -0.001 -14"><span class='ocrx_word' id='word_1_356' title='bbox 714 4979 815 5028; x_wconf 73' lang='grc' dir='ltr'><strong>ἀλλ’</strong></span> <span class='ocrx_word' id='word_1_357' title='bbox 834 4981 910 5029; x_wconf 68' lang='grc' dir='ltr'><strong>ἐπὶ</strong></span> <span class='ocrx_word' id='word_1_358' title='bbox 935 4985 1028 5029; x_wconf 79' lang='grc' dir='ltr'><strong>τῶν</strong></span> <span class='ocrx_word' id='word_1_359' title='bbox 1051 4977 1396 5042; x_wconf 62' lang='grc' dir='ltr'><strong>αὐτοκρατόρων</strong></span> <span class='ocrx_word' id='word_1_360' title='bbox 1427 4978 1624 5038; x_wconf 72' lang='grc' dir='ltr'><strong>ἤκμαζε,</strong></span> <span class='ocrx_word' id='word_1_361' title='bbox 1653 4977 1882 5040; x_wconf 59' lang='lat' dir='ltr'><strong>Momm,</strong></span> <span class='ocrx_word' id='word_1_362' title='bbox 1904 4979 1936 5037; x_wconf 76' lang='grc' dir='ltr'>ἢ</span> <span class='ocrx_word' id='word_1_363' title='bbox 1971 4979 2052 5026; x_wconf 69' lang='grc' dir='ltr'><strong>καὶ</strong></span> <span class='ocrx_word' id='word_1_364' title='bbox 2089 4977 2244 5038; x_wconf 55' lang='lat' dir='ltr'><strong>Adros:</strong></span> 
     </span>
     <span class='ocr_line' id='line_1_54' title="bbox 714 5048 2260 5112; baseline -0.003 -11"><span class='ocrx_word' id='word_1_365' title='bbox 714 5067 827 5102; x_wconf 83' lang='grc' dir='ltr'><strong>στου</strong></span> <span class='ocrx_word' id='word_1_366' title='bbox 853 5052 978 5100; x_wconf 74' lang='grc' dir='ltr'><strong>κατά</strong></span> <span class='ocrx_word' id='word_1_367' title='bbox 1003 5067 1130 5108; x_wconf 79' lang='grc' dir='ltr'><strong>τινας</strong></span> <span class='ocrx_word' id='word_1_368' title='bbox 1155 5049 1245 5110; x_wconf 79' lang='grc' dir='ltr'><strong>(οὗ</strong></span> <span class='ocrx_word' id='word_1_369' title='bbox 1263 5050 1342 5099; x_wconf 72' lang='grc' dir='ltr'><strong>καὶ</strong></span> <span class='ocrx_word' id='word_1_370' title='bbox 1362 5050 1616 5112; x_wconf 77' lang='grc' dir='ltr'><strong>μεμνῆσθαι</strong></span> <span class='ocrx_word' id='word_1_371' title='bbox 1635 5048 1817 5110; x_wconf 70' lang='grc' dir='ltr'><strong>λέγεται</strong></span> <span class='ocrx_word' id='word_1_372' title='bbox 1837 5048 1918 5096; x_wconf 74' lang='grc' dir='ltr'><strong>καὶ</strong></span> <span class='ocrx_word' id='word_1_373' title='bbox 1947 5049 1996 5096; x_wconf 66' lang='grc' dir='ltr'><strong>ἐν</strong></span> <span class='ocrx_word' id='word_1_374' title='bbox 2015 5051 2084 5111; x_wconf 81' lang='grc' dir='ltr'><strong>τῷ</strong></span> <span class='ocrx_word' id='word_1_375' title='bbox 2111 5065 2137 5092; x_wconf 78' lang='grc' dir='ltr'><strong>ιι</strong></span> <span class='ocrx_word' id='word_1_376' title='bbox 2166 5048 2260 5096; x_wconf 80' lang='grc' dir='ltr'><strong>Λῦ-</strong></span> 
     </span>
     <span class='ocr_line' id='line_1_55' title="bbox 711 5117 2261 5186; baseline -0.002 -15"><span class='ocrx_word' id='word_1_377' title='bbox 711 5121 870 5171; x_wconf 82' lang='grc' dir='ltr'>σονίου</span> <span class='ocrx_word' id='word_1_378' title='bbox 901 5122 1122 5186; x_wconf 79' lang='grc' dir='ltr'><strong>βασιλῆος</strong></span> <span class='ocrx_word' id='word_1_379' title='bbox 1152 5119 1428 5184; x_wconf 59' lang='lat' dir='ltr'><strong>tumeam</strong></span> <span class='ocrx_word' id='word_1_380' title='bbox 1451 5119 1618 5177; x_wconf 72' lang='grc' dir='ltr'><strong>ἀκωκή</strong></span> <span class='ocrx_word' id='word_1_381' title='bbox 1631 5121 1670 5178; x_wconf 89' lang='grc'><strong>)·</strong></span> <span class='ocrx_word' id='word_1_382' title='bbox 1687 5119 1796 5175; x_wconf 79' lang='grc' dir='ltr'>τοὺς</span> <span class='ocrx_word' id='word_1_383' title='bbox 1825 5119 1914 5182; x_wconf 77' lang='grc' dir='ltr'><strong>γὰρ</strong></span> <span class='ocrx_word' id='word_1_384' title='bbox 1935 5117 2142 5176; x_wconf 59' lang='lat' dir='ltr'><strong>buiron(</strong></span> <span class='ocrx_word' id='word_1_385' title='bbox 2174 5119 2261 5168; x_wconf 70' lang='grc' dir='ltr'><strong>οὐκ</strong></span> 
     </span>
     <span class='ocr_line' id='line_1_56' title="bbox 707 5185 2088 5254; baseline -0.001 -12"><span class='ocrx_word' id='word_1_386' title='bbox 707 5191 906 5242; x_wconf 71' lang='grc' dir='ltr'><strong>ικάλουν</strong></span> <span class='ocrx_word' id='word_1_387' title='bbox 923 5191 1138 5248; x_wconf 78' lang='grc' dir='ltr'><strong>ἄνακτας.</strong></span> <span class='ocrx_word' id='word_1_388' title='bbox 1168 5189 1258 5240; x_wconf 79' lang='lat' dir='ltr'><strong>His</strong></span> <span class='ocrx_word' id='word_1_389' title='bbox 1271 5187 1394 5240; x_wconf 83' lang='lat' dir='ltr'><strong>adde</strong></span> <span class='ocrx_word' id='word_1_390' title='bbox 1407 5201 1522 5252; x_wconf 76' lang='lat' dir='ltr'><strong>quoe</strong></span> <span class='ocrx_word' id='word_1_391' title='bbox 1539 5201 1688 5254; x_wconf 82' lang='lat' dir='ltr'><strong>supra</strong></span> <span class='ocrx_word' id='word_1_392' title='bbox 1716 5187 1818 5252; x_wconf 72' lang='lat' dir='ltr'><strong>jam</strong></span> <span class='ocrx_word' id='word_1_393' title='bbox 1835 5185 2088 5252; x_wconf 74' lang='lat' dir='ltr'><strong>adscripsi.</strong></span> 
     </span>
    </p>
   </div>
   <div class='ocr_carea' id='block_1_6' title="bbox 2350 592 3905 3666">
    <p class='ocr_par' dir='ltr' id='par_1_6' title="bbox 2350 592 3905 1095">
     <span class='ocr_line' id='line_1_57' title="bbox 2351 592 3905 682; baseline 0.008 -28"><span class='ocrx_word' id='word_1_394' title='bbox 2351 592 2597 674; x_wconf 72' lang='lat' dir='ltr'><strong>Traiani</strong></span> <span class='ocrx_word' id='word_1_395' title='bbox 2614 595 2709 656; x_wconf 79' lang='lat' dir='ltr'><strong>vel</strong></span> <span class='ocrx_word' id='word_1_396' title='bbox 2738 593 3067 658; x_wconf 81' lang='lat' dir='ltr'><strong>Alexandri</strong></span> <span class='ocrx_word' id='word_1_397' title='bbox 3094 596 3299 658; x_wconf 87' lang='lat' dir='ltr'><strong>Severi</strong></span> <span class='ocrx_word' id='word_1_398' title='bbox 3321 597 3413 660; x_wconf 84' lang='lat' dir='ltr'><strong>vel</strong></span> <span class='ocrx_word' id='word_1_399' title='bbox 3443 599 3541 662; x_wconf 90' lang='lat' dir='ltr'><strong>his</strong></span> <span class='ocrx_word' id='word_1_400' title='bbox 3560 603 3905 682; x_wconf 82' lang='lat' dir='ltr'><strong>posteriora</strong></span> 
     </span>
     <span class='ocr_line' id='line_1_58' title="bbox 2350 679 3902 768; baseline 0.009 -26"><span class='ocrx_word' id='word_1_401' title='bbox 2350 698 2488 742; x_wconf 88' lang='lat' dir='ltr'><strong>esse</strong></span> <span class='ocrx_word' id='word_1_402' title='bbox 2538 679 2863 744; x_wconf 78' lang='lat' dir='ltr'><strong>referenda</strong></span> <span class='ocrx_word' id='word_1_403' title='bbox 2890 683 2993 758; x_wconf 78' lang='grc'><strong>(1).</strong></span> <span class='ocrx_word' id='word_1_404' title='bbox 3036 684 3237 762; x_wconf 81' lang='lat' dir='ltr'><strong>Atque</strong></span> <span class='ocrx_word' id='word_1_405' title='bbox 3282 682 3347 745; x_wconf 90' lang='lat' dir='ltr'><strong>in</strong></span> <span class='ocrx_word' id='word_1_406' title='bbox 3391 685 3683 768; x_wconf 89' lang='lat' dir='ltr'><strong>Dionysio</strong></span> <span class='ocrx_word' id='word_1_407' title='bbox 3738 687 3902 756; x_wconf 84' lang='lat' dir='ltr'><strong>istud</strong></span> 
     </span>
     <span class='ocr_line' id='line_1_59' title="bbox 2355 767 3901 858; baseline 0.008 -31"><span class='ocrx_word' id='word_1_408' title='bbox 2355 767 2719 848; x_wconf 72' lang='grc' dir='ltr'><strong>ἔπιπρῆῦνιν,</strong></span> <span class='ocrx_word' id='word_1_409' title='bbox 2760 776 2831 830; x_wconf 90' lang='lat' dir='ltr'><strong>ut</strong></span> <span class='ocrx_word' id='word_1_410' title='bbox 2874 767 2997 832; x_wconf 87' lang='lat' dir='ltr'><strong>non</strong></span> <span class='ocrx_word' id='word_1_411' title='bbox 3042 767 3210 831; x_wconf 89' lang='lat' dir='ltr'><strong>cadit</strong></span> <span class='ocrx_word' id='word_1_412' title='bbox 3238 769 3303 832; x_wconf 91' lang='lat' dir='ltr'><strong>in</strong></span> <span class='ocrx_word' id='word_1_413' title='bbox 3334 771 3579 836; x_wconf 88' lang='lat' dir='ltr'><strong>cladem</strong></span> <span class='ocrx_word' id='word_1_414' title='bbox 3628 775 3901 858; x_wconf 85' lang='lat' dir='ltr'><strong>aliquam</strong></span> 
     </span>
     <span class='ocr_line' id='line_1_60' title="bbox 2353 853 3897 942; baseline 0.008 -26"><span class='ocrx_word' id='word_1_415' title='bbox 2353 853 2663 933; x_wconf 90' lang='lat' dir='ltr'><strong>insignem</strong></span> <span class='ocrx_word' id='word_1_416' title='bbox 2697 873 2821 935; x_wconf 92' lang='lat' dir='ltr'><strong>qua</strong></span> <span class='ocrx_word' id='word_1_417' title='bbox 2842 853 3053 918; x_wconf 78' lang='lat' dir='ltr'><strong>fractae</strong></span> <span class='ocrx_word' id='word_1_418' title='bbox 3073 854 3303 920; x_wconf 81' lang='lat' dir='ltr'><strong>ruerint</strong></span> <span class='ocrx_word' id='word_1_419' title='bbox 3322 857 3482 921; x_wconf 88' lang='lat' dir='ltr'><strong>vires</strong></span> <span class='ocrx_word' id='word_1_420' title='bbox 3504 861 3897 942; x_wconf 86' lang='lat' dir='ltr'><strong>Parthorum,</strong></span> 
     </span>
     <span class='ocr_line' id='line_1_61' title="bbox 2352 941 3901 1030; baseline 0.008 -25"><span class='ocrx_word' id='word_1_421' title='bbox 2352 942 2442 1006; x_wconf 87' lang='lat' dir='ltr'><strong>sic</strong></span> <span class='ocrx_word' id='word_1_422' title='bbox 2471 941 2549 1004; x_wconf 90' lang='lat' dir='ltr'><strong>iis</strong></span> <span class='ocrx_word' id='word_1_423' title='bbox 2578 960 2720 1024; x_wconf 73' lang='lat' dir='ltr'><strong>quse</strong></span> <span class='ocrx_word' id='word_1_424' title='bbox 2738 944 2900 1006; x_wconf 85' lang='lat' dir='ltr'><strong>Nero</strong></span> <span class='ocrx_word' id='word_1_425' title='bbox 2923 941 3003 1006; x_wconf 92' lang='lat' dir='ltr'><strong>ab</strong></span> <span class='ocrx_word' id='word_1_426' title='bbox 3020 942 3197 1006; x_wconf 90' lang='lat' dir='ltr'><strong>hoste</strong></span> <span class='ocrx_word' id='word_1_427' title='bbox 3226 943 3523 1026; x_wconf 89' lang='lat' dir='ltr'><strong>obtinuit,</strong></span> <span class='ocrx_word' id='word_1_428' title='bbox 3544 968 3901 1030; x_wconf 78' lang='lat' dir='ltr'><strong>peraccom-</strong></span> 
     </span>
     <span class='ocr_line' id='line_1_62' title="bbox 2352 1029 3465 1095; baseline 0.001 -3"><span class='ocrx_word' id='word_1_429' title='bbox 2352 1029 2675 1095; x_wconf 90' lang='lat' dir='ltr'><strong>modatum</strong></span> <span class='ocrx_word' id='word_1_430' title='bbox 2701 1038 2817 1095; x_wconf 90' lang='lat' dir='ltr'><strong>est.</strong></span> <span class='ocrx_word' id='word_1_431' title='bbox 3456 1029 3465 1040; x_wconf 85' lang='grc'><strong>”</strong></span> 
     </span>
    </p>

    <p class='ocr_par' dir='ltr' id='par_1_7' title="bbox 2350 1119 3905 3666">
     <span class='ocr_line' id='line_1_63' title="bbox 2430 1119 3899 1215; baseline 0.01 -33"><span class='ocrx_word' id='word_1_432' title='bbox 2430 1119 2623 1200; x_wconf 88' lang='lat' dir='ltr'><strong>Igitur</strong></span> <span class='ocrx_word' id='word_1_433' title='bbox 2649 1126 2719 1183; x_wconf 91' lang='lat' dir='ltr'><strong>ut</strong></span> <span class='ocrx_word' id='word_1_434' title='bbox 2745 1120 2959 1202; x_wconf 88' lang='lat' dir='ltr'><strong>paucis</strong></span> <span class='ocrx_word' id='word_1_435' title='bbox 2991 1122 3517 1204; x_wconf 88' lang='lat' dir='ltr'><strong>comprehendam</strong></span> <span class='ocrx_word' id='word_1_436' title='bbox 3535 1171 3551 1200; x_wconf 93' lang='lat'><strong>,</strong></span> <span class='ocrx_word' id='word_1_437' title='bbox 3586 1145 3727 1215; x_wconf 84' lang='lat' dir='ltr'><strong>quae</strong></span> <span class='ocrx_word' id='word_1_438' title='bbox 3756 1149 3899 1196; x_wconf 88' lang='lat' dir='ltr'><strong>cum</strong></span> 
     </span>
     <span class='ocr_line' id='line_1_64' title="bbox 2352 1205 3905 1296; baseline 0.01 -29"><span class='ocrx_word' id='word_1_439' title='bbox 2352 1205 2563 1289; x_wconf 89' lang='lat' dir='ltr'><strong>aliqua</strong></span> <span class='ocrx_word' id='word_1_440' title='bbox 2590 1207 3043 1290; x_wconf 88' lang='lat' dir='ltr'><strong>probabilitatis</strong></span> <span class='ocrx_word' id='word_1_441' title='bbox 3070 1208 3279 1290; x_wconf 89' lang='lat' dir='ltr'><strong>specie</strong></span> <span class='ocrx_word' id='word_1_442' title='bbox 3306 1208 3431 1272; x_wconf 92' lang='lat' dir='ltr'><strong>dici</strong></span> <span class='ocrx_word' id='word_1_443' title='bbox 3471 1223 3733 1296; x_wconf 89' lang='lat' dir='ltr'><strong>queant,</strong></span> <span class='ocrx_word' id='word_1_444' title='bbox 3762 1218 3905 1284; x_wconf 90' lang='lat' dir='ltr'><strong>Dio-</strong></span> 
     </span>
     <span class='ocr_line' id='line_1_65' title="bbox 2354 1295 3903 1388; baseline 0.007 -32"><span class='ocrx_word' id='word_1_445' title='bbox 2354 1295 2563 1375; x_wconf 91' lang='lat' dir='ltr'><strong>nysius</strong></span> <span class='ocrx_word' id='word_1_446' title='bbox 2587 1302 2819 1372; x_wconf 86' lang='lat' dir='ltr'><strong>noster,</strong></span> <span class='ocrx_word' id='word_1_447' title='bbox 2856 1297 3131 1360; x_wconf 83' lang='lat' dir='ltr'><strong>fortassis</strong></span> <span class='ocrx_word' id='word_1_448' title='bbox 3163 1315 3199 1360; x_wconf 88' lang='lat' dir='ltr'><strong>e</strong></span> <span class='ocrx_word' id='word_1_449' title='bbox 3232 1304 3416 1378; x_wconf 89' lang='lat' dir='ltr'><strong>gente</strong></span> <span class='ocrx_word' id='word_1_450' title='bbox 3438 1301 3741 1366; x_wconf 90' lang='lat' dir='ltr'><strong>oriundus</strong></span> <span class='ocrx_word' id='word_1_451' title='bbox 3761 1325 3903 1388; x_wconf 74' lang='lat' dir='ltr'><strong>quae</strong></span> 
     </span>
     <span class='ocr_line' id='line_1_66' title="bbox 2352 1383 3901 1472; baseline 0.008 -26"><span class='ocrx_word' id='word_1_452' title='bbox 2352 1401 2386 1446; x_wconf 89' lang='lat' dir='ltr'><strong>e</strong></span> <span class='ocrx_word' id='word_1_453' title='bbox 2435 1383 2621 1464; x_wconf 89' lang='lat' dir='ltr'><strong>Libya</strong></span> <span class='ocrx_word' id='word_1_454' title='bbox 2664 1383 2817 1448; x_wconf 89' lang='lat' dir='ltr'><strong>olim</strong></span> <span class='ocrx_word' id='word_1_455' title='bbox 2862 1403 3005 1448; x_wconf 89' lang='lat' dir='ltr'><strong>cum</strong></span> <span class='ocrx_word' id='word_1_456' title='bbox 3044 1386 3401 1450; x_wconf 85' lang='lat' dir='ltr'><strong>Hannibale·</strong></span> <span class='ocrx_word' id='word_1_457' title='bbox 3431 1387 3495 1450; x_wconf 89' lang='lat' dir='ltr'><strong>in</strong></span> <span class='ocrx_word' id='word_1_458' title='bbox 3550 1389 3901 1472; x_wconf 85' lang='lat' dir='ltr'><strong>Bithyniam</strong></span> 
     </span>
     <span class='ocr_line' id='line_1_67' title="bbox 2354 1471 3905 1563; baseline 0.008 -31"><span class='ocrx_word' id='word_1_459' title='bbox 2354 1471 2753 1552; x_wconf 81' lang='lat' dir='ltr'><strong>migraverat,</strong></span> <span class='ocrx_word' id='word_1_460' title='bbox 2788 1472 2853 1534; x_wconf 91' lang='lat' dir='ltr'><strong>in</strong></span> <span class='ocrx_word' id='word_1_461' title='bbox 2880 1471 3133 1554; x_wconf 82' lang='lat' dir='ltr'><strong>Libyssa</strong></span> <span class='ocrx_word' id='word_1_462' title='bbox 3161 1473 3297 1536; x_wconf 80' lang='lat' dir='ltr'><strong>vico</strong></span> <span class='ocrx_word' id='word_1_463' title='bbox 3330 1473 3594 1558; x_wconf 88' lang='lat' dir='ltr'><strong>Bithyno</strong></span> <span class='ocrx_word' id='word_1_464' title='bbox 3617 1498 3654 1541; x_wconf 91' lang='lat' dir='ltr'><strong>e</strong></span> <span class='ocrx_word' id='word_1_465' title='bbox 3678 1479 3905 1563; x_wconf 88' lang='lat' dir='ltr'><strong>Diony-</strong></span> 
     </span>
     <span class='ocr_line' id='line_1_68' title="bbox 2350 1557 3902 1638; baseline 0.009 -18"><span class='ocrx_word' id='word_1_466' title='bbox 2350 1557 2446 1621; x_wconf 89' lang='lat' dir='ltr'><strong>sio</strong></span> <span class='ocrx_word' id='word_1_467' title='bbox 2464 1559 2559 1620; x_wconf 89' lang='lat' dir='ltr'><strong>vel</strong></span> <span class='ocrx_word' id='word_1_468' title='bbox 2578 1559 2774 1624; x_wconf 86' lang='lat' dir='ltr'><strong>Dione</strong></span> <span class='ocrx_word' id='word_1_469' title='bbox 2793 1560 2919 1638; x_wconf 85' lang='lat' dir='ltr'><strong>vel,</strong></span> <span class='ocrx_word' id='word_1_470' title='bbox 2942 1560 2994 1624; x_wconf 90' lang='lat' dir='ltr'><strong>si</strong></span> <span class='ocrx_word' id='word_1_471' title='bbox 3014 1561 3265 1624; x_wconf 90' lang='lat' dir='ltr'><strong>Suidam</strong></span> <span class='ocrx_word' id='word_1_472' title='bbox 3286 1561 3595 1638; x_wconf 88' lang='lat' dir='ltr'><strong>audimus,</strong></span> <span class='ocrx_word' id='word_1_473' title='bbox 3614 1583 3651 1628; x_wconf 92' lang='lat' dir='ltr'><strong>e</strong></span> <span class='ocrx_word' id='word_1_474' title='bbox 3670 1567 3902 1634; x_wconf 91' lang='lat' dir='ltr'><strong>Glauco</strong></span> 
     </span>
     <span class='ocr_line' id='line_1_69' title="bbox 2352 1648 3898 1739; baseline 0.008 -30"><span class='ocrx_word' id='word_1_475' title='bbox 2352 1655 2527 1728; x_wconf 89' lang='lat' dir='ltr'><strong>patre</strong></span> <span class='ocrx_word' id='word_1_476' title='bbox 2566 1655 2747 1712; x_wconf 91' lang='lat' dir='ltr'><strong>natus</strong></span> <span class='ocrx_word' id='word_1_477' title='bbox 2790 1668 2925 1713; x_wconf 90' lang='lat' dir='ltr'><strong>esse</strong></span> <span class='ocrx_word' id='word_1_478' title='bbox 2956 1648 3201 1713; x_wconf 84' lang='lat' dir='ltr'><strong>videtur</strong></span> <span class='ocrx_word' id='word_1_479' title='bbox 3246 1653 3338 1728; x_wconf 87' lang='lat' dir='ltr'><strong>(c.</strong></span> <span class='ocrx_word' id='word_1_480' title='bbox 3378 1669 3478 1714; x_wconf 89' lang='lat' dir='ltr'><strong>an.</strong></span> <span class='ocrx_word' id='word_1_481' title='bbox 3528 1656 3693 1736; x_wconf 84' lang='lat' dir='ltr'><strong>20p.</strong></span> <span class='ocrx_word' id='word_1_482' title='bbox 3734 1657 3898 1739; x_wconf 63' lang='grc' dir='ltr'><strong>(Π).</strong></span> 
     </span>
     <span class='ocr_line' id='line_1_70' title="bbox 2350 1736 3905 1820; baseline 0.009 -24"><span class='ocrx_word' id='word_1_483' title='bbox 2350 1736 2745 1802; x_wconf 63' lang='lat' dir='ltr'><strong>Alexandriae</strong></span> <span class='ocrx_word' id='word_1_484' title='bbox 2794 1745 3178 1820; x_wconf 76' lang='lat' dir='ltr'><strong>proeceptore</strong></span> <span class='ocrx_word' id='word_1_485' title='bbox 3212 1737 3376 1802; x_wconf 90' lang='lat' dir='ltr'><strong>inter</strong></span> <span class='ocrx_word' id='word_1_486' title='bbox 3412 1739 3573 1805; x_wconf 84' lang='lat' dir='ltr'><strong>alios</strong></span> <span class='ocrx_word' id='word_1_487' title='bbox 3617 1761 3769 1807; x_wconf 90' lang='lat' dir='ltr'><strong>usus</strong></span> <span class='ocrx_word' id='word_1_488' title='bbox 3808 1754 3905 1811; x_wconf 88' lang='lat' dir='ltr'><strong>est</strong></span> 
     </span>
     <span class='ocr_line' id='line_1_71' title="bbox 2350 1825 3904 1916; baseline 0.007 -30"><span class='ocrx_word' id='word_1_489' title='bbox 2350 1825 2787 1903; x_wconf 83' lang='lat' dir='ltr'><strong>Chaeremone,</strong></span> <span class='ocrx_word' id='word_1_490' title='bbox 2830 1827 2931 1890; x_wconf 90' lang='lat' dir='ltr'><strong>cui</strong></span> <span class='ocrx_word' id='word_1_491' title='bbox 2963 1825 3025 1890; x_wconf 91' lang='lat' dir='ltr'><strong>in</strong></span> <span class='ocrx_word' id='word_1_492' title='bbox 3058 1827 3269 1890; x_wconf 90' lang='lat' dir='ltr'><strong>schola</strong></span> <span class='ocrx_word' id='word_1_493' title='bbox 3296 1829 3597 1892; x_wconf 87' lang='lat' dir='ltr'><strong>successit</strong></span> <span class='ocrx_word' id='word_1_494' title='bbox 3622 1849 3730 1907; x_wconf 90' lang='lat' dir='ltr'><strong>eo,</strong></span> <span class='ocrx_word' id='word_1_495' title='bbox 3766 1833 3904 1916; x_wconf 90' lang='lat' dir='ltr'><strong>opi-</strong></span> 
     </span>
     <span class='ocr_line' id='line_1_72' title="bbox 2350 1916 3901 2000; baseline 0.007 -26"><span class='ocrx_word' id='word_1_496' title='bbox 2350 1931 2487 1990; x_wconf 85' lang='lat' dir='ltr'><strong>nor,</strong></span> <span class='ocrx_word' id='word_1_497' title='bbox 2530 1921 2813 1996; x_wconf 89' lang='lat' dir='ltr'><strong>tempore</strong></span> <span class='ocrx_word' id='word_1_498' title='bbox 2845 1933 2969 1998; x_wconf 93' lang='lat' dir='ltr'><strong>quo</strong></span> <span class='ocrx_word' id='word_1_499' title='bbox 3002 1916 3401 1992; x_wconf 76' lang='lat' dir='ltr'><strong>Choeremon‚</strong></span> <span class='ocrx_word' id='word_1_500' title='bbox 3443 1917 3552 2000; x_wconf 90' lang='lat' dir='ltr'><strong>qui</strong></span> <span class='ocrx_word' id='word_1_501' title='bbox 3594 1937 3721 1982; x_wconf 89' lang='lat' dir='ltr'><strong>una</strong></span> <span class='ocrx_word' id='word_1_502' title='bbox 3756 1940 3901 1984; x_wconf 89' lang='lat' dir='ltr'><strong>cum</strong></span> 
     </span>
     <span class='ocr_line' id='line_1_73' title="bbox 2350 1995 3897 2084; baseline 0.007 -24"><span class='ocrx_word' id='word_1_503' title='bbox 2350 1999 2704 2064; x_wconf 85' lang='lat' dir='ltr'><strong>Alexandro</strong></span> <span class='ocrx_word' id='word_1_504' title='bbox 2754 2003 2965 2082; x_wconf 78' lang='lat' dir='ltr'><strong>AEgaeo</strong></span> <span class='ocrx_word' id='word_1_505' title='bbox 3026 2000 3401 2084; x_wconf 90' lang='lat' dir='ltr'><strong>philosopho</strong></span> <span class='ocrx_word' id='word_1_506' title='bbox 3441 1995 3701 2080; x_wconf 81' lang='lat' dir='ltr'><strong>(Suidas</strong></span> <span class='ocrx_word' id='word_1_507' title='bbox 3740 2027 3790 2070; x_wconf 91' lang='lat' dir='ltr'><strong>s.</strong></span> <span class='ocrx_word' id='word_1_508' title='bbox 3838 2028 3897 2071; x_wconf 90' lang='grc' dir='ltr'><strong>ν.</strong></span> 
     </span>
     <span class='ocr_line' id='line_1_74' title="bbox 2352 2087 3902 2176; baseline 0.007 -28"><span class='ocrx_word' id='word_1_509' title='bbox 2352 2087 2515 2158; x_wconf 79' lang='grc' dir='ltr'><strong>ἎλιΕ.</strong></span> <span class='ocrx_word' id='word_1_510' title='bbox 2565 2088 2734 2169; x_wconf 61' lang='lat' dir='ltr'><strong>Abs.)</strong></span> <span class='ocrx_word' id='word_1_511' title='bbox 2784 2089 3077 2170; x_wconf 76' lang='lat' dir='ltr'><strong>magister</strong></span> <span class='ocrx_word' id='word_1_512' title='bbox 3132 2089 3395 2152; x_wconf 89' lang='lat' dir='ltr'><strong>Neronis</strong></span> <span class='ocrx_word' id='word_1_513' title='bbox 3459 2092 3647 2157; x_wconf 82' lang='lat' dir='ltr'><strong>ruisse</strong></span> <span class='ocrx_word' id='word_1_514' title='bbox 3698 2096 3902 2176; x_wconf 85' lang='lat' dir='ltr'><strong>perhi-</strong></span> 
     </span>
     <span class='ocr_line' id='line_1_75' title="bbox 2350 2176 3903 2260; baseline 0.006 -22"><span class='ocrx_word' id='word_1_515' title='bbox 2350 2176 2551 2254; x_wconf 88' lang='lat' dir='ltr'><strong>betur,</strong></span> <span class='ocrx_word' id='word_1_516' title='bbox 2596 2179 2857 2240; x_wconf 89' lang='lat' dir='ltr'><strong>Romam</strong></span> <span class='ocrx_word' id='word_1_517' title='bbox 2902 2195 2969 2240; x_wconf 89' lang='lat' dir='ltr'><strong>se</strong></span> <span class='ocrx_word' id='word_1_518' title='bbox 3023 2177 3285 2242; x_wconf 90' lang='lat' dir='ltr'><strong>contulit</strong></span> <span class='ocrx_word' id='word_1_519' title='bbox 3313 2180 3402 2258; x_wconf 91' lang='lat' dir='ltr'><strong>(c.</strong></span> <span class='ocrx_word' id='word_1_520' title='bbox 3438 2199 3537 2243; x_wconf 90' lang='lat' dir='ltr'><strong>an.</strong></span> <span class='ocrx_word' id='word_1_521' title='bbox 3570 2183 3752 2260; x_wconf 71' lang='lat'><strong>50⁶2).</strong></span> <span class='ocrx_word' id='word_1_522' title='bbox 3784 2187 3903 2248; x_wconf 88' lang='lat' dir='ltr'><strong>Eo·</strong></span> 
     </span>
     <span class='ocr_line' id='line_1_76' title="bbox 2352 2264 3897 2352; baseline 0.006 -25"><span class='ocrx_word' id='word_1_523' title='bbox 2352 2264 2497 2328; x_wconf 89' lang='lat' dir='ltr'><strong>dem</strong></span> <span class='ocrx_word' id='word_1_524' title='bbox 2540 2271 2751 2348; x_wconf 89' lang='lat' dir='ltr'><strong>postea</strong></span> <span class='ocrx_word' id='word_1_525' title='bbox 2797 2265 2928 2348; x_wconf 90' lang='lat' dir='ltr'><strong>ipse</strong></span> <span class='ocrx_word' id='word_1_526' title='bbox 2968 2266 3155 2329; x_wconf 89' lang='lat' dir='ltr'><strong>etiam</strong></span> <span class='ocrx_word' id='word_1_527' title='bbox 3196 2265 3523 2348; x_wconf 84' lang='lat' dir='ltr'><strong>Dionysius</strong></span> <span class='ocrx_word' id='word_1_528' title='bbox 3559 2272 3897 2352; x_wconf 83' lang='lat' dir='ltr'><strong>profectus,</strong></span> 
     </span>
     <span class='ocr_line' id='line_1_77' title="bbox 2353 2351 3901 2435; baseline 0.007 -22"><span class='ocrx_word' id='word_1_529' title='bbox 2353 2352 2563 2434; x_wconf 90' lang='lat' dir='ltr'><strong>ibique</strong></span> <span class='ocrx_word' id='word_1_530' title='bbox 2585 2372 2697 2435; x_wconf 89' lang='lat' dir='ltr'><strong>per</strong></span> <span class='ocrx_word' id='word_1_531' title='bbox 2716 2351 2927 2433; x_wconf 88' lang='lat' dir='ltr'><strong>viginti</strong></span> <span class='ocrx_word' id='word_1_532' title='bbox 2946 2371 3141 2417; x_wconf 89' lang='lat' dir='ltr'><strong>annos</strong></span> <span class='ocrx_word' id='word_1_533' title='bbox 3165 2353 3621 2420; x_wconf 87' lang='lat' dir='ltr'><strong>bibliothecarii</strong></span> <span class='ocrx_word' id='word_1_534' title='bbox 3642 2377 3901 2424; x_wconf 83' lang='lat' dir='ltr'><strong>munere</strong></span> 
     </span>
     <span class='ocr_line' id='line_1_78' title="bbox 2352 2441 3900 2530; baseline 0.008 -30"><span class='ocrx_word' id='word_1_535' title='bbox 2352 2441 2601 2504; x_wconf 82' lang='lat' dir='ltr'><strong>functus</strong></span> <span class='ocrx_word' id='word_1_536' title='bbox 2642 2448 2739 2504; x_wconf 92' lang='lat' dir='ltr'><strong>est</strong></span> <span class='ocrx_word' id='word_1_537' title='bbox 2779 2445 2871 2520; x_wconf 92' lang='lat' dir='ltr'><strong>(c.</strong></span> <span class='ocrx_word' id='word_1_538' title='bbox 2920 2459 3019 2504; x_wconf 89' lang='lat' dir='ltr'><strong>an.</strong></span> <span class='ocrx_word' id='word_1_539' title='bbox 3052 2441 3325 2522; x_wconf 66' lang='lat' dir='ltr'><strong>‘zo—902).</strong></span> <span class='ocrx_word' id='word_1_540' title='bbox 3366 2442 3722 2524; x_wconf 82' lang='lat' dir='ltr'><strong>Periegesin</strong></span> <span class='ocrx_word' id='word_1_541' title='bbox 3762 2456 3900 2530; x_wconf 90' lang='lat' dir='ltr'><strong>post</strong></span> 
     </span>
     <span class='ocr_line' id='line_1_79' title="bbox 2353 2529 3901 2612; baseline 0.006 -24"><span class='ocrx_word' id='word_1_542' title='bbox 2353 2546 2586 2590; x_wconf 90' lang='lat' dir='ltr'><strong>annum</strong></span> <span class='ocrx_word' id='word_1_543' title='bbox 2620 2533 2698 2593; x_wconf 87' lang='grc'><strong>86</strong></span> <span class='ocrx_word' id='word_1_544' title='bbox 2726 2547 2913 2592; x_wconf 83' lang='lat' dir='ltr'><strong>senex</strong></span> <span class='ocrx_word' id='word_1_545' title='bbox 2956 2529 3325 2612; x_wconf 88' lang='lat' dir='ltr'><strong>composuit.</strong></span> <span class='ocrx_word' id='word_1_546' title='bbox 3368 2529 3755 2612; x_wconf 88' lang='lat' dir='ltr'><strong>Discipulum</strong></span> <span class='ocrx_word' id='word_1_547' title='bbox 3792 2535 3901 2598; x_wconf 87' lang='lat' dir='ltr'><strong>ha-</strong></span> 
     </span>
     <span class='ocr_line' id='line_1_80' title="bbox 2353 2613 3900 2700; baseline 0.005 -23"><span class='ocrx_word' id='word_1_548' title='bbox 2353 2613 2489 2677; x_wconf 90' lang='lat' dir='ltr'><strong>buit</strong></span> <span class='ocrx_word' id='word_1_549' title='bbox 2512 2616 2910 2678; x_wconf 85' lang='lat' dir='ltr'><strong>Parthenium</strong></span> <span class='ocrx_word' id='word_1_550' title='bbox 2928 2617 3427 2696; x_wconf 86' lang='lat' dir='ltr'><strong>grammaticum,</strong></span> <span class='ocrx_word' id='word_1_551' title='bbox 3448 2619 3551 2700; x_wconf 91' lang='lat' dir='ltr'><strong>qui</strong></span> <span class='ocrx_word' id='word_1_552' title='bbox 3575 2619 3744 2683; x_wconf 91' lang='lat' dir='ltr'><strong>idem</strong></span> <span class='ocrx_word' id='word_1_553' title='bbox 3764 2641 3900 2686; x_wconf 90' lang='lat' dir='ltr'><strong>esse</strong></span> 
     </span>
     <span class='ocr_line' id='line_1_81' title="bbox 2352 2701 3899 2783; baseline 0.008 -20"><span class='ocrx_word' id='word_1_554' title='bbox 2352 2701 2597 2767; x_wconf 86' lang='lat' dir='ltr'><strong>videtur</strong></span> <span class='ocrx_word' id='word_1_555' title='bbox 2614 2722 2758 2766; x_wconf 91' lang='lat' dir='ltr'><strong>cum</strong></span> <span class='ocrx_word' id='word_1_556' title='bbox 2774 2703 3094 2767; x_wconf 85' lang='lat' dir='ltr'><strong>Parthenio</strong></span> <span class='ocrx_word' id='word_1_557' title='bbox 3114 2708 3187 2783; x_wconf 79' lang='grc' dir='ltr'><strong>τῷ</strong></span> <span class='ocrx_word' id='word_1_558' title='bbox 3213 2709 3305 2764; x_wconf 78' lang='grc' dir='ltr'><strong>τοῦ</strong></span> <span class='ocrx_word' id='word_1_559' title='bbox 3326 2705 3593 2767; x_wconf 83' lang='grc' dir='ltr'><strong>Διονυσίου</strong></span> <span class='ocrx_word' id='word_1_560' title='bbox 3606 2755 3625 2782; x_wconf 91' lang='grc'><strong>,</strong></span> <span class='ocrx_word' id='word_1_561' title='bbox 3648 2718 3899 2775; x_wconf 89' lang='lat' dir='ltr'><strong>auctore</strong></span> 
     </span>
     <span class='ocr_line' id='line_1_82' title="bbox 2354 2789 3901 2872; baseline 0.003 -18"><span class='ocrx_word' id='word_1_562' title='bbox 2354 2789 2563 2872; x_wconf 78' lang='lat' dir='ltr'><strong>operis</strong></span> <span class='ocrx_word' id='word_1_563' title='bbox 2594 2791 2715 2870; x_wconf 71' lang='grc' dir='ltr'><strong>περὶ</strong></span> <span class='ocrx_word' id='word_1_564' title='bbox 2748 2795 2851 2851; x_wconf 82' lang='grc' dir='ltr'><strong>τῶν</strong></span> <span class='ocrx_word' id='word_1_565' title='bbox 2878 2790 3023 2872; x_wconf 74' lang='grc' dir='ltr'><strong>παρὰ</strong></span> <span class='ocrx_word' id='word_1_566' title='bbox 3050 2796 3155 2858; x_wconf 84' lang='grc' dir='ltr'>τοῖς</span> <span class='ocrx_word' id='word_1_567' title='bbox 3192 2795 3469 2872; x_wconf 78' lang='grc' dir='ltr'>ἱστορικοῖς</span> <span class='ocrx_word' id='word_1_568' title='bbox 3494 2794 3681 2863; x_wconf 68' lang='grc' dir='ltr'><strong>λέξεων</strong></span> <span class='ocrx_word' id='word_1_569' title='bbox 3708 2801 3901 2870; x_wconf 80' lang='grc' dir='ltr'>ζητου-</span> 
     </span>
     <span class='ocr_line' id='line_1_83' title="bbox 2354 2875 3896 2962; baseline 0.008 -26"><span class='ocrx_word' id='word_1_570' title='bbox 2354 2875 2559 2955; x_wconf 62' lang='grc' dir='ltr'><strong>μένων,</strong></span> <span class='ocrx_word' id='word_1_571' title='bbox 2592 2877 2669 2940; x_wconf 92' lang='lat' dir='ltr'><strong>de</strong></span> <span class='ocrx_word' id='word_1_572' title='bbox 2702 2897 2825 2960; x_wconf 92' lang='lat' dir='ltr'><strong>quo</strong></span> <span class='ocrx_word' id='word_1_573' title='bbox 2841 2898 2897 2940; x_wconf 92' lang='grc' dir='ltr'><strong>ν.</strong></span> <span class='ocrx_word' id='word_1_574' title='bbox 2932 2879 3263 2941; x_wconf 72' lang='lat' dir='ltr'><strong>Athenaeus</strong></span> <span class='ocrx_word' id='word_1_575' title='bbox 3282 2883 3351 2942; x_wconf 88' lang='grc'><strong>11</strong></span> <span class='ocrx_word' id='word_1_576' title='bbox 3375 2925 3393 2958; x_wconf 90' lang='grc'><strong>,</strong></span> <span class='ocrx_word' id='word_1_577' title='bbox 3416 2901 3477 2962; x_wconf 91' lang='lat' dir='ltr'><strong>p.</strong></span> <span class='ocrx_word' id='word_1_578' title='bbox 3506 2885 3647 2959; x_wconf 76' lang='grc'><strong>467,</strong></span> <span class='ocrx_word' id='word_1_579' title='bbox 3668 2885 3733 2946; x_wconf 90' lang='lat' dir='ltr'><strong>C.</strong></span> <span class='ocrx_word' id='word_1_580' title='bbox 3757 2890 3896 2958; x_wconf 80' lang='lat'><strong>501,</strong></span> 
     </span>
     <span class='ocr_line' id='line_1_84' title="bbox 2356 2967 3897 3047; baseline 0.005 -20"><span class='ocrx_word' id='word_1_581' title='bbox 2356 2969 2425 3027; x_wconf 83' lang='lat' dir='ltr'><strong>A.</strong></span> <span class='ocrx_word' id='word_1_582' title='bbox 2459 2969 2598 3042; x_wconf 89' lang='grc'><strong>783,</strong></span> <span class='ocrx_word' id='word_1_583' title='bbox 2628 2967 2705 3040; x_wconf 90' lang='grc' dir='ltr'><strong>Β;</strong></span> <span class='ocrx_word' id='word_1_584' title='bbox 2740 2969 2813 3029; x_wconf 81' lang='lat'><strong>15</strong></span> <span class='ocrx_word' id='word_1_585' title='bbox 2844 2984 2905 3047; x_wconf 91' lang='lat' dir='ltr'><strong>p.</strong></span> <span class='ocrx_word' id='word_1_586' title='bbox 2934 2969 3072 3041; x_wconf 88' lang='grc'><strong>680,</strong></span> <span class='ocrx_word' id='word_1_587' title='bbox 3103 2967 3175 3028; x_wconf 90' lang='lat' dir='ltr'><strong>D.</strong></span> <span class='ocrx_word' id='word_1_588' title='bbox 3206 2967 3295 3028; x_wconf 79' lang='lat' dir='ltr'><strong>cf.</strong></span> <span class='ocrx_word' id='word_1_589' title='bbox 3338 2969 3693 3033; x_wconf 89' lang='lat' dir='ltr'><strong>Eustathius</strong></span> <span class='ocrx_word' id='word_1_590' title='bbox 3718 2972 3797 3034; x_wconf 88' lang='lat' dir='ltr'><strong>ad</strong></span> <span class='ocrx_word' id='word_1_591' title='bbox 3826 2975 3897 3036; x_wconf 92' lang='lat' dir='ltr'><strong>Il.</strong></span> 
     </span>
     <span class='ocr_line' id='line_1_85' title="bbox 2353 3053 3901 3137; baseline 0.007 -23"><span class='ocrx_word' id='word_1_592' title='bbox 2353 3057 2454 3131; x_wconf 81' lang='lat'><strong>23,</strong></span> <span class='ocrx_word' id='word_1_593' title='bbox 2491 3071 2553 3134; x_wconf 95' lang='lat' dir='ltr'><strong>p.</strong></span> <span class='ocrx_word' id='word_1_594' title='bbox 2600 3056 2755 3116; x_wconf 67' lang='lat'><strong>1412</strong></span> <span class='ocrx_word' id='word_1_595' title='bbox 2778 3060 2842 3116; x_wconf 91' lang='lat' dir='ltr'><strong>et</strong></span> <span class='ocrx_word' id='word_1_596' title='bbox 2866 3054 2946 3115; x_wconf 89' lang='lat' dir='ltr'><strong>ad</strong></span> <span class='ocrx_word' id='word_1_597' title='bbox 2974 3053 3189 3134; x_wconf 88' lang='lat' dir='ltr'><strong>Odyss.</strong></span> <span class='ocrx_word' id='word_1_598' title='bbox 3225 3057 3321 3128; x_wconf 74' lang='lat'><strong>15,</strong></span> <span class='ocrx_word' id='word_1_599' title='bbox 3346 3074 3409 3137; x_wconf 92' lang='lat' dir='ltr'><strong>p.</strong></span> <span class='ocrx_word' id='word_1_600' title='bbox 3451 3060 3625 3125; x_wconf 85' lang='grc'><strong>1567.</strong></span> <span class='ocrx_word' id='word_1_601' title='bbox 3662 3059 3901 3124; x_wconf 86' lang='lat' dir='ltr'><strong>Eodem</strong></span> 
     </span>
     <span class='ocr_line' id='line_1_86' title="bbox 2353 3139 3902 3228; baseline 0.005 -26"><span class='ocrx_word' id='word_1_602' title='bbox 2353 3159 2477 3220; x_wconf 91' lang='lat' dir='ltr'><strong>quo</strong></span> <span class='ocrx_word' id='word_1_603' title='bbox 2507 3139 2836 3220; x_wconf 90' lang='lat' dir='ltr'><strong>Dionysius</strong></span> <span class='ocrx_word' id='word_1_604' title='bbox 2856 3144 3139 3221; x_wconf 90' lang='lat' dir='ltr'><strong>tempore</strong></span> <span class='ocrx_word' id='word_1_605' title='bbox 3178 3141 3391 3203; x_wconf 77' lang='lat' dir='ltr'><strong>Romae</strong></span> <span class='ocrx_word' id='word_1_606' title='bbox 3414 3143 3559 3206; x_wconf 82' lang='lat' dir='ltr'><strong>vixit</strong></span> <span class='ocrx_word' id='word_1_607' title='bbox 3583 3145 3763 3209; x_wconf 91' lang='lat' dir='ltr'><strong>Philo</strong></span> <span class='ocrx_word' id='word_1_608' title='bbox 3791 3149 3902 3228; x_wconf 82' lang='lat' dir='ltr'><strong>By-</strong></span> 
     </span>
     <span class='ocr_line' id='line_1_87' title="bbox 2352 3225 3902 3310; baseline 0.002 -21"><span class='ocrx_word' id='word_1_609' title='bbox 2352 3227 2516 3290; x_wconf 79' lang='lat' dir='ltr'><strong>blius</strong></span> <span class='ocrx_word' id='word_1_610' title='bbox 2540 3273 2557 3302; x_wconf 92' lang='lat'><strong>‚</strong></span> <span class='ocrx_word' id='word_1_611' title='bbox 2580 3225 2690 3309; x_wconf 84' lang='lat' dir='ltr'><strong>qui</strong></span> <span class='ocrx_word' id='word_1_612' title='bbox 2716 3225 2837 3304; x_wconf 76' lang='grc' dir='ltr'><strong>περὶ</strong></span> <span class='ocrx_word' id='word_1_613' title='bbox 2865 3225 3065 3287; x_wconf 73' lang='grc' dir='ltr'><strong>πόλεων</strong></span> <span class='ocrx_word' id='word_1_614' title='bbox 3086 3233 3150 3288; x_wconf 82' lang='lat' dir='ltr'><strong>et</strong></span> <span class='ocrx_word' id='word_1_615' title='bbox 3184 3225 3305 3306; x_wconf 75' lang='grc' dir='ltr'><strong>περὶ</strong></span> <span class='ocrx_word' id='word_1_616' title='bbox 3323 3227 3556 3296; x_wconf 71' lang='grc' dir='ltr'><strong>κτήσεως</strong></span> <span class='ocrx_word' id='word_1_617' title='bbox 3579 3230 3668 3288; x_wconf 78' lang='grc' dir='ltr'><strong>καὶ</strong></span> <span class='ocrx_word' id='word_1_618' title='bbox 3687 3233 3902 3310; x_wconf 74' lang='grc' dir='ltr'>ὺιλογῆς</span> 
     </span>
     <span class='ocr_line' id='line_1_88' title="bbox 2354 3311 3901 3394; baseline 0.008 -22"><span class='ocrx_word' id='word_1_619' title='bbox 2354 3312 2570 3393; x_wconf 75' lang='grc' dir='ltr'><strong>βιὸλίων</strong></span> <span class='ocrx_word' id='word_1_620' title='bbox 2596 3313 2849 3394; x_wconf 89' lang='lat' dir='ltr'><strong>scripsit</strong></span> <span class='ocrx_word' id='word_1_621' title='bbox 2874 3331 2989 3376; x_wconf 91' lang='lat' dir='ltr'><strong>nec</strong></span> <span class='ocrx_word' id='word_1_622' title='bbox 3020 3311 3269 3392; x_wconf 87' lang='lat' dir='ltr'><strong>ignotus</strong></span> <span class='ocrx_word' id='word_1_623' title='bbox 3288 3313 3765 3381; x_wconf 87' lang='lat' dir='ltr'><strong>bibliothecario</strong></span> <span class='ocrx_word' id='word_1_624' title='bbox 3796 3340 3901 3385; x_wconf 86' lang='lat' dir='ltr'><strong>no·</strong></span> 
     </span>
     <span class='ocr_line' id='line_1_89' title="bbox 2351 3401 3899 3482; baseline 0.003 -16"><span class='ocrx_word' id='word_1_625' title='bbox 2351 3410 2479 3467; x_wconf 89' lang='lat' dir='ltr'><strong>stro</strong></span> <span class='ocrx_word' id='word_1_626' title='bbox 2520 3403 2709 3466; x_wconf 81' lang='lat' dir='ltr'><strong>fuisse</strong></span> <span class='ocrx_word' id='word_1_627' title='bbox 2748 3401 3009 3465; x_wconf 82' lang='lat' dir='ltr'><strong>videtur.</strong></span> <span class='ocrx_word' id='word_1_628' title='bbox 3056 3404 3147 3464; x_wconf 88' lang='lat' dir='ltr'><strong>Ex</strong></span> <span class='ocrx_word' id='word_1_629' title='bbox 3193 3402 3328 3482; x_wconf 90' lang='lat' dir='ltr'><strong>ejus</strong></span> <span class='ocrx_word' id='word_1_630' title='bbox 3388 3402 3564 3466; x_wconf 91' lang='lat' dir='ltr'><strong>libris</strong></span> <span class='ocrx_word' id='word_1_631' title='bbox 3622 3404 3899 3471; x_wconf 81' lang='lat' dir='ltr'><strong>fortassis</strong></span> 
     </span>
     <span class='ocr_line' id='line_1_90' title="bbox 2351 3489 3897 3577; baseline 0.005 -23"><span class='ocrx_word' id='word_1_632' title='bbox 2351 3491 2529 3556; x_wconf 83' lang='lat' dir='ltr'><strong>fluxit</strong></span> <span class='ocrx_word' id='word_1_633' title='bbox 2546 3491 2733 3556; x_wconf 79' lang='lat' dir='ltr'><strong>Elaeae</strong></span> <span class='ocrx_word' id='word_1_634' title='bbox 2768 3489 2941 3554; x_wconf 90' lang='lat' dir='ltr'><strong>urbis</strong></span> <span class='ocrx_word' id='word_1_635' title='bbox 2966 3489 3303 3554; x_wconf 80' lang='lat' dir='ltr'><strong>Phoeniciae</strong></span> <span class='ocrx_word' id='word_1_636' title='bbox 3331 3491 3565 3556; x_wconf 87' lang='lat' dir='ltr'><strong>mentio</strong></span> <span class='ocrx_word' id='word_1_637' title='bbox 3584 3495 3699 3572; x_wconf 91' lang='grc' dir='ltr'><strong>(νε.</strong></span> <span class='ocrx_word' id='word_1_638' title='bbox 3726 3499 3897 3577; x_wconf 86' lang='grc'><strong>910),</strong></span> 
     </span>
     <span class='ocr_line' id='line_1_91' title="bbox 2352 3576 3896 3666; baseline 0.003 -23"><span class='ocrx_word' id='word_1_639' title='bbox 2352 3598 2539 3662; x_wconf 90' lang='lat' dir='ltr'><strong>quam</strong></span> <span class='ocrx_word' id='word_1_640' title='bbox 2566 3597 2681 3643; x_wconf 89' lang='lat' dir='ltr'><strong>nos</strong></span> <span class='ocrx_word' id='word_1_641' title='bbox 2709 3597 2831 3642; x_wconf 91' lang='lat' dir='ltr'><strong>non</strong></span> <span class='ocrx_word' id='word_1_642' title='bbox 2878 3576 3161 3642; x_wconf 87' lang='lat' dir='ltr'><strong>novimus</strong></span> <span class='ocrx_word' id='word_1_643' title='bbox 3206 3577 3326 3641; x_wconf 91' lang='lat' dir='ltr'><strong>nisi</strong></span> <span class='ocrx_word' id='word_1_644' title='bbox 3358 3597 3433 3642; x_wconf 92' lang='lat' dir='ltr'><strong>ex</strong></span> <span class='ocrx_word' id='word_1_645' title='bbox 3464 3580 3725 3646; x_wconf 90' lang='lat' dir='ltr'><strong>Philone</strong></span> <span class='ocrx_word' id='word_1_646' title='bbox 3756 3585 3896 3666; x_wconf 83' lang='lat' dir='ltr'><strong>(ap.</strong></span> 
     </span>
    </p>
   </div>
   <div class='ocr_carea' id='block_1_7' title="bbox 2350 3673 3913 4197">
    <p class='ocr_par' dir='ltr' id='par_1_8' title="bbox 2350 3673 3913 4197">
     <span class='ocr_line' id='line_1_92' title="bbox 2350 3673 3913 3760; baseline 0.001 -19"><span class='ocrx_word' id='word_1_647' title='bbox 2350 3676 2563 3760; x_wconf 89' lang='lat' dir='ltr'><strong>Steph.</strong></span> <span class='ocrx_word' id='word_1_648' title='bbox 2592 3676 2757 3758; x_wconf 84' lang='lat' dir='ltr'><strong>Byz.)</strong></span> <span class='ocrx_word' id='word_1_649' title='bbox 2785 3682 2848 3738; x_wconf 91' lang='lat' dir='ltr'><strong>et</strong></span> <span class='ocrx_word' id='word_1_650' title='bbox 2872 3674 3182 3756; x_wconf 90' lang='lat' dir='ltr'><strong>Dionysio.</strong></span> <span class='ocrx_word' id='word_1_651' title='bbox 3208 3675 3429 3738; x_wconf 79' lang='lat' dir='ltr'><strong>Romae</strong></span> <span class='ocrx_word' id='word_1_652' title='bbox 3464 3673 3624 3738; x_wconf 85' lang='lat' dir='ltr'><strong>inter</strong></span> <span class='ocrx_word' id='word_1_653' title='bbox 3652 3694 3913 3742; x_wconf 63' lang='lat' dir='ltr'><strong>succes«</strong></span> 
     </span>
     <span class='ocr_line' id='line_1_93' title="bbox 2352 3761 3899 3845; baseline 0.001 -18"><span class='ocrx_word' id='word_1_654' title='bbox 2352 3783 2524 3829; x_wconf 89' lang='lat' dir='ltr'><strong>sores</strong></span> <span class='ocrx_word' id='word_1_655' title='bbox 2570 3762 2849 3845; x_wconf 80' lang='lat' dir='ltr'><strong>Dionysii</strong></span> <span class='ocrx_word' id='word_1_656' title='bbox 2895 3763 3011 3826; x_wconf 83' lang='lat' dir='ltr'><strong>fuit</strong></span> <span class='ocrx_word' id='word_1_657' title='bbox 3056 3761 3283 3825; x_wconf 90' lang='lat' dir='ltr'><strong>Lucius</strong></span> <span class='ocrx_word' id='word_1_658' title='bbox 3327 3761 3527 3824; x_wconf 81' lang='lat' dir='ltr'><strong>Julius</strong></span> <span class='ocrx_word' id='word_1_659' title='bbox 3576 3764 3899 3845; x_wconf 87' lang='lat' dir='ltr'><strong>Vestinus,</strong></span> 
     </span>
     <span class='ocr_line' id='line_1_94' title="bbox 2351 3849 3901 3933; baseline 0.002 -18"><span class='ocrx_word' id='word_1_660' title='bbox 2351 3854 2530 3933; x_wconf 75' lang='lat' dir='ltr'><strong>quus</strong></span> <span class='ocrx_word' id='word_1_661' title='bbox 2561 3851 2930 3914; x_wconf 90' lang='lat' dir='ltr'><strong>memoriam</strong></span> <span class='ocrx_word' id='word_1_662' title='bbox 2967 3850 3244 3914; x_wconf 89' lang='lat' dir='ltr'><strong>celebrat</strong></span> <span class='ocrx_word' id='word_1_663' title='bbox 3272 3849 3595 3932; x_wconf 89' lang='lat' dir='ltr'><strong>inscriptio</strong></span> <span class='ocrx_word' id='word_1_664' title='bbox 3616 3851 3699 3914; x_wconf 86' lang='lat' dir='ltr'><strong>ad</strong></span> <span class='ocrx_word' id='word_1_665' title='bbox 3737 3853 3901 3918; x_wconf 83' lang='lat' dir='ltr'><strong>viam</strong></span> 
     </span>
     <span class='ocr_line' id='line_1_95' title="bbox 2351 3939 3904 4023; baseline -0.002 -18"><span class='ocrx_word' id='word_1_666' title='bbox 2351 3941 2698 4005; x_wconf 85' lang='lat' dir='ltr'><strong>Ostiensem</strong></span> <span class='ocrx_word' id='word_1_667' title='bbox 2741 3947 2987 4021; x_wconf 87' lang='lat' dir='ltr'><strong>reperta</strong></span> <span class='ocrx_word' id='word_1_668' title='bbox 3026 3940 3125 4017; x_wconf 90' lang='lat' dir='ltr'><strong>(C.</strong></span> <span class='ocrx_word' id='word_1_669' title='bbox 3169 3941 3225 4002; x_wconf 81' lang='lat' dir='ltr'><strong>J.</strong></span> <span class='ocrx_word' id='word_1_670' title='bbox 3274 3957 3337 4000; x_wconf 90' lang='lat' dir='ltr'><strong>n.</strong></span> <span class='ocrx_word' id='word_1_671' title='bbox 3372 3941 3560 4019; x_wconf 83' lang='grc'><strong>5900)</strong></span> <span class='ocrx_word' id='word_1_672' title='bbox 3593 3959 3608 4001; x_wconf 90' lang='lat'><strong>:</strong></span> <span class='ocrx_word' id='word_1_673' title='bbox 3648 3939 3904 4023; x_wconf 76' lang='grc' dir='ltr'><strong>Ἀρχιιριῑ</strong></span> 
     </span>
     <span class='ocr_line' id='line_1_96' title="bbox 2350 4025 3903 4110; baseline -0.001 -20"><span class='ocrx_word' id='word_1_674' title='bbox 2350 4027 2734 4110; x_wconf 71' lang='grc' dir='ltr'><strong>Ἀλεξανδρείας</strong></span> <span class='ocrx_word' id='word_1_675' title='bbox 2768 4027 2860 4088; x_wconf 77' lang='grc' dir='ltr'><strong>καὶ</strong></span> <span class='ocrx_word' id='word_1_676' title='bbox 2910 4026 3175 4104; x_wconf 74' lang='grc' dir='ltr'>Αἰγύπτου</span> <span class='ocrx_word' id='word_1_677' title='bbox 3214 4025 3421 4102; x_wconf 77' lang='grc' dir='ltr'><strong>πάσης,</strong></span> <span class='ocrx_word' id='word_1_678' title='bbox 3446 4026 3656 4107; x_wconf 78' lang='grc' dir='ltr'><strong>Λευκίῳ</strong></span> <span class='ocrx_word' id='word_1_679' title='bbox 3700 4028 3903 4110; x_wconf 79' lang='grc' dir='ltr'>Ἰουλίῳ</span> 
     </span>
     <span class='ocr_line' id='line_1_97' title="bbox 2351 4113 3904 4197; baseline -0.001 -21"><span class='ocrx_word' id='word_1_680' title='bbox 2351 4115 2629 4197; x_wconf 79' lang='grc' dir='ltr'><strong>Οὐηστίνῳ</strong></span> <span class='ocrx_word' id='word_1_681' title='bbox 2665 4114 2755 4174; x_wconf 76' lang='grc' dir='ltr'><strong>καὶ</strong></span> <span class='ocrx_word' id='word_1_682' title='bbox 2785 4114 3041 4192; x_wconf 65' lang='grc' dir='ltr'>ἐπιστάτῃ</span> <span class='ocrx_word' id='word_1_683' title='bbox 3066 4119 3158 4174; x_wconf 72' lang='grc' dir='ltr'><strong>τοῦ</strong></span> <span class='ocrx_word' id='word_1_684' title='bbox 3186 4113 3429 4188; x_wconf 73' lang='grc' dir='ltr'>μουσείου</span> <span class='ocrx_word' id='word_1_685' title='bbox 3462 4113 3551 4173; x_wconf 75' lang='grc' dir='ltr'><strong>καὶ</strong></span> <span class='ocrx_word' id='word_1_686' title='bbox 3587 4114 3675 4173; x_wconf 73' lang='grc' dir='ltr'><strong>ἐπὶ</strong></span> <span class='ocrx_word' id='word_1_687' title='bbox 3715 4121 3821 4177; x_wconf 87' lang='grc' dir='ltr'><strong>τῶν</strong></span> <span class='ocrx_word' id='word_1_688' title='bbox 3849 4121 3904 4177; x_wconf 74' lang='grc' dir='ltr'><strong>ἕν</strong></span> 
     </span>
    </p>
   </div>
   <div class='ocr_carea' id='block_1_8' title="bbox 2350 4333 3915 5184">
    <p class='ocr_par' dir='ltr' id='par_1_9' title="bbox 2350 4333 3915 5184">
     <span class='ocr_line' id='line_1_98' title="bbox 2415 4333 3900 4402; baseline -0.002 -13"><span class='ocrx_word' id='word_1_689' title='bbox 2415 4339 2483 4402; x_wconf 84' lang='grc'><strong>(1)</strong></span> <span class='ocrx_word' id='word_1_690' title='bbox 2510 4339 2585 4388; x_wconf 83' lang='lat' dir='ltr'><strong>De</strong></span> <span class='ocrx_word' id='word_1_691' title='bbox 2618 4338 2839 4401; x_wconf 78' lang='lat' dir='ltr'><strong>Augusto</strong></span> <span class='ocrx_word' id='word_1_692' title='bbox 2872 4333 3132 4386; x_wconf 86' lang='lat' dir='ltr'><strong>Suetonius</strong></span> <span class='ocrx_word' id='word_1_693' title='bbox 3172 4337 3293 4399; x_wconf 77' lang='lat' dir='ltr'><strong>Aug.</strong></span> <span class='ocrx_word' id='word_1_694' title='bbox 3326 4347 3369 4385; x_wconf 92' lang='lat' dir='ltr'><strong>c.</strong></span> <span class='ocrx_word' id='word_1_695' title='bbox 3400 4339 3455 4385; x_wconf 84' lang='lat'><strong>21</strong></span> <span class='ocrx_word' id='word_1_696' title='bbox 3495 4354 3509 4385; x_wconf 87' lang='lat'>=</span> <span class='ocrx_word' id='word_1_697' title='bbox 3544 4333 3735 4386; x_wconf 68' lang='lat' dir='ltr'><strong>Parthi</strong></span> <span class='ocrx_word' id='word_1_698' title='bbox 3776 4348 3900 4400; x_wconf 73' lang='lat' dir='ltr'><strong>quo·</strong></span> 
     </span>
     <span class='ocr_line' id='line_1_99' title="bbox 2352 4402 3905 4476; baseline -0.001 -15"><span class='ocrx_word' id='word_1_699' title='bbox 2352 4423 2451 4476; x_wconf 80' lang='lat' dir='ltr'><strong>que</strong></span> <span class='ocrx_word' id='word_1_700' title='bbox 2472 4411 2521 4458; x_wconf 77' lang='lat' dir='ltr'><strong>ct</strong></span> <span class='ocrx_word' id='word_1_701' title='bbox 2548 4411 2853 4458; x_wconf 78' lang='lat' dir='ltr'><strong>Armenmm</strong></span> <span class='ocrx_word' id='word_1_702' title='bbox 2873 4403 3163 4456; x_wconf 62' lang='lat' dir='ltr'><strong>vindicarat</strong></span> <span class='ocrx_word' id='word_1_703' title='bbox 3188 4402 3351 4467; x_wconf 69' lang='lat' dir='ltr'><strong>facile</strong></span> <span class='ocrx_word' id='word_1_704' title='bbox 3372 4405 3653 4466; x_wconf 69' lang='lat' dir='ltr'><strong>cesserunt,</strong></span> <span class='ocrx_word' id='word_1_705' title='bbox 3684 4407 3734 4456; x_wconf 77' lang='lat' dir='ltr'><strong>et</strong></span> <span class='ocrx_word' id='word_1_706' title='bbox 3754 4419 3905 4471; x_wconf 66' lang='lat' dir='ltr'><strong>sayna</strong></span> 
     </span>
     <span class='ocr_line' id='line_1_100' title="bbox 2350 4473 3903 4542; baseline -0.004 -9"><span class='ocrx_word' id='word_1_707' title='bbox 2350 4481 2615 4533; x_wconf 72' lang='lat' dir='ltr'><strong>vntlltarta</strong></span> <span class='ocrx_word' id='word_1_708' title='bbox 2647 4489 2763 4542; x_wconf 63' lang='lat' dir='ltr'><strong>quar</strong></span> <span class='ocrx_word' id='word_1_709' title='bbox 2800 4477 2871 4526; x_wconf 75' lang='grc' dir='ltr'><strong>Π.</strong></span> <span class='ocrx_word' id='word_1_710' title='bbox 2904 4477 3089 4526; x_wconf 78' lang='lat' dir='ltr'><strong>Crasso</strong></span> <span class='ocrx_word' id='word_1_711' title='bbox 3119 4475 3169 4524; x_wconf 76' lang='lat' dir='ltr'><strong>et</strong></span> <span class='ocrx_word' id='word_1_712' title='bbox 3193 4473 3267 4524; x_wconf 72' lang='lat' dir='ltr'><strong>M.</strong></span> <span class='ocrx_word' id='word_1_713' title='bbox 3313 4477 3535 4524; x_wconf 62' lang='lat' dir='ltr'><strong>Antonio</strong></span> <span class='ocrx_word' id='word_1_714' title='bbox 3564 4473 3903 4538; x_wconf 68' lang='lat' dir='ltr'><strong>ademta-ant,</strong></span> 
     </span>
     <span class='ocr_line' id='line_1_101' title="bbox 2354 4542 3909 4684; baseline -0.012 -11"><span class='ocrx_word' id='word_1_715' title='bbox 2354 4542 3282 4684; x_wconf 53' lang='lat' dir='ltr'><strong>zvaffi03ffi35mm⁰⁶ffl3</strong></span> <span class='ocrx_word' id='word_1_716' title='bbox 3303 4545 3560 4676; x_wconf 58' lang='lat' dir='ltr'><strong>zm.</strong></span> <span class='ocrx_word' id='word_1_717' title='bbox 3576 4544 3909 4668; x_wconf 58' lang='lat' dir='ltr'><strong>⁰335..ae</strong></span> 
     </span>
     <span class='ocr_line' id='line_1_102' title="bbox 2357 4684 3906 4752; baseline -0.005 -9"><span class='ocrx_word' id='word_1_718' title='bbox 2357 4692 2525 4752; x_wconf 72' lang='lat' dir='ltr'><strong>tibus,</strong></span> <span class='ocrx_word' id='word_1_719' title='bbox 2563 4689 2771 4739; x_wconf 64' lang='lat' dir='ltr'><strong>nonnisi</strong></span> <span class='ocrx_word' id='word_1_720' title='bbox 2812 4685 2881 4737; x_wconf 80' lang='lat' dir='ltr'><strong>ab</strong></span> <span class='ocrx_word' id='word_1_721' title='bbox 2918 4689 3029 4750; x_wconf 70' lang='lat' dir='ltr'><strong>ipso</strong></span> <span class='ocrx_word' id='word_1_722' title='bbox 3066 4685 3287 4736; x_wconf 76' lang='lat' dir='ltr'><strong>electum</strong></span> <span class='ocrx_word' id='word_1_723' title='bbox 3329 4684 3755 4748; x_wconf 75' lang='lat' dir='ltr'><strong>comprobarunt.</strong></span> <span class='ocrx_word' id='word_1_724' title='bbox 3800 4685 3906 4736; x_wconf 85' lang='lat' dir='ltr'><strong>Sub</strong></span> 
     </span>
     <span class='ocr_line' id='line_1_103' title="bbox 2356 4753 3911 4820; baseline -0.005 -6"><span class='ocrx_word' id='word_1_725' title='bbox 2356 4765 2549 4814; x_wconf 77' lang='lat' dir='ltr'><strong>Nerone</strong></span> <span class='ocrx_word' id='word_1_726' title='bbox 2586 4771 2665 4809; x_wconf 82' lang='lat' dir='ltr'><strong>an.</strong></span> <span class='ocrx_word' id='word_1_727' title='bbox 2701 4761 2761 4809; x_wconf 75' lang='grc'><strong>58</strong></span> <span class='ocrx_word' id='word_1_728' title='bbox 2800 4755 3011 4808; x_wconf 87' lang='lat' dir='ltr'><strong>corbulo</strong></span> <span class='ocrx_word' id='word_1_729' title='bbox 3035 4756 3265 4806; x_wconf 75' lang='lat' dir='ltr'><strong>Artaxata</strong></span> <span class='ocrx_word' id='word_1_730' title='bbox 3300 4755 3353 4806; x_wconf 87' lang='lat' dir='ltr'><strong>et</strong></span> <span class='ocrx_word' id='word_1_731' title='bbox 3392 4753 3736 4820; x_wconf 79' lang='lat' dir='ltr'><strong>Tigranocerta</strong></span> <span class='ocrx_word' id='word_1_732' title='bbox 3762 4755 3911 4806; x_wconf 81' lang='lat' dir='ltr'><strong>urbes</strong></span> 
     </span>
     <span class='ocr_line' id='line_1_104' title="bbox 2356 4825 3913 4897; baseline -0.004 -15"><span class='ocrx_word' id='word_1_733' title='bbox 2356 4829 2649 4897; x_wconf 75' lang='lat' dir='ltr'><strong>expugnavit</strong></span> <span class='ocrx_word' id='word_1_734' title='bbox 2684 4829 2833 4892; x_wconf 86' lang='lat' dir='ltr'><strong>atque</strong></span> <span class='ocrx_word' id='word_1_735' title='bbox 2862 4826 3114 4892; x_wconf 77' lang='lat' dir='ltr'><strong>Tigranem</strong></span> <span class='ocrx_word' id='word_1_736' title='bbox 3148 4838 3180 4877; x_wconf 88' lang='lat' dir='ltr'><strong>a</strong></span> <span class='ocrx_word' id='word_1_737' title='bbox 3203 4827 3392 4877; x_wconf 76' lang='lat' dir='ltr'><strong>Nerone</strong></span> <span class='ocrx_word' id='word_1_738' title='bbox 3423 4825 3637 4876; x_wconf 86' lang='lat' dir='ltr'><strong>electum</strong></span> <span class='ocrx_word' id='word_1_739' title='bbox 3666 4825 3913 4878; x_wconf 72' lang='lat' dir='ltr'><strong>Annenioe</strong></span> 
     </span>
     <span class='ocr_line' id='line_1_105' title="bbox 2356 4895 3907 4968; baseline -0.005 -14"><span class='ocrx_word' id='word_1_740' title='bbox 2356 4915 2522 4968; x_wconf 85' lang='lat' dir='ltr'><strong>regem</strong></span> <span class='ocrx_word' id='word_1_741' title='bbox 2546 4898 2813 4952; x_wconf 83' lang='lat' dir='ltr'><strong>constituit.</strong></span> <span class='ocrx_word' id='word_1_742' title='bbox 2840 4900 2951 4948; x_wconf 76' lang='lat' dir='ltr'><strong>Mox</strong></span> <span class='ocrx_word' id='word_1_743' title='bbox 2966 4897 3094 4950; x_wconf 87' lang='lat' dir='ltr'><strong>bello</strong></span> <span class='ocrx_word' id='word_1_744' title='bbox 3112 4898 3344 4948; x_wconf 73' lang='lat' dir='ltr'><strong>renovato</strong></span> <span class='ocrx_word' id='word_1_745' title='bbox 3374 4895 3483 4967; x_wconf 65' lang='lat' dir='ltr'><strong>(aa.</strong></span> <span class='ocrx_word' id='word_1_746' title='bbox 3508 4899 3568 4946; x_wconf 78' lang='grc'><strong>63</strong></span> <span class='ocrx_word' id='word_1_747' title='bbox 3590 4896 3625 4958; x_wconf 88' lang='grc'><strong>),</strong></span> <span class='ocrx_word' id='word_1_748' title='bbox 3646 4899 3907 4960; x_wconf 81' lang='lat' dir='ltr'><strong>postquam</strong></span> 
     </span>
     <span class='ocr_line' id='line_1_106' title="bbox 2354 4963 3907 5039; baseline -0.008 -14"><span class='ocrx_word' id='word_1_749' title='bbox 2354 4975 2651 5039; x_wconf 80' lang='lat' dir='ltr'><strong>improspere</strong></span> <span class='ocrx_word' id='word_1_750' title='bbox 2670 4983 2775 5022; x_wconf 84' lang='lat' dir='ltr'><strong>rem</strong></span> <span class='ocrx_word' id='word_1_751' title='bbox 2790 4971 2958 5020; x_wconf 77' lang='lat' dir='ltr'><strong>Paetus</strong></span> <span class='ocrx_word' id='word_1_752' title='bbox 2984 4968 3215 5036; x_wconf 82' lang='lat' dir='ltr'><strong>gesserat,</strong></span> <span class='ocrx_word' id='word_1_753' title='bbox 3234 4965 3366 5016; x_wconf 77' lang='lat' dir='ltr'><strong>idem</strong></span> <span class='ocrx_word' id='word_1_754' title='bbox 3392 4965 3605 5016; x_wconf 84' lang='lat' dir='ltr'><strong>Corbulo</strong></span> <span class='ocrx_word' id='word_1_755' title='bbox 3624 4978 3685 5015; x_wconf 89' lang='lat' dir='ltr'><strong>eo</strong></span> <span class='ocrx_word' id='word_1_756' title='bbox 3710 4963 3907 5015; x_wconf 81' lang='lat' dir='ltr'><strong>tandem</strong></span> 
     </span>
     <span class='ocr_line' id='line_1_107' title="bbox 2356 5032 3909 5102; baseline -0.008 -7"><span class='ocrx_word' id='word_1_757' title='bbox 2356 5057 2459 5095; x_wconf 88' lang='lat' dir='ltr'><strong>rem</strong></span> <span class='ocrx_word' id='word_1_758' title='bbox 2486 5040 2705 5102; x_wconf 83' lang='lat' dir='ltr'><strong>adduxit,</strong></span> <span class='ocrx_word' id='word_1_759' title='bbox 2748 5043 2806 5091; x_wconf 89' lang='lat' dir='ltr'><strong>ut</strong></span> <span class='ocrx_word' id='word_1_760' title='bbox 2835 5039 3081 5098; x_wconf 74' lang='lat' dir='ltr'><strong>Tiridates</strong></span> <span class='ocrx_word' id='word_1_761' title='bbox 3108 5037 3358 5094; x_wconf 76' lang='lat' dir='ltr'><strong>sublatum</strong></span> <span class='ocrx_word' id='word_1_762' title='bbox 3396 5033 3461 5085; x_wconf 82' lang='lat' dir='ltr'><strong>de</strong></span> <span class='ocrx_word' id='word_1_763' title='bbox 3488 5034 3665 5098; x_wconf 82' lang='lat' dir='ltr'><strong>-capite</strong></span> <span class='ocrx_word' id='word_1_764' title='bbox 3692 5032 3909 5083; x_wconf 70' lang='lat' dir='ltr'><strong>diadema</strong></span> 
     </span>
     <span class='ocr_line' id='line_1_108' title="bbox 2356 5100 3915 5184; baseline -0.007 -19"><span class='ocrx_word' id='word_1_765' title='bbox 2356 5111 2567 5166; x_wconf 66' lang='lat' dir='ltr'><strong>cesaris</strong></span> <span class='ocrx_word' id='word_1_766' title='bbox 2589 5109 2784 5176; x_wconf 76' lang='lat' dir='ltr'><strong>imagini</strong></span> <span class='ocrx_word' id='word_1_767' title='bbox 2818 5108 3110 5184; x_wconf 63' lang='lat' dir='ltr'><strong>subjiceret,</strong></span> <span class='ocrx_word' id='word_1_768' title='bbox 3145 5121 3237 5164; x_wconf 87' lang='lat' dir='ltr'><strong>nec</strong></span> <span class='ocrx_word' id='word_1_769' title='bbox 3263 5104 3358 5157; x_wconf 66' lang='lat' dir='ltr'><strong>nid</strong></span> <span class='ocrx_word' id='word_1_770' title='bbox 3382 5105 3583 5156; x_wconf 74' lang='lat' dir='ltr'><strong>Neronis</strong></span> <span class='ocrx_word' id='word_1_771' title='bbox 3606 5116 3757 5154; x_wconf 80' lang='lat' dir='ltr'><strong>manu</strong></span> <span class='ocrx_word' id='word_1_772' title='bbox 3780 5100 3833 5152; x_wconf 81' lang='lat' dir='ltr'><strong>id</strong></span> <span class='ocrx_word' id='word_1_773' title='bbox 3860 5113 3915 5154; x_wconf 78' lang='lat' dir='ltr'><strong>sa</strong></span> 
     </span>
    </p>
   </div>
   <div class='ocr_carea' id='block_1_9' title="bbox 2356 5185 3706 5321">
    <p class='ocr_par' dir='ltr' id='par_1_10' title="bbox 2356 5185 3706 5321">
     <span class='ocr_line' id='line_1_109' title="bbox 2356 5185 3706 5321; baseline 0.001 -85"><span class='ocrx_word' id='word_1_774' title='bbox 2356 5185 2723 5250; x_wconf 84' lang='lat' dir='ltr'><strong>resumpturum</strong></span> <span class='ocrx_word' id='word_1_775' title='bbox 2744 5193 2852 5232; x_wconf 72' lang='lat' dir='ltr'><strong>ente</strong></span> <span class='ocrx_word' id='word_1_776' title='bbox 2866 5187 3213 5260; x_wconf 48' lang='lat' dir='ltr'><strong>promitteret.</strong></span> <span class='ocrx_word' id='word_1_777' title='bbox 3672 5261 3706 5321; x_wconf 70' lang='lat' dir='ltr'><strong><em>b</em></strong></span> 
     </span>
    </p>
   </div>
  </div>
 </body>
</html>
