4584 6284
1947 560 2169 624 ossms
2209 561 2679 623 DESCRIPTIO.

755 717 837 759 “0
871 694 1130 757 Τοῦνειιεν
1167 691 1332 753 ιίσίτι
1348 698 1440 752 νῦν
1461 690 1664 774 λιὸανῳ
1690 690 1953 769 κομόωσιν
1979 691 2226 775 ἄρουραι,

873 782 1032 865 οὔρια
1061 782 1116 843 δί
1144 782 1332 863 χρυσῷ
1347 827 1364 855 ,
1391 779 1626 858 ποταμοὶ
1655 780 1699 839 δ’
1726 778 1934 860 ίτίρωθι
1961 782 2191 854 θυηλαῖς·

875 871 1024 933 αὐτοὶ
1051 870 1100 931 δ’
1128 868 1370 931 ίνναὲται
1397 868 1546 947 μάλα
1571 868 1728 929 πίονα
1759 870 1922 945 δῆμον
1944 868 2150 950 ἔχουσι,

875 960 1140 1043 χρυσείοις
1167 958 1447 1021 πίπλοισιν
1477 956 1822 1035 ἀγαλλόμενοι
1851 960 2189 1035 μαλακοῖσιν·

878 1050 998 1108 ἀλλ’
1027 1047 1146 1121 ἤτοι
1173 1050 1378 1127 πρῶτοι
1405 1046 1501 1124 μὲν
1527 1046 1663 1125 ὑπὲρ
1692 1044 1870 1105 κλιτυν
1900 1044 2151 1107 Λιὸἄνοιο

758 1158 842 1199 oss
888 1135 1090 1218 ἀφνειοὶ
1115 1135 1348 1196 ναίουσιν
1373 1133 1675 1213 ίπωνυμίην
1708 1132 2032 1195 Ναὸαταῖοι·

874 1224 1004 1304 ἄγχι
1031 1222 1087 1283 δὲ
1114 1221 1408 1285 Χαυλάσιοί
1427 1244 1487 1281 τε
1515 1220 1606 1281 καὶ
1627 1220 1856 1303 Ἀγρίες,
1877 1210 1950 1290 οἷς
1975 1220 2063 1282 ἔπι
2087 1245 2214 1298 γαια

879 1310 1163 1393 Χατραμὶς
1203 1313 1388 1372 (waitz
1414 1309 1724 1371 κατεναντία
1757 1308 2008 1391 Περσίδος
2041 1308 2182 1383 αἴης.

874 1400 1061 1481 Αὐτὰρ
1083 1399 1394 1483 Ἐρυθραίης
1414 1398 1634 1479 πλευρὸν
1661 1399 1864 1459 ναίουσι
1883 1398 2149 1471 Θαλάσσης

874 1488 1119 1551 Mummio(
1143 1512 1195 1549 τε
1213 1487 1392 1551 Σάὸαι
1415 1510 1472 1549 τε
1493 1486 1585 1547 καὶ
1606 1486 1854 1567 ἀγχίγυοι
1882 1486 2238 1560 Κλεταὸηνοί.

752 1598 833 1637 oso
873 1575 1057 1639 Τόσσα
1079 1576 1173 1656 μὲν
1203 1573 1447 1656 Ἀραὸίην
1464 1574 1720 1657 περιώσια
1744 1577 1883 1657 φῦλα
1899 1574 2174 1653 νέμονται·

879 1665 1015 1723 ἄλλα
1031 1665 1086 1723 δέ
1093 1686 1170 1723 τοι
1185 1665 1274 1725 καὶ
1289 1665 1526 1725 πλεῖστα·
1543 1686 1664 1743 περι
1677 1662 1888 1743 πρὸγάρ
1901 1665 2012 1722 ἐστι
2025 1662 2264 1742 μεγίστη.

950 1754 1061 1823 Τῆς
1086 1750 1140 1811 δὲ
1163 1752 1290 1832 πρὸς
1313 1749 1648 1829 ἀντιπίραιαν
1683 1750 1814 1809 ὑπαὶ
1843 1749 2001 1831 pru->w
2031 1748 2268 1830 ζεφύροιο

718 1924 740 1991 ΙΙ
758 1950 830 1963 -
845 1920 968 1992 950.
995 1920 1316 1993 τοῦνεκαΝεᾳ
1327 1944 1350 1983 ,·
1374 1924 1458 1973 νῦν
1478 1938 1586 1974 om.
1607 1939 1670 1983 o,-
1687 1920 1904 1973 λιὸάνων
1915 1923 1986 1975 D.
1997 1920 2020 1989 ΙΙ
2038 1949 2109 1960 —

713 2000 884 2067 θηλαῗς
908 2001 982 2066 A,
1023 1999 1200 2067 θυήλας
1230 2006 1302 2057 D.
1331 2003 1412 2055 De
1437 2018 1572 2055 auro
1595 2000 1824 2055 Arabico
1841 2038 1858 2065 ,
1891 1998 2036 2071 quod
2066 2008 2265 2053 veteres

707 2078 1001 2151 fingebant,
1031 2079 1112 2135 cf.
1148 2078 1560 2151 Agatharchides
1585 2082 1616 2149 S
1641 2078 1707 2149 95
1736 2084 1902 2146 (ιοιιι.
1945 2096 1995 2143 ι,
2017 2095 2072 2150 Ρ.
2103 2080 2261 2146 184);

706 2158 892 2214 Sti-abo
924 2176 982 2231 p.
1029 2176 1156 2230 777.
1205 2161 1344 2229 7843
1372 2158 1509 2213 Plin.
1537 2163 1591 2223 6,
1648 2161 1718 2213 28
1733 2177 1751 2225 3
1793 2157 1963 2212 Ritter
1990 2167 2124 2211 tom.
2175 2171 2263 2222 ι2,

706 2258 760 2313 Ρ.
791 2240 915 2309 713.
948 2239 970 2307 [Ι
1001 2268 1076 2281 -
1100 2238 1226 2309 952.
1252 2238 1297 2291 δ’
1325 2236 1514 2292 ἔναέται
1540 2241 1634 2302 Χ,·
1655 2241 1821 2309 χῶρον
1851 2234 2022 2308 ἔχουσι
2041 2254 2096 2309 q.
2140 2235 2164 2307 fl
2195 2266 2267 2279 —

705 2319 837 2390 953.
860 2318 1082 2392 χρυσίοις
1100 2322 1179 2384 Χ,
1204 2317 1422 2390 χρυσίοις
1438 2314 1498 2380 d,-
1516 2316 1715 2379 πέπλοις
1742 2319 1816 2375 D.
1837 2316 1862 2387 ΙΙ
1887 2346 1960 2357 -
1986 2314 2110 2387 954.
2134 2319 2264 2388 πρῶ-

707 2418 789 2453 τον
804 2403 858 2455 A
862 2403 919 2455 K
926 2396 1170 2454 LXbelcm
1180 2395 1304 2453 Ald.
1311 2416 1328 2463 3
1351 2394 1486 2470 ίιπὶρ]
1502 2393 1581 2450 ἐπὶ
1600 2392 2268 2463 BDEGHLMNOxbedeg

705 2477 854 2550 laioqs
878 2475 1125 2549 Niceph.;
1145 2473 1239 2529 ίιπδ
1263 2474 1480 2538 CKtkm
1497 2484 1552 2529 et
1571 2491 1754 2546 margo
1779 2494 1832 2541 c,-
1856 2472 2027 2543 ιλιι-ὴν
2051 2478 2125 2531 X.
2153 2474 2267 2547 11—-

707 2556 833 2625 955.
848 2556 1037 2611 ναίουσι
1056 2556 1154 2626 Υ.11
1169 2554 1366 2628 -956.
1388 2554 1674 2628 Χανλάσιοι]
1695 2552 2268 2623 BCEFGHLMeghim

709 2636 919 2700 Avien„
935 2636 1122 2701 Prisc„
1143 2634 1388 2707 Nicepb.;
1405 2633 1672 2689 Χαὸλάσιοι
1688 2637 1756 2708 Q,
1772 2633 2004 2688 Χαυάσιοι
2019 2650 2068 2699 c,
2085 2630 2267 2687 addito

709 2733 792 2787 γρ.
825 2714 1096 2769 Χαλόάσιοι
1110 2754 1127 2781 ,
1155 2712 1300 2787 quod
1317 2713 1476 2769 babet
1499 2713 1590 2771 Ax·
1606 2712 1750 2780 ,ud-3
1779 2710 2072 2766 Χαιιλοίισιοι
2096 2714 2230 2784 Νοςε
2246 2751 2262 2778 ,

710 2793 1072 2865 Χαλόούσιοιῂ
1111 2794 1356 2849 Χανῶσιοι
1379 2798 1456 2859 D,-
1502 2792 1715 2865 ’Δγρίες]
1749 2790 1928 2864 Ἆδρίες
1941 2809 2042 2865 377,-
2069 2790 2269 2860 Agr-em·

710 2874 899 2930 Avien.
938 2874 1103 2938 1134:
1134 2872 1215 2927 ἐπὶ
1245 2874 1396 2945 γαῖαν
1437 2875 1505 2929 Χ.
1546 2874 1661 2928 Sec.
1681 2871 2084 2926 Eratosthenem
2125 2870 2267 2943 apud

705 2950 954 3007 strabon.
982 2968 1038 3023 p.
1069 2954 1174 3023 767
1221 2953 1306 3005 via
1331 2969 1436 3024 qua
1461 2950 1786 3023 Heroonpoli
1823 2948 2146 3021 Babylonem
2171 2967 2268 3022 per

706 3030 958 3085 Arabiam
985 3031 1246 3084 desertam
1272 3030 1402 3095 itur,
1437 3030 1570 3084 πᾶσα
1599 3028 1686 3101 μὶν
1714 3029 1831 3100 πρὸς
1869 3026 2116 3091 ἀνατολὰς
2143 3029 2267 3099 θερι-

704 3108 790 3172 νὰς
803 3148 820 3175 ,
839 3108 924 3162 διὰ
949 3106 1002 3161 δὲ
1021 3114 1120 3162 τῶν
1137 3108 1501 3180 παρακειμένων
1537 3104 1765 3180 Ἀραδίων
1792 3105 1946 3161 ἐθνῶν
1969 3105 2264 3160 Ναὸαταίων

701 3207 756 3243 τε
779 3187 864 3243 καὶ
890 3186 1306 3241 Χανλοταίων
1335 3186 1418 3240 καὶ
1445 3184 1764 3258 Ἀγραίων.
1791 3185 2126 3241 Cbaulotaeos
2151 3186 2262 3240 sive

701 3265 1002 3324 Chaulasios
1021 3282 1132 3318 esse
1164 3282 1255 3318 eos
1279 3264 1370 3335 qui
1394 3263 1618 3319 inlibris
1639 3264 1800 3319 sacris
1823 3262 2080 3317 eliani-‘ala
2106 3261 2263 3333 (Εὗιι-

2131 1918 2254 1990 95ι.

702 3343 797 3398 λὰτ
813 3346 868 3398 in
889 3344 1077 3417 Lxx)
1101 3353 1376 3410 vocantur,
1407 3343 1620 3416 plurimi
1638 3351 1878 3397 statuunt
1896 3341 2258 3415 probabiliter.

699 3424 946 3479 Ceterum
968 3439 1134 3494 quum
1171 3421 1426 3477 chavilala
1455 3439 1653 3476 nomen
1685 3439 1794 3475 non
1821 3420 2022 3493 ubique
2055 3418 2125 3473 de
2153 3438 2262 3474 una

699 3498 988 3574 eademque
997 3501 1210 3571 regione
1227 3511 1513 3572 usurpetur
1525 3496 1789 3569 (similiter
1809 3498 2042 3551 Chatelan
2063 3514 2260 3552 nomen

704 3577 1019 3633 hodiernum
1041 3578 1109 3633 ad
1133 3579 1432 3653 complures
1459 3577 1668 3634 Arabiae
1692 3578 1934 3649 regiones
1959 3575 2255 3650 pertinet),

697 3676 825 3715 cum
859 3658 1170 3715 Cbaulotaeis
1185 3698 1218 3725 ,.
1245 3677 1382 3732 quos
1407 3658 1781 3714 Eratosthenes
1812 3659 1953 3713 inter
1983 3656 2259 3713 Nabataeos

701 3748 756 3793 et
777 3743 989 3811 Agraeos
1013 3738 1192 3813 ponit,
1233 3737 1598 3812 componenda
1625 3748 1704 3793 est
1727 3756 1790 3793 ea
1821 3736 2078 3793 chanaan
2113 3738 2258 3810 regio

697 3836 821 3891 quae
841 3830 1165 3875 memoratur
1184 3820 1243 3873 in
1269 3818 1522 3874 Samuelis
1542 3817 1636 3873 lib.
1666 3834 1716 3882 1,
1743 3836 1794 3872 c.
1820 3816 1904 3883 15,
1930 3834 1983 3887 7,
2011 3814 2152 3873 ubi.
2138 3833 2153 3848 ·
2175 3816 2260 3871 καὶ

699 3900 901 3973 ἐπάταξε
944 3900 1110 3955 Σαοὺλ
1131 3902 1216 3955 τὸν
1263 3897 1478 3972 Ἀμαλὴκ
1509 3898 1606 3955 ἀπὸ
1645 3898 1848 3964 Εὖιλᾶτ,
1891 3900 1984 3961 ἕως
2011 3897 2140 3971 Σοὶιρ
2180 3896 2260 3953 ἰπὶ

699 3983 958 4053 πρόσωπον
1009 3978 1274 4053 Αἰγύπτου.
1321 3982 1386 4035 In
1411 3980 1696 4033 novissima
1735 3976 1948 4033 Arabia
1987 3975 2258 4031 hodierna!

701 4060 874 4115 tabula
899 4060 1242 4133 Kiepertiana
1263 4076 1422 4132 supra
1451 4061 1662 4114 Petram
1684 4056 2054 4113 Nabataeorum
2071 4056 2258 4111 urbem

697 4141 1024 4195 collocantur
1049 4138 1320 4195 Hawet'ta·
1345 4137 1565 4194 Arabes.
1591 4138 1866 4193 Forsterus
1899 4142 1921 4206 (
1947 4136 2052 4192 Tloe
2091 4134 2256 4191 histo·

703 4218 840 4276 mal
853 4218 1149 4293 geography
1164 4216 1235 4289 of
1239 4218 1485 4283 Arabia
1514 4218 1670 4283 18⁵4,
1693 4227 1824 4273 tom.
1857 4233 1907 4283 1,
1935 4233 1992 4309 Ρ.
2019 4218 2083 4278 Ιιι
2115 4218 2258 4287 sqq.)

703 4297 1032 4356 chaulotaeo·
1074 4314 1187 4352 esse
1227 4308 1402 4352 censet
1443 4296 1575 4353 Beni
1627 4294 1846 4353 Khaled
1889 4296 2110 4368 stirpem
2159 4293 2260 4348 late

702 4397 970 4454 sparsam,
1017 4374 1168 4451 cujus
1214 4376 1361 4432 sedes
1402 4377 1668 4451 praecipua
1713 4374 1871 4430 suerit
1903 4371 2056 4445 juxta
2085 4374 2259 4427 sinum

705 4460 1004 4527 Persicum;
1025 4458 1092 4514 ad
1119 4454 1412 4513 eorundem
1436 4474 1630 4511 nomen
1649 4452 2070 4509 revocandaesse
2097 4452 2264 4506 Καλά·

705 4541 852 4594 θουαν
875 4539 1096 4607 urbem,
1133 4556 1292 4612 quam
1320 4538 1378 4592 in
1403 4538 1602 4593 Petraea
1637 4533 1832 4590 Arabia
1869 4534 2008 4587 sinui
2053 4532 2264 4587 Persico

709 4619 1056 4689 propinquam
1091 4618 1243 4691 ponit
1276 4615 1587 4672 Ptolemoeus
1634 4612 1686 4677 5,
1727 4630 1813 4684 19,
1845 4630 1900 4683 7,
1930 4623 1984 4667 et
2027 4612 2262 4681 Δεανίτην

715 4693 897 4749 κόλπον
928 4695 1082 4765 (Ριοί.
1103 4700 1155 4759 6,
1173 4704 1237 4767 7,
1257 4694 1373 4768 18),
1391 4694 1484 4767 qui
1511 4692 1839 4749 chauloniees'
1860 4690 2118 4747 dicendus
2137 4691 2264 4746 suis-

712 4783 826 4838 εει,
850 4784 904 4828 ει
922 4774 1220 4829 Gbnldonem
1235 4792 1406 4848 prom.
1434 4792 1521 4847 ap.
1540 4774 1768 4829 Plinium
1794 4778 1826 4827 6
1856 4775 1886 4841 S
1911 4775 2010 4843 149
2030 4781 2083 4826 et
2111 4769 2264 4828 Ebli-

718 4851 877 4906 tltoeos
897 4864 1089 4908 montes
1130 4852 1332 4926 (ibid.)
1357 4862 1410 4907 et
1437 4852 1710 4907 Canchleos
1737 4851 1942 4909 Arabes
1965 4854 2092 4923 (ap.
2121 4850 2258 4906 ΡΙίιι.

719 4930 772 4996 5,
805 4945 890 4997 ι2,
932 4926 1099 5000 5'65,
1142 4930 1236 4985 ubi
1265 4930 1530 4986 CkaaeIeos
1555 4948 1678 4987 eum
1721 4928 2033 4986 Boechartio
2066 4930 2264 5001 Geogr.

713 5011 877 5065 Sacra
906 5027 964 5082 Ρ.
995 5020 1098 5079 224
1121 5011 1220 5083 legi
1247 5012 1412 5085 vult).
1441 5010 1748 5084 eujusmodi
1772 5008 2046 5075 ludibriis,
2069 5010 2264 5083 quibus

711 5099 887 5143 totum
915 5090 1057 5145 istud
1099 5093 1326 5146 Forsteri
1359 5110 1492 5165 opus
1529 5100 1722 5157 scatet,
1756 5108 1866 5145 non
1891 5089 2258 5143 immoramur.

721 5165 1001 5239 Ἆγραίους
984 5186 1041 5222 ιιι
1061 5169 1161 5224 hac
1186 5170 1397 5242 regione
1416 5169 1573 5225 habet
1587 5169 1744 5224 etiam
1759 5167 2064 5223 Ptolemaeus
2092 5164 2145 5231 5,
2177 5184 2262 5236 ι9,

710 5262 777 5311 23
805 5244 1067 5303 habitasse
1081 5265 1172 5303 eos
1195 5258 1389 5303 terram
1407 5265 1523 5320 quoe
1544 5246 1778 5302 Hebraeis
1799 5244 2022 5302 uidiam
2045 5242 2262 5311 dicitur,

713 5322 876 5379 refert
899 5326 1255 5400 Hieronymus
1290 5331 1490 5398 Quaest.
1521 5328 1578 5381 in
1613 5327 1804 5382 Genes.
1842 5323 1931 5379 25.
1973 5322 2134 5396 Apud
2161 5322 2264 5377 Pli-

712 5405 861 5457 nium
897 5406 1084 5473 Agr-m·
1128 5418 1490 5463 memorantur
1516 5410 1601 5476 ὃς
1641 5406 1737 5470 ι54
1765 5415 1815 5461 et
1851 5408 1947 5460 161
2030 5421 2094 5457 ex
2129 5404 2266 5457 Har·

2310 934 2319 991 ¹
2355 962 2527 1017 aureas
2554 962 2905 1035 mollibusque
2930 963 3161 1019 vestibus
3184 965 3527 1023 luxuriantes.

3809 579 3923 631 162

2356 698 2491 755 Inde
2514 698 2777 773 hodieque
2809 703 2920 773 agri
2945 712 3072 757 sunt
3096 712 3213 757 ture
3234 704 3461 775 insignes
3476 743 3495 771 ,

2358 796 2565 841 montes
2592 804 2726 841 auro
2743 828 2758 852 ,
2790 788 3009 844 flumina
3032 806 3214 845 nti-sus
3234 789 3565 851 suffimentis.

2357 876 2465 947 Ipsi
2489 884 2665 930 autem
2698 875 2881 931 incolae
2903 888 3109 949 gentem
3136 890 3387 952 prestant
3413 879 3704 938 admodum
3728 882 3919 940 delica-

3772 982 3877 1025 tam

2357 1050 2429 1105 At
2448 1048 2717 1123 principes
2738 1049 2875 1105 ultra
2896 1050 3059 1106 clivos
3090 1050 3281 1108 Libani
3750 971 3769 1041 [
3895 1010 3913 1039 ’

2354 1136 2545 1191 divites
2567 1136 2808 1192 habitant
2832 1149 2886 1193 et
2913 1140 3253 1195 nominantur
3272 1140 3525 1201 Nabataei.

2355 1228 2530 1299 Prope
2556 1243 2685 1281 vero
2710 1226 2971 1285 Chaulasii
2999 1240 3053 1283 et
3074 1231 3243 1300 Agraei
3258 1268 3275 1296 ,
3310 1240 3431 1301 post
3453 1247 3587 1304 quos

2353 1314 2505 1369 tellus
2528 1313 2901 1370 Chatramitica
2914 1313 3056 1387 jacet
3073 1335 3103 1371 e
3124 1319 3337 1389 regione
3359 1317 3587 1373 Persidis
3609 1329 3781 1377 terrae.

2353 1404 2521 1457 Porro
2534 1402 2657 1455 litus
2678 1400 2845 1457 Rubri
2872 1405 3032 1457 maris
3050 1402 3286 1459 habitant

2350 1489 2571 1543 Minnaei
2596 1498 2651 1543 et
2670 1487 2821 1543 Sabae
2841 1489 3107 1562 vicinique
3124 1490 3411 1549 Cletabeni.

2351 1574 2450 1629 Tot
2486 1574 2669 1647 populi
2695 1577 3044 1649 potentissimi
3072 1576 3319 1631 Arabiam
3346 1576 3594 1631 obtinent
3614 1617 3631 1644 ,

2353 1672 2466 1715 tum
2503 1660 2591 1715 alii
2612 1670 2665 1715 et
2690 1661 2902 1734 plurimi
2932 1678 2945 1716 :
2968 1662 3196 1717 maxima
3216 1672 3296 1717 est
3316 1664 3459 1717 enim
3482 1663 3844 1721 circumcirca.

2424 1748 2595 1820 Hujus
2622 1761 2796 1805 autem
2825 1748 2893 1803 ad
2915 1748 3163 1804 ulteriora
3189 1750 3291 1804 sub
3320 1751 3475 1805 {latus
3498 1749 3691 1805 favonii

2352 1917 2503 1972 duini
2532 1917 2672 1989 conj.
2700 1925 2741 1987 ).
2780 1918 2870 1972 sed
2898 1918 2967 1973 ad
3006 1930 3241 1974 nostram
3276 1920 3545 1991 regionem
3580 1920 3711 1974 nihil
3755 1923 3916 1994 perti-

2352 2011 2563 2065 nentes;
2596 1998 2785 2067 Agroi,
2810 1999 2989 2053 nescio
3009 2017 3075 2053 an
3104 2016 3223 2052 cum
3245 1998 3445 2069 Agraeis
3478 1998 3753 2052 Strabonis
3772 2017 3918 2053 eom-

2350 2078 2616 2151 ponendi,
2663 2080 2720 2133 in
2754 2074 2922 2138 codd.
2954 2077 3111 2132 Plinii
3142 2076 3331 2147 legitur
3368 2081 3401 2132 6
3440 2080 3471 2147 S
3512 2077 3632 2148 ¹59·
3665 2078 3913 2133 Ceterum

2352 2157 2649 2229 Stephanus
2678 2172 2693 2211 ε
2731 2153 2951 2228 Ἀγραῗοι
2965 2198 2983 2224 ,
3015 2155 3155 2220 ἔθνος
3181 2154 3431 2229 ’Δραὸιιιόν
3451 2196 3467 2223 ,
3490 2154 3557 2219 ὣς
3573 2154 3625 2210 lv
3665 2154 3731 2218 ις’
3754 2156 3913 2229 Στρά-

2352 2236 2519 2292 ὅων...
2532 2236 2769 2307 Δίγονται
2782 2234 2835 2289 δὲ
2845 2236 2931 2289 καὶ
2951 2233 3187 2308 Ἆγραιῗς,
3210 2236 3277 2298 ὡς
3298 2232 3669 2307 Ἐρατοσθένης.
3683 2235 3909 2307 ΙΙ-957.

2350 2313 2628 2387 Χατραμὶς]
2644 2313 2889 2387 Χάτραμις
2910 2317 3123 2372 ΒΜΝΟ
3134 2318 3195 2381 Y,
3217 2314 3465 2387 Χάρταμις
3487 2316 3551 2372 F.
3583 2314 3741 2368 Metti
3758 2332 3917 2370 causa

2349 2394 2543 2449 Noster
2565 2396 2831 2449 truncavit
2846 2414 3043 2451 nomen
3057 2436 3073 2461 ,
3094 2394 3240 2468 quod
3260 2404 3404 2450 recte
3426 2394 3625 2449 dieitur
3642 2392 3917 2468 Χατραμω-

2351 2474 2475 2536 τῖτις
2508 2472 2592 2528 vel
2616 2473 2951 2547 Χατραμῶτις.
2984 2476 3057 2528 V.
3082 2474 3261 2547 Steph.
3285 2491 3334 2531 s.
3362 2492 3417 2530 vi
3446 2475 3727 2546 Pet-peram
3754 2476 3913 2528 etiam

2352 2551 2422 2607 ad
2461 2554 2636 2607 sinum
2666 2554 2937 2609 Persicum
2973 2554 3111 2609 hanc
3148 2554 3419 2624 regionem
3451 2550 3913 2623 (Hadlu-amaut)

2352 2632 2603 2698 collocat,
2626 2632 2761 2687 male
2791 2633 3055 2688 intellecto
3083 2631 3431 2687 Eratosthene
3448 2672 3465 2698 ,
3496 2648 3561 2684 ex
3585 2648 3695 2703 quo
3723 2632 3795 2685 ita
3818 2632 3913 2685 ha-

2350 2710 2443 2765 het
2466 2710 2655 2766 Strabo
2670 2729 2728 2784 Ρ.
2753 2715 2855 2783 768
2886 2728 2901 2767 2
2926 2710 3227 2766 Κατοικεῗδὶ
3248 2709 3310 2765 τὰ
3336 2712 3542 2782 μέγιστα
3568 2710 3773 2783 τίτταρα
3794 2708 3913 2779 ἔθνη

2352 2786 2443 2859 τὴν
2472 2789 2685 2863 ἐσχάτην
2714 2790 2981 2863 λεχθεῖσαν
3006 2792 3175 2865 χώραν
3192 2830 3209 2857 ,
3238 2790 3448 2845 Μιναῖοι
3484 2788 3571 2860 μὲν
3598 2787 3650 2843 ἓν
3691 2794 3763 2861 τῷ
3795 2790 3915 2861 πρὸς

2351 2868 2441 2938 τὴν
2472 2870 2710 2944 Ἐρυθρὰν
2752 2872 2915 2943 μέρει,
2948 2870 3090 2934 πόλις
3130 2870 3176 2922 δ’
3206 2869 3363 2924 αὗτῶν
3390 2867 3424 2938 ἡ
3459 2869 3666 2941 μεγίστη
3691 2867 3857 2939 Κάρνα
3880 2870 3913 2937 ἢ

2352 2950 2604 3023 Κάρνανα·
2646 2950 2879 3022 ἐχόμενοι
2918 2948 2973 3003 tt
3022 2948 3205 3005 τούτων
3246 2948 3485 3010 Σαὸαῒοι,
3533 2945 3834 3019 μητρόπολις
3867 2948 3913 2999 δ’

2350 3028 2508 3084 αὗτῶν
2528 3028 2760 3100 Μαρίαὸα
2774 3046 2789 3060 ·
2811 3028 2965 3101 τρίτοι
2986 3028 3040 3083 δὲ
3058 3026 3386 3090 Κατταὸανεῗς
3403 3024 3697 3092 καθήκοντες
3718 3026 3836 3098 πρὸς
3850 3025 3912 3079 τὰ

2352 3109 2499 3163 στενὰ
2518 3108 2605 3162 καὶ
2630 3106 2720 3175 τὴν
2742 3108 2965 3161 διάὸασιν
2992 3111 3080 3160 τοῦ
3115 3104 3333 3177 Ἆραὸίου
3366 3105 3553 3160 κόλπου
3570 3143 3587 3171 ,
3614 3106 3671 3159 ‘th
3694 3104 3747 3158 δὲ
3774 3105 3915 3176 βασί-

2348 3188 2484 3242 λειον
2508 3187 2668 3242 αὐτῶν
2686 3188 2862 3259 Τᾶμνα
2878 3187 3128 3241 καλεῖται·
3152 3204 3225 3257 πρ
3239 3186 3301 3247 δς
3333 3184 3409 3238 ἕω
3436 3182 3503 3237 δὲ
3522 3184 3635 3256 μάλ
3650 3185 3791 3239 ι’στα
3811 3184 3913 3239 Χα-

2348 3268 2653 3339 τραμιιτῗται
2669 3306 2687 3333 ,
2742 3264 2888 3319 πόλιν
2942 3265 2986 3317 δ’
3036 3263 3231 3336 ἔχουσιν
3279 3261 3529 3318 Σάὸαταν.
3574 3262 3914 3334 Tantumque

2346 3344 2493 3400 abest
2514 3353 2576 3398 ιιι
2599 3342 2972 3399 Eratosthenes
2994 3340 3397 3397 Chatramotitas
3419 3342 3630 3395 Persico
3652 3341 3791 3394 sinui
3819 3358 3910 3413 ap·

2344 3432 2509 3495 ponat
2526 3460 2544 3489 ,
2570 3432 2632 3476 ut
2654 3420 2934 3477 Gerrhaeos
2958 3419 3072 3491 ejus
3092 3420 3291 3475 accolas
3320 3424 3390 3483 [ιο
3412 3418 3621 3473 dierum
3648 3420 3836 3474 itinere
3854 3422 3913 3475 in

2346 3500 2755 3556 Chatramotitin
2785 3508 2980 3554 terram
3006 3498 3325 3553 contendere
3347 3496 3514 3554 dicat.
3559 3497 3802 3552 Verbum
3835 3497 3915 3552 ἐν·

2346 3578 2489 3645 ναίει,
2515 3594 2683 3650 quum
2711 3576 2889 3649 paullo
2904 3576 3154 3631 audacius
3170 3575 3239 3630 de
3274 3578 3491 3649 regione
3516 3587 3806 3649 usurpetur
3824 3579 3913 3645 (ιιι

2344 3675 2427 3731 ap.
2451 3659 2744 3713 Homerum
2758 3655 2820 3711 11.
2842 3672 2897 3723 2,
2922 3660 3027 3711 626
3052 3676 3067 3713 :
3090 3654 3252 3723 νήσων
3271 3656 3328 3711 αἲ
3348 3656 3535 3711 ναίουσι
3554 3657 3703 3729 πέρην
3718 3656 3909 3727 ἁλός),

2343 3756 2497 3794 causa
2538 3736 2697 3792 fuisse
2722 3734 2933 3791 videtur
2970 3754 3069 3791 cur
3104 3736 3344 3791 nonnulli
3380 3735 3531 3791 aliter
3556 3735 3703 3790 bunc
3733 3735 3911 3790 locum

2342 3816 2690 3883 adornarent,
2731 3818 2803 3871 ita
2827 3826 2888 3870 ut
2918 3816 3205 3871 scriberent
3220 3816 3469 3889 Χατραμὶς
3491 3814 3579 3883 ἠδὲ
3606 3816 3776 3869 Μάκαι
3798 3832 3815 3873 :
3848 3816 3907 3869 id

2343 3899 2521 3965 enim,
2562 3906 2625 3951 ut
2664 3896 2946 3951 Salmasius
2984 3897 3221 3961 monuit,
3270 3895 3534 3967 colligitur
3576 3914 3608 3949 e
3652 3896 3911 3949 Prisciani

2344 3978 2583 4031 versione
2610 3978 2755 4032 885:
2786 3974 3055 4030 chmatasii
3066 3987 3194 4050 post
3229 3974 3323 4030 hos
3357 3986 3515 4049 atque
3537 3980 3768 4044 Agrea,-
3792 3973 3913 4028 inde

2338 4056 2667 4131 propinquat
2695 4052 3023 4119 Clean-amis,
3052 4066 3209 4127 atque
3238 4057 3411 4111 Μαι-ω
3431 4065 3616 4108 contra
3636 4065 3765 4107 sunt
3787 4058 3913 4109 Per·

2342 4136 2481 4191 sidis
2501 4154 2694 4209 oequor.
2732 4131 2981 4189 Similiter
3002 4135 3275 4189 Avienus:
3296 4145 3349 4188 et
3366 4133 3484 4188 inde
3513 4133 3811 4189 Chatmmis
3832 4146 3914 4189 ese

2346 4216 2537 4280 nllus,-
2573 4217 2744 4270 Macoe
2768 4211 2952 4267 vicina
2971 4214 3174 4283 fluento
3218 4211 3458 4267 Persidis
3484 4213 3759 4269 accedunt.
3805 4215 3913 4268 Pro

2345 4290 2455 4362 αἴης
2478 4292 2602 4348 fort.
2633 4290 2735 4365 leg.
2764 4310 2875 4346 oese
2902 4290 3095 4363 ἅλμης,
3112 4308 3143 4345 e
3163 4290 3361 4346 collatis
3375 4291 3629 4345 Prisciani
3652 4300 3705 4344 et
3723 4293 3911 4345 Avieni

2348 4371 2678 4428 versionibus
2707 4369 2853 4426 haud
2880 4369 3295 4443 improbabiliter
3318 4368 3545 4442 conjecit
3584 4369 3909 4427 Ηοίειειιίιιε.

2346 4482 2420 4495 -
2447 4474 2472 4505 ι
2504 4451 2678 4524 Agrai
2700 4447 2863 4505 iidem
2892 4467 3004 4505 esse
3026 4448 3269 4504 videntur
3291 4450 3385 4523 qui
3412 4448 3647 4519 Agamni
3668 4467 3767 4505 seu
3786 4454 3905 4507 Ha-

2344 4532 2530 4605 gno-eni
2552 4534 2608 4587 in
2630 4533 2790 4587 Sacro
2819 4528 3003 4586 codice
3030 4530 3390 4585 nominantur.
3423 4554 3446 4576 τι
3479 4528 3713 4584 Brutus
3730 4568 3746 4597 ,
3775 4547 3909 4602 prae·

2348 4622 2508 4668 eunte
2524 4610 2789 4667 Bocharto
2810 4608 2867 4662 in
2884 4610 3079 4679 Geogr.
3104 4624 3248 4661 sacra
3267 4624 3324 4681 p.
3362 4606 3485 4671 225,
3519 4606 3605 4676 57.
3633 4608 3655 4678 ΙΙ
3680 4636 3755 4648 -
3780 4606 3906 4678 959.

2349 4690 2557 4745 Μιναῖοι
2574 4708 2609 4763 q
2620 4712 2643 4754 ,-
2682 4686 2870 4741 Σάὸὅαι
2892 4685 2954 4751 d,-
2991 4705 3044 4741 τε
3069 4696 3190 4741 ante
3210 4685 3367 4739 Σάὸαι
3388 4704 3498 4741 οιιι.
3535 4689 3621 4751 D,··
3650 4682 3911 4759 ἇγχείγυοσ.

2348 4788 2394 4832 e,
2420 4768 2686 4841 ἂγχίγυροι
2700 4769 2819 4831 cm
2840 4764 3302 4835 ΚιλταὸηνοίΕᾰο,·
3328 4764 3707 4828 ΚλεταὸινοίΚ,·
3724 4765 3913 4818 Karta·

2349 4849 2515 4912 ὅανεῖς
2534 4866 2622 4921 ap.
2655 4845 2898 4903 strabon.
2930 4846 2967 4901 l.
3002 4845 3062 4911 l.;
3098 4844 3355 4900 Caeubani
3392 4844 3531 4900 Plin.
3568 4850 3621 4909 6,
3674 4846 3762 4911 32,
3810 4846 3907 4900 ι53

2351 4930 2477 5003 (qui
2508 4928 2669 4983 etiam
2716 4926 3004 4981 Catabana
3029 4924 3187 4980 habet
3212 4926 3267 4979 in
3300 4924 3489 4980 Arabia
3514 4924 3710 4991 sterili,
3739 4924 3791 4995 5,
3823 4941 3907 4990 ι2,

2354 5014 2384 5080 S
2411 5010 2478 5065 65
2502 5010 2545 5083 ),
2573 5006 2878 5063 Κοτταὸανοί
2919 5006 3001 5061 vel
3026 5005 3303 5061 Κοταὸανοί
3334 5004 3495 5061 codd.
3528 5005 3792 5061 Ptolemaei
3820 5024 3909 5077 ap.

2352 5088 2520 5147 Wilb.
2552 5092 2606 5153 6,
2635 5103 2667 5153 7
2694 5104 2750 5160 p.
2782 5088 2903 5156 407,
2947 5102 3044 5152 ιιι
3080 5083 3113 5152 ἡ
3139 5084 3419 5139 Κατιὸἀννα
3451 5084 3805 5157 Theophrast.
3833 5086 3905 5139 H.

2351 5167 2431 5222 Pl.
2458 5187 2511 5237 9,
2558 5169 2613 5232 4,
2644 5182 2681 5219 2
2706 5166 2723 5239 (
2745 5163 2826 5220 Cf.
2853 5166 3021 5219 nitten-
3069 5180 3153 5230 12,
3196 5182 3250 5236 p.
3302 5164 3461 5234 360).
3501 5161 3665 5232 Quod
3707 5164 3909 5235 Diony·

2352 5245 2459 5299 sius
2483 5246 2679 5317 reperit
2720 5242 2956 5311 Κλετα6.,
3003 5254 3180 5298 ortum
3200 5254 3281 5298 est
3316 5260 3383 5297 ex
3407 5242 3542 5297 male
3564 5242 3708 5297 lectis
3743 5243 3907 5297 literis

2354 5324 2612 5395 ΚΑΤΤΑβ.
2650 5326 2671 5396 [1
2723 5354 2797 5366 --
2822 5328 2947 5394 960.
3002 5321 3193 5396 Ἀρρα6.
3244 5322 3385 5377 libri.
3444 5324 3466 5395 ΙΙ
3503 5352 3569 5364 -
3616 5327 3741 5393 962.
3784 5324 3904 5394 τῆς]

2350 5404 2456 5468 refe
2481 5402 2603 5460 eod.
2630 5420 2689 5470 03
2722 5400 2811 5469 τὴν
2836 5406 2904 5469 F,-
2929 5401 3235 5475 ἅντιπεραίαν
3260 5406 3347 5457 GE
3351 5408 3421 5476 Q,
3459 5402 3673 5473 ἀντίπερ’
3705 5400 3822 5455 αἶαν
3850 5419 3905 5473 q,

3634 5498 3699 5542 Η.
3818 5508 3826 5513 ·
