4584 6284
638 488 824 562 xxxvj
1933 483 2509 549 PROLEGOMENA

797 607 1154 671 adservatus
1170 654 1186 683 ‚
1212 605 1293 670 de
1311 625 1436 690 quo
1461 627 1518 670 v.
1541 606 1889 670 crantzium
1914 606 1978 669 in
1998 606 2181 670 Catal.
2229 609 2240 746 Ι
2436 609 2771 693 scripturas
2794 613 3153 678 Twaitesiiis
3180 615 3421 697 primus
3462 619 3766 698 evulgavit
3804 639 3819 684 2

793 692 980 756 codd.
1003 693 1310 775 Rhedigg.
1334 713 1452 757 ms.
1473 714 1537 777 p.
1566 698 1682 758 173
1707 701 1768 758 et
1786 696 1882 758 Jo.
1904 695 2182 776 Theoph.
2231 763 2236 775 ,
2275 701 2375 760 47.
2420 700 2787 781 Bodlejaiiiis
2807 705 2837 765 1
2869 701 3067 784 (nobis
3091 707 3174 784 q),
3212 705 3625 770 Baroccianus
3646 710 3717 769 N.
3746 711 3824 772 78

790 781 1000 844 Buhlii
1043 781 1220 862 praet'.
1272 780 1351 844 ad
1395 781 1563 843 Arat.
1593 787 1638 843 t.
1684 786 1742 856 1,
1778 800 1841 863 p.
1883 786 1979 844 11.
2011 783 2187 844 Hunc
2230 789 2238 915 Ι
2435 787 2793 870 Dionysium
2821 790 3163 854 continens.

791 887 989 932 unum
1015 869 1149 951 ipse
1168 867 1428 932 contuli.
1452 867 1746 931 Plurimis
1773 868 1837 930 in
1861 867 2015 932 locis
2045 887 2189 932 con·
2231 925 2237 954 ,
2275 875 2377 936 48.
2423 873 2833 952 Bodlejam2
2851 876 3049 959 (nobis
3066 877 3293 961 li),NE.
3316 881 3391 943 Ν.
3411 884 3593 960 2,16,
3615 882 3677 945 in
3696 903 3822 966 quo

795 955 991 1036 spirat
1061 974 1207 1019 cum
1279 955 1913 1032 Schellershemiano,
1987 973 2185 1036 neque
2230 957 2236 1034 Ι
2436 961 2784 1044 Dionysius.

791 1051 1157 1108 tamenraro
1172 1041 1462 1107 dissentit
1477 1062 1728 1127 quoque
1743 1052 1803 1108 et
1818 1045 2186 1126 plerumque
2229 1045 2237 1098 Ι
2274 1052 2375 1112 49.
2422 1050 2784 1129 Bodlejaiius
2814 1055 2853 1115 3
2885 1051 3085 1132 (nobis
3108 1057 3177 1133 i),
3212 1057 3565 1121 Landianus
3607 1061 3680 1121 N.
3720 1063 3817 1137 31,

797 1131 863 1195 in
893 1133 1141 1197 melius.
1169 1153 1201 1191 i>
1233 1134 1565 1196 PAssova.
2436 1135 2499 1197 in
2534 1155 2661 1220 quo
2688 1135 3010 1220 Dionysius
3036 1159 3181 1204 cum
3212 1143 3619 1222 glossematis.

636 1224 732 1284 42.
781 1221 1208 1283 anckianus
1259 1219 1458 1304 (nobis
1525 1239 1596 1297 a,
1651 1221 2044 1302 Bernhardyo
2092 1222 2180 1301 b),
2276 1229 2375 1289 50.
2425 1227 3660 1312 Bodlejanus4(nobislc),BaroccianusN.
3682 1239 3820 1314 147,

795 1307 1238 1390 bombycinus,
1291 1327 1476 1392 quem
1552 1309 1861 1374 Brunckio
1921 1309 2188 1373 Larcher
2357 1331 2373 1348 ·
2437 1313 2502 1376 in
2546 1333 2673 1399 quo
2711 1315 3037 1398 Dionysius
3087 1336 3233 1382 cum
3274 1322 3497 1402 glossis
3538 1331 3601 1386 et
3649 1342 3827 1404 para-

801 1395 968 1460 dono
998 1395 1275 1460 dederat.
2435 1401 2667 1484 phrasi.

639 1488 735 1548 43.
779 1484 1394 1550 Schellerskemianus
1417 1485 1618 1568 (nobis
1646 1487 1728 1568 q),
1785 1508 1816 1547 α
1838 1487 2016 1567 cuius
2047 1505 2183 1568 pos·
2275 1493 2373 1553 51.
2423 1491 2937 1570 Cantabriqiemis
2997 1493 3200 1576 (nobis
3244 1495 3313 1576 1),
3358 1497 3719 1578 Dionysium
3764 1506 3824 1563 et

799 1572 993 1636 sessio
1049 1573 1318 1656 pertinet
1360 1576 1426 1637 L.
1474 1577 1546 1637 Β.
1591 1592 1629 1638 a
1672 1573 2215 1653 Schellersheim‚'
2432 1578 2818 1643 Eustathium
2842 1581 3185 1646 continens·

795 1661 1110 1742 Eisbergae
1140 1661 1527 1746 aliorumque
1556 1661 1622 1726 in
1655 1662 2038 1745 westphalia
2081 1683 2187 1744 pa·
2275 1670 2373 1728 52.
2420 1667 2757 1730 Etoniensts
2787 1666 2988 1751 (nobis
3038 1670 3145 1750 m),
3174 1669 3325 1734 item
3362 1671 3725 1754 Dionysium
3762 1679 3825 1738 et

797 1767 1022 1828 gorum
1094 1747 1449 1824 dominum;
1525 1749 1966 1831 bombycinus,
2037 1769 2180 1814 saec.
2434 1754 2818 1817 Eustathium
2846 1755 3165 1820 exhibens

795 1838 948 1912 XIV,
988 1842 1061 1899 ut
1097 1835 1358 1914 videtur,
1388 1836 1726 1902 Hesiodum
1740 1883 1757 1913 ‚
1789 1836 2184 1902 Theocritum
2433 1843 2773 1924 sequentes
2806 1846 3031 1907 codices
3056 1853 3282 1926 septem
3320 1849 3825 1914 Vaticano-Pala-

795 1930 858 1986 et
880 1924 1239 2007 Dionysium
1263 1931 1478 1988 tenens
1501 1943 1647 1990 cum
1680 1925 2012 1990 levioribus
2048 1927 2187 2010 qui·
2434 1935 2589 1994 titios
2612 1929 2929 1995 Uhdenius
2952 1933 3219 2016 inspexit
3247 1954 3262 1996 ε

796 2013 1061 2077 busdam
1109 2013 1356 2078 libellis.
1389 2013 1791 2078 collationem
1818 2032 1857 2077 a
1899 2014 2184 2080 Weri'ero
2223 2013 2232 2101 ξ
2272 2020 2371 2081 53.
2426 2018 3056 2085 Vaticano-Palatinus
3077 2023 3150 2084 N.
3178 2025 3257 2086 96
3302 2009 3509 2104 (nobis
3548 2032 3603 2097 t,
3632 2027 3823 2089 Bern-

794 2103 876 2167 ad
905 2102 1056 2167 edit.
1087 2103 1520 2186 Haverkampii
1559 2104 1912 2168 confectum
1945 2105 2186 2187 accepit
2225 2124 2232 2162 =
2430 2104 2669 2188 hardyo
2708 2105 2795 2190 d).
2827 2107 3153 2190 Dionysius
3198 2126 3346 2172 cum
3388 2109 3662 2173 scholiis,
3718 2115 3823 2178 Se·

793 2192 1090 2258 Matthiae.
1119 2215 1149 2253 i>
1188 2197 1416 2257 Elim.
2433 2200 2707 2279 quuntur
2734 2195 2997 2278 Oppiani
3018 2197 3381 2260 Halieutica.

631 2285 732 2344 44.
778 2283 1386 2346 Sommanmanm
1441 2279 1642 2362 (nobis
1673 2279 1742 2358 s,
1787 2280 2182 2362 Bernhardyo
2269 2285 2371 2346 54.
2426 2281 2561 2345 Vae.
2581 2283 2721 2345 Pal.
2747 2283 2821 2346 N.
2852 2286 2967 2348 102
2999 2282 3201 2365 (nobis
3225 2303 3290 2360 ia,
3314 2285 3715 2366 Bernhardyo
3737 2289 3816 2369 e),

795 2370 879 2449 S).
922 2392 954 2429 α
981 2369 1301 2451 Optimum
1324 2367 1635 2447 codicem,
1662 2367 1770 2432 sed
1804 2369 2182 2450 negligenter
2429 2370 2697 2434 recentis
2726 2369 2942 2435 aetatis.
2976 2373 3191 2434 Insunt
3218 2391 3235 2434 ε
3264 2373 3529 2436 Hermes
3552 2375 3824 2440 Trisme-

793 2455 1143 2538 inspectum
1161 2503 1180 2537 ,
1209 2457 1317 2541 qui
1346 2455 1605 2540 protulit
1629 2455 2176 2538 Schoenemannus,

787 2542 890 2607 his
932 2544 1136 2608 verbis
1179 2562 1323 2607 eum
1369 2541 1736 2624 significavit
1778 2562 1793 2605 :
1836 2565 1865 2601 «
1903 2543 2177 2626 Dionysii

788 2632 1126 2713 periegesis
1155 2649 1300 2696 euin
1328 2649 1445 2694 ms.
1475 2630 1691 2696 codice
1713 2630 1935 2694 collata
1960 2630 2039 2694 ad
2071 2630 2172 2695 ed.

2426 2457 2625 2538 gistus
2651 2458 2772 2541 περὶ
2803 2463 3054 2538 σεισμῶν,
3081 2459 3420 2539 Theognis,
3454 2461 3817 2545 Dionysius,

2426 2547 2842 2610 Damascenus
2865 2545 2945 2608 de
2967 2546 3350 2609 Pharmacis.

2265 2637 2365 2698 55.
2425 2636 2729 2698 Vah-Pal.
2754 2635 2827 2698 N.
2853 2637 2968 2698 139
2988 2633 3189 2712 (nobis
3206 2653 3287 2710 w,
3305 2634 3707 2720 Bernhardyo
3728 2639 3816 2720 Ii),

785 2719 980 2783 Lond.
1016 2722 1190 2785 1688.
1218 2741 1249 2780 r
1283 2721 1514 2782 Biimm.
2425 2720 2649 2800 chart„
2694 2741 2841 2786 saec.
2884 2725 3037 2802 XIV,
3084 2731 3159 2786 ut
3214 2721 3477 2787 videtur.
3536 2725 3755 2787 Insunt
3799 2747 3817 2790 ε

622 2811 722 2872 45.
769 2811 1132 2889 Mosquensa's
1179 2809 1250 2872 N.
1299 2811 1377 2871 30
1422 2805 1624 2890 (nobis
1675 2805 1762 2889 ii),
1813 2805 1892 2869 de
1931 2825 2058 2889 quo
2091 2807 2178 2872 ita
2424 2808 2657 2892 Orphei
2678 2813 2743 2873 et
2758 2809 2965 2872 Procli
2984 2811 3223 2891 hymni,
3249 2811 3513 2873 Carmen
3534 2829 3814 2890 aureum,

781 2897 923 2960 Chr.
953 2899 1055 2960 Fr.
1088 2896 1434 2962 Matthiaeus
1469 2895 1536 2958 iii
1555 2894 1776 2958 libello
1805 2894 2176 2960 scholastico
2424 2895 2654 2979 Orphei
2677 2895 3114 2976 Argonautica,
3142 2894 3473 2976 Nicander,
3490 2896 3821 2978 Sophoclis

779 3005 880 3049 aii.
928 2989 1085 3050 1788
1123 2985 1377 3050 Dresdae
1417 2985 1726 3066 impresso
1757 3004 1771 3047 ε
1811 2987 2035 3048 «Inter
2073 3005 2177 3050 co·
2423 2985 2610 3065 Aiax,
2638 2983 2913 3059 Electra,
2938 2981 3089 3046 OEd.
3121 2983 3270 3059 Rex,
3302 2983 3646 3064 Theognis,
3674 2984 3821 3049 Dio-

779 3074 954 3138 dices
1001 3075 1268 3156 scriptos
1313 3072 1712 3137 bibliothecae
1754 3073 2170 3154 Mosquensis,
2426 3071 2669 3154 nysius,
2697 3070 2974 3153 AEschyli
3004 3069 3231 3134 fabulae
3273 3075 3431 3148 tres,
3464 3073 3813 3155 Lycophro.

783 3180 927 3247 quie
954 3161 1018 3225 in
1043 3161 1468 3244 typographeo
1499 3159 1718 3242 synodi
1748 3167 2044 3238 servatur,
2087 3169 2180 3226 est
2427 3161 2517 3222 De
2557 3159 2681 3221 hoe
2726 3157 2943 3221 codice
2972 3176 3009 3221 a
3044 3157 3475 3238 compluribus
3518 3160 3819 3225 mendose

783 3251 852 3314 in
873 3249 1095 3331 maiori
1114 3252 1314 3314 forma
1328 3297 1345 3326 ‚
1371 3251 1436 3313 in
1458 3249 1612 3313 folio
1632 3249 1816 3330 vulgo
1839 3249 2174 3333 appellant,
2428 3246 2661 3327 scripto
2682 3266 2739 3309 v.
2760 3246 3001 3309 Mulier.
3023 3245 3089 3308 in
3110 3246 3287 3326 praef.
3306 3246 3384 3309 ad
3402 3246 3600 3312 schol.
3629 3250 3819 3329 Lyco·

781 3337 1136 3402 tricesimus
1152 3383 1171 3418 ‚
1200 3339 1310 3421 qui
1341 3343 1569 3419 praeter
1596 3337 2028 3401 collectionem
2074 3356 2178 3401 ca·
2427 3333 2649 3414 phron.
2682 3352 2744 3414 p.
2770 3333 3076 3395 LXXXIII.

783 3442 1026 3488 nonum
1052 3442 1198 3488 cum
1235 3423 1746 3506 interpretatione
1769 3423 2025 3488 Joannis
2059 3426 2176 3488 Zo-
2218 3401 2226 3464 Ι
2265 3429 2363 3490 56.
2417 3425 2792 3488 Vah-Pala&
2812 3423 2885 3486 N.
2911 3425 2991 3486 40
3010 3422 3214 3502 (nobis
3227 3443 3298 3501 ω,
3316 3425 3718 3508 Bernhardyo
3741 3427 3810 3508 i),

783 3531 954 3577 narae
973 3517 1038 3576 et
1061 3513 1182 3576 alia
1203 3511 1552 3593 argumenti
1565 3511 1922 3594 theologici,
1937 3511 2175 3592 insigne
2424 3509 2492 3572 in
2545 3515 2653 3573 4⁰.
2690 3508 3013 3592 Sophoclis
3086 3510 3185 3591 Αῇ.
3233 3511 3459 3574 Electr.
3515 3511 3665 3576 OEd.
3712 3515 3785 3578 R.

783 3601 973 3668 etiam
1033 3601 1306 3684 Dionysii
1375 3601 1707 3684 periegetae
1763 3602 2174 3683 fragmentum
2422 3596 2673 3662 Pindari
2698 3598 2937 3681 Olymp.
2970 3603 3035 3662 et
3061 3597 3265 3681 Pyth.,
3297 3599 3627 3682 Dionysius
3670 3620 3815 3666 cum

721 3684 735 3692 ’
785 3709 932 3754 cum
1007 3690 1264 3754 scholiis
1331 3688 1786 3773 complectitur.
1851 3689 2175 3773 Reperitur
2215 3736 2224 3830 Ι
2422 3687 2637 3770 gloss.;
2655 3688 2974 3788 Lycophro
2988 3705 3135 3752 cum
3158 3694 3524 3765 comment.‚
3552 3691 3814 3773 Oppiani

786 3785 994 3843 autem
1022 3778 1142 3842 hoc
1173 3779 1585 3860 fragmentum
1613 3777 1919 3861 principio
1943 3779 2176 3843 codicis
2215 3831 2224 3888 Ι
2422 3773 2587 3850 Hal„
2620 3775 2790 3837 Arati
2826 3775 3067 3851 Pham„
3090 3775 3328 3839 Boeotia
3353 3783 3416 3840 et
3454 3793 3651 3856 genus
3686 3781 3816 3842 Ho-

783 3867 850 3930 in
896 3871 1188 3950 quattuor
1230 3867 1398 3930 foliis
1439 3866 1931 3932 membranaceis
2002 3886 2040 3932 a
2080 3867 2176 3931 bi·
2216 3889 2223 3934 ι
2424 3861 2616 3940 meri,
2656 3861 2822 3937 Ilias3
2866 3861 3167 3942 Georgius
3204 3861 3656 3926 Choeroboscus
3694 3863 3814 3945 περὶ

784 3955 1078 4039 bliopega
1102 3955 1190 4018 ita
1225 3955 1388 4018 inter
1414 3954 1943 4036 compingendum
1979 3955 2178 4018 inver-
2421 3950 2630 4032 τρόπων
2656 3952 2937 4022 ποιητικῶν
2964 3947 3245 4011 mutilus.

784 4045 900 4121 sis,
933 4049 1004 4108 ut
1047 4041 1466 4108 evolventibus
1505 4042 1789 4106 codicem
1829 4047 2034 4125 partes
2081 4043 2178 4105 iii-
2263 4043 2363 4104 57.
2418 4039 2793 4100 Van-Palae.
2821 4037 2896 4099 N.
2924 4037 3040 4100 154
3066 4033 3270 4118 (nobis
3306 4055 3371 4113 z,
3414 4036 3812 4119 Bernhardyo

781 4133 1042 4196 seriores
1101 4131 1329 4194 horum
1377 4129 1673 4194 soliorum
1720 4130 1845 4194 sint
1889 4131 1955 4192 in
2002 4135 2174 4212 parte
2425 4127 2507 4204 o),
2554 4125 2620 4187 in
2661 4124 2764 4198 4⁰,
2798 4123 3192 4197 chartaceus,
3238 4122 3622 4202 EustathiuS,
3670 4125 3814 4188 Dio-

781 4218 1109 4303 superiori.
1165 4219 1372 4284 Codex
1423 4216 1703 4300 Dionysii
1765 4217 1948 4281 bonae
2010 4225 2174 4281 notae
2424 4212 2670 4296 nysius,
2695 4209 2935 4274 Libanii
2963 4208 3467 4274 declamationes.

779 4309 922 4386 fuit,
951 4307 1219 4390 scriptus
1247 4305 1381 4372 sine
1403 4306 1534 4372 ullo
1561 4307 1755 4372 dubio
1787 4305 2016 4372 saeculo
2043 4310 2169 4371 ΧΠ.
2263 4307 2363 4369 58.
2415 4301 2753 4365 Vnt-Palas
2783 4300 2857 4362 N.
2890 4301 3005 4400 319
3044 4297 3257 4400 ·(1·iobis
3289 4301 3347 4378 β,
3384 4297 3615 4362 Bernh.
3644 4299 3724 4381 r),
3751 4301 3811 4368 iii

779 4397 1055 4461 Pertinet
1079 4401 1286 4461 autem
1331 4398 1749 4477 fragmentum
1778 4413 1815 4458 a
1835 4413 2016 4458 versu
2055 4392 2196 4461 278·
2416 4393 2524 4454 ⁴⁰.
2555 4389 2787 4452 Praeter
2811 4385 3181 4471 quisquilias
3205 4383 3509 4488 quasdam
3537 4389 3815 4454 continet

783 4485 863 4549 ad
891 4489 1009 4551 350
1037 4493 1096 4550 et
1127 4503 1340 4549 rursus
1359 4503 1394 4547 a
1418 4503 1601 4548 versu
1624 4488 1744 4548 470
1774 4484 1852 4548 ad
1889 4487 2027 4547 524.
2053 4505 2086 4544 n
2419 4473 2851 4558 Aristophanis
2891 4475 3174 4550 Plutum,
3222 4471 3477 4536 Pindari
3538 4476 3805 4546 carmina

622 4577 723 4640 46.
774 4595 806 4634 α
829 4575 1119 4650 Simiou,
1136 4573 1288 4635 olim
1313 4571 1544 4636 Petavii
1558 4620 1575 4650 ,
1597 4571 1824 4635 deinde
1843 4570 2174 4640 translatus
2419 4561 3316 4644 nonnulla‚AEschyliProm.et
3326 4563 3497 4644 Sept.
3516 4580 3571 4626 c.
3587 4563 3796 4642 Theb,

785 4661 852 4724 in
883 4661 1331 4725 bibliothecam
1374 4660 1717 4736 suecieam,
1749 4659 1928 4740 cujus
1954 4659 2173 4725 lectio·
2418 4651 2737 4737 Euripidis
2772 4650 3092 4714 Hecubam
3132 4656 3197 4713 et
3234 4650 3466 4714 Orestis
3504 4653 3805 4733 fragmen-

791 4769 938 4814 nem
985 4749 1324 4814 Bochartus
1369 4747 1660 4825 enotavit,
1689 4766 1726 4811 a
1751 4747 2060 4812 Palmerio
2107 4749 2172 4810 in
2421 4748 2589 4820 tum,
2645 4739 2973 4823 Sophoclis
3051 4737 3323 4816 fabulas,
3406 4738 3773 4820 Dionysium

784 4839 1131 4921 marginem
1179 4836 1278 4900 ed.
1325 4838 1400 4899 H.
1449 4835 1744 4919 Stephani
1786 4835 2164 4917 conjectam,
2422 4827 2659 4895 scholia
2687 4829 2751 4892 in
2778 4828 3081 4908 Theogn.,
3120 4825 3393 4904 Lithica,
3444 4826 3789 4898 Coluthum‚

782 4927 952 4993 unde
1023 4929 1118 4991 Jo.
1196 4923 1560 4989 Arntzenius
1639 4922 2171 4987 miscellaneorum
2422 4924 2541 4982 etc.

784 5034 922 5097 cap.
946 5019 1183 5078 20eam
1219 5011 1485 5094 repetiit.
1509 5013 1598 5075 De
1621 5029 1746 5093 quo
1770 5008 2170 5092 libr0,quem
2259 5014 2359 5075 59.
2412 5008 2791 5071 Vat.-Palat.
2839 5008 2912 5070 N.
2958 5009 3070 5070 331
3124 5003 3331 5086 (nobis
3371 5029 3424 5085 γ,
3463 5004 3692 5066 Bernh.
3740 5003 3797 5084 t).

781 5103 1063 5168 nondum
1090 5119 1389 5184 usurpare
1429 5100 1633 5178 licuit,
1657 5099 1978 5163 Koehlerus
2017 5099 2166 5163 scri·
2417 5099 2717 5178 Excerpta
2741 5093 3028 5178 quaedam
3054 5111 3090 5156 e
3112 5092 3403 5174 Dionysio
3431 5091 3728 5156 continet.

779 5193 926 5273 psit.
957 5211 991 5252 n
1034 5193 1100 5254 Β.
2345 5183 2642 5246 Vaticana!
2677 5180 2932 5243 Vecclii'ae
2974 5178 3102 5244 sive
3145 5178 3369 5242 veteris
3411 5177 3808 5242 bibliothecis

780 5282 1136 5364 Sequuntur
1154 5282 1496 5345 Britannici
1510 5279 1736 5344 codices
1753 5297 1884 5354 sex,
1899 5293 2164 5358 quorum
2257 5271 2510 5337 codices
2552 5270 2659 5354 qui
2686 5270 3046 5352 Dionysium
3075 5267 3389 5351 praebent,
3414 5266 3480 5330 hi
3512 5273 3655 5331 sunt
3681 5287 3698 5330 ε
