4584 6284
707 545 809 598 114

826 664 916 725 καὶ
935 666 1149 743 τέμενος
1176 664 1428 727 Λιὸυκοῗο
1451 670 1567 725 θεοῦ
1595 665 1825 749 ψαμάθῳ
1852 667 1954 728 ὑπὸ
1990 670 2160 744 πολλῇ
2178 712 2195 741 ,

827 752 1042 833 Κυρήνη
1070 754 1118 811 τ’
1149 752 1364 819 εὕιππος
1381 798 1399 832 ,
1431 752 1482 813 ’A
1493 752 1762 831 μυκλαίων
1787 753 1932 834 γένος
1961 755 2179 835 ἀνδρῶν·

825 840 933 923 ἄγχ
937 865 952 900 ι
981 842 1034 901 δὲ
1065 842 1414 923 Μαρμαρίδαι
1442 842 1836 923 προνενευκότες
1868 840 2157 921 Αἰγύπτοιο
2178 884 2195 915 ,

699 951 776 989 αιο
811 928 1088 991 Γαίτουλοί
1113 931 1162 990 τ’
1185 931 1440 1011 ἐφύπερθε
1461 928 1552 989 καὶ
1576 928 1814 1010 ἀγχίγυοι
1845 930 2121 1008 Νίγρητες.

821 1016 1025 1091 Ἑξείης
1055 1018 1099 1077 δ’
1129 1019 1216 1077 ἐπὶ
1247 1024 1384 1077 τοῖσι
1409 1017 1732 1098 Φαρούσιοι,
1767 1009 1839 1077 ὧν
1869 1018 1996 1099 ὑπὲρ
2023 1010 2145 1078 αἶαν

824 1104 1059 1166 ναίουσιν
1089 1108 1433 1186 Γαράμαντες
1461 1104 1732 1187 ἀπείριτοι·
1763 1108 1814 1166 ἐν
1840 1107 1896 1166 δὲ
1924 1113 2143 1187 μυχοῖσι

817 1193 1053 1273 βόσκοντ’
1084 1194 1320 1275 ἠπείροιο
1346 1191 1668 1253 πανύστατοι
1697 1196 2010 1266 Αίθιοπῆες,

814 1283 956 1361 αὐτῷ
975 1282 1056 1340 ἐπ’
1071 1282 1333 1362 Ὠκεανῷ,
1347 1281 1593 1358 πυμάτης
1612 1281 1758 1362 παρὰ
1778 1280 1983 1355 τὲμπεα
2013 1280 2235 1359 Κίρνης.

699 1388 778 1430 220
802 1372 928 1431 Τῶν
958 1370 1124 1451 πάρος
1152 1370 1406 1430 αῖθαλέων
1437 1368 1696 1447 Βλεμύων
1719 1368 1964 1452 ἀνέχουσι
1985 1372 2235 1450 κολῶναι,

818 1457 958 1519 ἔνθεν
981 1459 1250 1521 morit-eto
1282 1457 1598 1538 κατέρχεται
1623 1457 1790 1518 ὕδατα
1816 1458 2008 1519 Νείλου
2027 1504 2045 1537 ,

816 1546 870 1616 ὃς
899 1547 945 1606 δ’
972 1546 1116 1620 ἤτοι,
1150 1546 1413 1622 Λιὸὗηθεν
1442 1547 1529 1606 ἐπ’
1556 1546 1802 1619 ἄντολίην
1831 1545 1992 1615 πολὺς
2035 1544 2227 1626 ἕρπων,

819 1636 967 1713 Σῖρις
994 1636 1086 1693 ὑπ’
1111 1635 1376 1695 Αἰθιόπων
1402 1633 1762 1706 κικλήσκεται·
1791 1636 1840 1693 οἱ
1864 1633 1918 1693 δὲ
1949 1634 2156 1709 Συήνης

816 1721 1054 1781 ἐνναέται
1083 1722 1398 1803 στρεφθέντα
1429 1725 1547 1799 μετ’
1573 1722 1773 1801 οὔνομα
1797 1724 1986 1784 Νεῖλον
2010 1723 2204 1782 ίθεντο.

1437 1860 1764 1871 ---——-———

669 1941 754 1993 χρι
771 1926 858 1990 τῆς
874 1922 1209 1994 Καρχηδονίοις
1235 1940 1249 1976 2
1278 1941 1342 1976 ex
1371 1922 1564 1994 quibus
1593 1922 1846 1994 Asbystas
1867 1940 2030 1994 prope
2052 1924 2228 1993 Syrtin

669 2003 931 2057 minorem
947 2000 1204 2055 habitasse
1227 1998 1527 2072 conjiceres.
1557 2004 1628 2056 At
1653 2000 1792 2054 istud
1823 1998 2075 2064 ’Δσὸὗστας
2093 2003 2229 2056 Kra-

670 2098 846 2135 merus
889 2082 945 2135 in
989 2079 1296 2135 Strabonem
1347 2082 1540 2151 recepit
1585 2098 1650 2133 ex
1699 2080 1970 2153 Epitome;
2020 2078 2227 2136 codices

668 2154 936 2216 Strabonis
993 2159 1229 2233 praebent
1282 2157 1393 2213 εἶτα
1439 2158 1628 2221 Σίντας.
1679 2160 1865 2213 Nescio
1917 2176 2024 2231 quo
2074 2172 2228 2231 pacto

668 2256 818 2294 suam
861 2240 1152 2295 Kramerus
1205 2240 1584 2294 correctionem
1636 2237 1991 2292 commendari
2035 2237 2226 2293 dixerit

668 2318 732 2372 iis
762 2336 880 2391 quae
919 2316 987 2371 de
1031 2318 1376 2391 Asbystarum
1420 2317 1633 2373 sedibus
1675 2316 1816 2390 apud
1861 2328 2060 2373 ceteros
2099 2319 2227 2373 scri-

669 2406 845 2470 ptores
883 2398 1178 2454 tradantur.
1218 2399 1344 2452 Haec
1381 2399 1522 2451 enim
1550 2397 1623 2451 ita
1655 2408 1954 2470 comparata
1989 2407 2138 2465 sunt,
2169 2410 2228 2453 ut

675 2475 928 2541 Ἀσὸὖστας
965 2478 1141 2549 potius
1169 2477 1514 2549 Epitomatori
1537 2517 1553 2541 ,
1596 2476 1687 2548 qui
1723 2494 1816 2531 sua
1857 2477 2066 2531 inventa
2109 2494 2224 2547 pas-

665 2558 766 2611 sim
791 2558 847 2611 in
882 2556 1188 2612 Strabonem
1231 2554 1436 2621 intulit,
1475 2554 1654 2609 deberi
1685 2574 1942 2612 censeam.
1972 2556 2214 2609 Herodo-

665 2647 748 2691 tus
781 2654 843 2694 ea
873 2637 928 2690 in
951 2636 1188 2707 regione,
1221 2634 1310 2689 ubi
1335 2635 1504 2688 Sintes
1526 2634 1714 2689 Strabo
1745 2634 1929 2701 habet,
1953 2634 2222 2688 Gindanes

661 2725 936 2770 memorat.
981 2714 1220 2767 Eundem
1253 2711 1504 2786 populum
1541 2712 1622 2767 his
1664 2713 1970 2769 nominihus
1997 2713 2220 2769 indioeri

659 2796 911 2868 suspicor.
943 2792 1183 2846 Πισινὸῶν
1215 2790 1368 2864 λιμήν
1406 2793 1458 2845 in
1487 2790 1673 2847 eodem
1698 2803 1866 2847 tractu
1901 2805 2222 2849 memoratur

655 2872 794 2946 apud
809 2872 1143 2927 Ptolemaeum
1165 2874 1218 2935 4,
1243 2872 1294 2936 3,
1328 2886 1408 2925 ια.
1431 2872 1678 2924 Ceterum
1707 2871 2052 2942 Asbystarum
2079 2890 2221 2927 men·

656 2953 730 3006 tio
766 2950 824 3006 fit
850 2952 1007 3006 etiam
1027 2968 1112 3023 ap.
1142 2948 1408 3021 Lycophr.
1434 2948 1582 3004 Alex.
1608 2952 1733 3014 848,
1763 2948 1832 3003 ad
1859 2968 2014 3023 quem
2039 2950 2212 3005 locum

648 3036 857 3090 Tzetzes
897 3044 1138 3088 nostrum
1161 3033 1400 3104 Dionysii
1445 3050 1652 3087 versum
1677 3034 1888 3089 excitat.
1924 3032 2215 3089 Τελέθουοιν

654 3114 811 3179 ί(,..σι
837 3123 983 3177 cett.,
1010 3123 1068 3166 ut
1101 3111 1326 3167 videtur.
1366 3113 1387 3183 ΙΙ
1418 3142 1493 3154 -
1517 3128 1640 3167 212.
1670 3112 1898 3166 Λιὸυκοΐο
1923 3113 2069 3185 θεοῦ]
2095 3114 2133 3175 i,
2163 3133 2213 3169 e.

649 3199 944 3253 Ammonis.
967 3196 1049 3252 Cf.
1068 3198 1294 3250 Nonnus
1309 3196 1526 3268 Dionys.
1555 3197 1638 3260 13,
1663 3196 1767 3265 370
1787 3196 2090 3265 (ναίοντες...
2107 3198 2219 3262 Διὸς

655 3273 916 3330 ’Affinis-reto
945 3275 1365 3347 μεσημθρίζοντας
1391 3274 1648 3340 ἐναύλους,
1683 3274 1982 3346 μαντιπόλου
2021 3278 2216 3348 κερόεν-

648 3356 761 3425 τος)
778 3376 793 3424 3
815 3356 1020 3408 Morem
1048 3353 1278 3408 Pleoeniz.
1307 3364 1344 3407 t.
1378 3370 1430 3418 a,
1461 3370 1516 3425 p.
1541 3354 1646 3407 382
1667 3371 1747 3424 sq.
1787 3356 1808 3425 ΙΙ
1831 3383 1904 3396 -
1930 3356 2052 3410 213.
2083 3354 2214 3411 εὔιπ-

649 3434 766 3505 πος]
807 3458 830 3479 ·
871 3430 1100 3503 εὔπυργος
1129 3449 1238 3486 var.
1272 3430 1390 3485 lect.
1437 3433 1626 3485 Morcl.
1657 3450 1720 3485 ac
1747 3431 1884 3486 Rob.
1922 3443 1975 3487 et
2001 3434 2070 3487 Η.
2101 3434 2214 3488 Ste-

647 3512 804 3585 phani
824 3552 838 3576 ,
859 3530 922 3565 ex
948 3509 1224 3563 Eustathio
1243 3509 1459 3564 fortasse
1474 3509 1870 3583 depromptum,
1894 3510 2038 3584 quod
2057 3513 2214 3567 etiam

649 3608 710 3643 ex
738 3591 940 3645 Avieno
967 3590 1068 3659 319
1111 3588 1346 3660 exsculpi
1375 3598 1550 3660 queat.
1592 3613 1614 3635 ι
1651 3591 1862 3645 Bau-u.
1891 3590 2064 3661 γένος]
2106 3591 2215 3655 ἕδος

649 3672 978 3732 ΑΒΗΚΜιιζ
1001 3680 1053 3723 et
1079 3686 1263 3741 margo
1293 3671 1361 3732 Y,-
1387 3669 1532 3723 πέδον
1573 3673 1625 3725 E
1629 3672 1767 3734 Km‚·
1789 3668 1874 3723 καὶ
1913 3668 2216 3743 Ἀμυκλαίων

645 3752 788 3805 πέδον
822 3749 891 3813 εί,-
914 3748 997 3802 καὶ
1030 3746 1301 3821 Ἀμυκλέων
1336 3749 1480 3803 πέδον
1510 3749 1564 3804 b.
1601 3750 1622 3821 ΙΙ
1657 3780 1729 3791 -
1756 3753 1878 3813 214.
1906 3748 2216 3823 Μαρμαρίδες

648 3835 717 3886 D.
753 3832 876 3885 Post
918 3828 1062 3881 hunc
1101 3844 1316 3881 versum
1363 3829 1542 3901 XUnp
1575 3837 1628 3881 et
1665 3845 1846 3899 margo
1894 3832 1938 3884 Υ
1967 3830 2219 3883 exhibent

646 3906 772 3961 alios
794 3916 1042 3979 quattuor
1063 3905 1224 3961 hosce
1253 3924 1266 3962 :

785 4023 954 4077 Κεῖθεν
978 4024 1022 4075 δ’
1047 4021 1094 4085 ἔς
1119 4021 1306 4094 δυσμὰς
1335 4023 1512 4090 Διθῦης
1538 4022 1618 4076 ὅθι
1645 4022 1868 4093 φαίνεται
1888 4021 2019 4093 ἀρχή

785 4102 1014 4174 Μάνδρον
1039 4101 1311 4175 ἔρήρεισται
1327 4141 1343 4168 ,
1365 4101 1589 4164 Σάλαθός
1615 4120 1667 4155 τε
1689 4100 1803 4173 ῥόον
1832 4102 1990 4173 ταχὺν
2020 4102 2174 4168 ἕλκει,

773 4182 903 4238 -ἔνθα
928 4180 1206 4254 Νιγρίτιδος
1237 4180 1430 4254 ἀγλαὸν
1459 4180 1590 4253 ὕδωρ
1615 4180 1791 4255 Νίγειρ
1817 4182 1861 4237 τ’
1897 4182 2040 4247 αὗτός

785 4262 1048 4328 πέπταται,
1079 4260 1233 4315 ὁλκὸν
1265 4262 1434 4334 μυρίον
1467 4260 1775 4317 Αἰθιόπεσσιν
1805 4261 2038 4320 ἑλίσσων.-

656 4409 678 4429 ι
706 4379 854 4437 Istud
876 4393 1234 4438 commentum
1258 4382 1476 4437 damnat
1498 4384 1768 4438 sententias
1789 4386 1923 4438 ratio
1949 4382 2017 4439 de
2045 4384 2213 4441 Ptole·

655 4481 785 4517 maeo
809 4464 969 4536 petita
993 4462 1384 4535 verborumque
1418 4472 1572 4517 tenor
1606 4472 1766 4535 atque
1793 4462 2082 4519 elumbium
2117 4484 2215 4520 nu·

652 4548 855 4595 merum
877 4541 1153 4613 imperitia.
1179 4568 1200 4588 ι
1232 4543 1590 4597 Bsuuaanr.
1631 4544 1653 4612 ΙΙ
1689 4571 1764 4583 ——
1789 4542 1913 4597 215.
1953 4542 2211 4598 Γαίτουλοι

659 4624 804 4678 CTG
810 4624 856 4687 Q
871 4640 890 4683 ,-
917 4621 990 4692 τ’]
1016 4621 1060 4673 δ’
1101 4620 1306 4696 deoq,
1333 4620 1478 4693 quod
1510 4640 1576 4676 ex
1607 4621 1870 4676 inferioris
1899 4634 2039 4679 notae
2065 4623 2210 4679 libris

651 4700 847 4773 recepit
867 4700 1252 4773 Bernhardyus.
1293 4701 1410 4755 Sive
1448 4720 1502 4755 τε
1537 4702 1646 4755 sive
1689 4700 1742 4755 δὲ
1766 4701 1976 4773 legeris,
2019 4721 2209 4776 parum

649 4780 922 4854 perspicue
959 4790 1112 4852 poeta
1145 4799 1258 4835 rem
1283 4798 1433 4835 suam
1458 4782 1698 4835 tractavit
1712 4822 1728 4845 ,
1759 4797 1925 4853 quum
1955 4782 2112 4836 verba
2138 4784 2210 4837 ita

649 4858 878 4914 habeant
899 4868 960 4913 ut
993 4877 1150 4932 supra
1177 4859 1518 4915 Marmaridas
1549 4858 1738 4932 degere
1773 4861 1960 4915 Gaetuli
2003 4862 2212 4916 videan-

648 4949 753 4993 tur.
783 4946 852 4994 At
868 4938 1158 5009 significare
1183 4940 1465 5013 Dionysius
1491 4939 1656 4995 voluit
1677 4957 1838 5014 supra
1865 4950 2060 5011 gentes,
2091 4959 2209 5014 quae

643 5033 676 5070 a
695 5017 1020 5071 Mauretania
1045 5016 1113 5072 ad
1148 5018 1430 5091 AEgyptum
1458 5036 1624 5091 usque
1651 5020 1782 5073 mari
1805 5021 2015 5073 interno
2035 5020 2209 5073 immi·

643 5103 801 5161 nent,
828 5095 955 5149 alios
973 5114 1083 5150 asse
1105 5098 1341 5168 gentium
1355 5096 1585 5164 ordines,
1605 5099 1836 5170 primum
1856 5098 2203 5162 Gaetulorum,

639 5172 916 5243 Nigretum
942 5185 994 5229 et
1020 5175 1394 5231 Pharusiorum
1408 5215 1424 5242 ,
1444 5194 1600 5249 supra
1618 5178 1714 5232 hos
1731 5178 2129 5240 Garamantum,
2155 5186 2209 5229 et

637 5268 800 5323 supra
826 5252 1195 5322 Garamantes,
1243 5254 1572 5329 AEthiopum.
1617 5260 1958 5326 Quamquam
2001 5274 2069 5309 ne
2096 5254 2207 5311 haec

637 5330 854 5403 quidem
877 5334 1000 5389 satis
1024 5347 1165 5391 recte
1178 5336 1392 5397 habent.
1411 5335 1670 5409 ἐφύπερθε]
1691 5333 1770 5390 ἰπὶ
1783 5335 1912 5389 τοῖσι
1927 5334 2206 5399 Lindon-r,-

2080 535 2431 598 moNst

2322 696 2385 731 ac
2408 676 2589 751 Libyci
2611 676 2698 733 dei
2715 696 2925 733 sacrum
2947 696 3044 751 per
3068 682 3287 736 multam
3312 702 3525 741 arenam
3550 688 3846 758 conditum,

2323 773 2378 818 et
2396 775 2661 835 equestres
2688 765 2905 837 Cyrenas
2921 805 2937 828 ,
2970 768 3355 840 Amycloeorum
3382 771 3591 842 coloni,
3789 831 3802 843 ,

2323 868 2385 903 ae
2406 868 2571 923 prope
2590 850 2925 906 Marmaridae
2952 854 3043 925 qui
3062 852 3130 908 ad
3156 856 3445 929 AEgyptum·
3462 873 3707 932 vergunt.

2322 940 2624 1013 Superiores
2646 952 2770 994 sunt
2786 951 2965 995 autem
2987 943 3179 997 Gaetuli
3207 944 3470 1017 vicinique
3490 950 3751 1020 Nigretes.

2324 1028 2584 1101 Deinceps
2606 1040 2903 1100 sequuntur
2928 1030 3165 1085 Pharusii
3189 1071 3204 1096 ,
3242 1050 3473 1104 quorum
3496 1055 3657 1110 supra
3685 1049 3877 1095 terram

2322 1116 2585 1171 innumeri
2614 1115 2848 1171 habitant
2886 1119 3243 1175 Garamantes.
3270 1123 3335 1176 In
3358 1124 3649 1180 recessibus
3672 1140 3849 1183 autem

2323 1203 2677 1257 consederunt
2703 1206 2797 1275 qui
2819 1207 3137 1261 continentis
3154 1210 3377 1263 extremi
3404 1222 3532 1265 sunt
3552 1212 3821 1286 AEthiopes
3836 1257 3852 1281 ,

2332 1293 2502 1365 ipsum
2524 1290 2589 1346 ad
2610 1310 2863 1347 occanum
2887 1292 3043 1365 juxta
3070 1296 3265 1349 Cernes
3292 1307 3543 1353 extremm
3566 1301 3845 1357 convalles.

2296 1392 2299 1395 ’
2324 1379 2437 1433 Hos
2463 1390 2585 1433 ante
2608 1379 2879 1452 Blemyum
2896 1391 3229 1453 peu-ustorum
3246 1380 3375 1454 juga
3396 1388 3811 1456 supereminent,

2324 1464 2468 1518 unde
2493 1466 2815 1537 pinguissimi
2844 1466 2949 1520 Nili
2976 1466 3301 1523 descendunt
3320 1487 3473 1542 aquae
3506 1487 3520 1524 ε

2324 1552 2417 1623 qui
2440 1550 2656 1622 quidem
2680 1569 2709 1603 e
2736 1552 2899 1624 Libya
2924 1554 2979 1607 in
3004 1564 3183 1609 ortum
3211 1556 3381 1611 multo
3414 1556 3637 1610 flumine
3660 1557 3866 1613 delatus

2322 1640 2453 1693 Siris
2478 1638 2545 1692 ab
2572 1638 2905 1713 AEthiopibus
2922 1652 3155 1709 vocatur,
3185 1644 3379 1715 Syenes
3401 1654 3579 1698 autem
3610 1645 3799 1701 incolae

2272 1751 2283 1766 ·
2329 1742 2587 1779 converso
2614 1725 2715 1779 Nili
2738 1744 2931 1780 nomen
2962 1725 3283 1785 indiderunt.

2323 1922 2573 1996 ἀγχίγειοι
2605 1928 2700 1994 Uo,
2720 1922 2957 1997 ἀγχίγυοι
2978 1925 3055 1990 br,
3079 1924 3309 1998 ἀγχίὸυοι
3324 1947 3376 1992 Δε,
3399 1927 3684 2001 ἀγχέμαχοι
3701 1932 3879 2004 steph.

2319 2003 2443 2074 Byz.
2475 2019 2525 2057 v,
2556 2001 2811 2074 Νίγρητες.
2856 2004 2877 2073 ΙΙ
2902 2034 2974 2045 -
3002 2009 3124 2058 216.
3153 2005 3449 2075 Φαυροόσιοι
3473 2012 3881 2065 CBDEFGMO

2331 2078 2680 2155 Yabcdesgoq;
2696 2083 2798 2143 τοῖς
2816 2081 2976 2153 Φαυρ.
3002 2084 3133 2149 Ηρζ
3145 2102 3161 2149 3
3183 2086 3290 2147 τοῖς
3312 2084 3441 2155 Φαρ.
3464 2090 3537 2143 A.
3554 2086 3635 2141 Cs.
3665 2088 3885 2161 Stepha-

2319 2176 2418 2213 nus
2440 2176 2454 2215 :
2484 2158 2770 2230 Φαροόσιοι,
2797 2159 2933 2223 ἔθνος
2955 2161 3178 2215 Διὸυκόν·
3210 2165 3451 2236 μέμνηται
3464 2164 3623 2219 αὖτῶν
3639 2166 3886 2232 Διονύσιος

2317 2240 2399 2292 καὶ
2420 2236 2773 2311 Ἀρτεμίδωρος.
2807 2241 2829 2311 Ι]
2856 2239 2971 2312 ὒπὲρ
2998 2240 3149 2314 αἶαν]
3179 2242 3272 2297 ὑπὸ
3291 2246 3442 2309 γαῖαν
3474 2246 3719 2301 ABMck.
3759 2247 3781 2318 ΙΙ
3812 2278 3885 2291 -

2318 2335 2439 2390 217.
2474 2317 2745 2391 ἀπείριτοι]
2777 2318 3023 2391 ἀπείρονες
3046 2322 3406 2396 KLMcelaeiqr.
3430 2325 3451 2394 ΙΙ
3488 2356 3545 2366 -
3574 2341 3700 2397 2¹9·
3726 2328 3879 2400 παρὰ]

2315 2399 2425 2471 περὶ
2444 2397 2670 2468 CXasgi,
2694 2399 2923 2453 fortassis
2944 2410 3104 2459 recte.
3130 2403 3299 2456 Cerne
3316 2421 3420 2457 sec.
3446 2404 3779 2462 scholiastam
3804 2419 3883 2462 est

2314 2476 2465 2551 λίμνη
2495 2482 2579 2545 τῆς
2603 2477 2849 2542 Αἰθιοπίας
2874 2478 3003 2550 παρὰ
3037 2486 3106 2553 τῷ
3126 2481 3329 2554 ὠκεανῷ
3347 2500 3361 2515 ·
3388 2482 3449 2536 τὰ
3490 2484 3541 2537 δὲ
3583 2485 3737 2539 κοῖλα
3780 2494 3878 2541 τῶν

2313 2556 2439 2629 ὀρῶν
2462 2558 2617 2630 τέμπη
2637 2557 2878 2614 καλεῖται.
2902 2560 3203 2615 Eustathius
3214 2572 3489 2633 postquam
3517 2564 3675 2636 τίμπη
3696 2584 3877 2622 vocem

2313 2635 2437 2704 δάοη
2470 2635 2553 2688 καὶ
2597 2635 2688 2703 ἕλη
2722 2636 3017 2707 significare
3054 2641 3287 2704 monuit,
3338 2640 3547 2695 Cernen
3591 2640 3721 2697 dicit
3747 2663 3880 2701 non·

2313 2718 2467 2772 nullis
2494 2738 2606 2773 csse
2634 2719 2880 2785 insulam,
2904 2720 3032 2776 alios
3059 2741 3182 2776 vero
3208 2722 3309 2777 hoc.
3332 2742 3438 2777 non
3464 2724 3761 2783 admittere.
3792 2731 3881 2783 ln·

2313 2808 2392 2852 ter
2400 2798 2497 2853 hos
2512 2816 2637 2854 vero
2654 2799 2811 2853 etiam
2836 2800 3121 2873 Dionysius
3139 2801 3300 2857 fuisse
3320 2802 3558 2870 videtur;
3580 2823 3706 2861 nam
3721 2810 3877 2880 τίμπη

2310 2895 2411 2932 vox
2430 2878 2487 2931 iu
2514 2877 2736 2933 insulam
2759 2881 3101 2953 perexiguam
3116 2899 3223 2935 non
3244 2880 3406 2947 cadit,
3423 2884 3767 2955 nequeinsra,
3786 2889 3879 2943 ubi

2310 2954 2378 3011 ‹le
2404 2958 2603 3013 Oceani
2623 2956 2810 3012 insulis
2835 2975 3009 3012 sermo
3028 2968 3123 3024 est,
3148 2960 3341 3014 Cernoe
3370 2962 3573 3016 mentio
3596 2962 3672 3021 fit.
3696 2966 3879 3038 Itaque

2310 3036 2519 3091 Cernen
2548 3036 2825 3109 AEthiopiae
2852 3038 3119 3108 regionem
3148 3056 3258 3092 aese
3286 3040 3499 3093 Oceano
3540 3039 3876 3112 adjacentem

2309 3116 2582 3182 statuerit,
2610 3116 2761 3169 sicuti
2794 3116 3061 3172 Diodorus
3087 3116 3138 3183 3,
3171 3115 3259 3181 54.
3288 3116 3369 3171 cf.
3400 3136 3478 3173 vs.
3512 3136 3644 3189 1017
3679 3120 3740 3174 τὰ
3766 3122 3875 3191 mr,-

2308 3192 2419 3246 δικὰ
2441 3195 2645 3267 τέμπεα.
2692 3194 2977 3266 Dionysius
3021 3197 3075 3249 in
3120 3196 3435 3266 Gigantiade
3477 3216 3563 3269 ap.
3605 3200 3785 3272 Steph.
3822 3220 3871 3258 v.

2307 3270 2491 3327 Δώτιον
2530 3289 2543 3327 :
2574 3273 2734 3326 Δώτια
2752 3274 2954 3344 τέμπεα.
2978 3275 3201 3329 Nomius
3228 3277 3426 3331 Joann.
3458 3294 3507 3331 ο.
3533 3282 3585 3341 4,
3622 3294 3714 3331 101
3748 3295 3761 3332 :
3789 3300 3875 3333 τα-

2308 3350 2617 3404 νυοκοπέλων
2642 3349 2734 3405 ὕπὸ
2762 3353 2988 3423 τέμπεσιν
3025 3350 3395 3424 Ἱεροσολύμων.
3432 3356 3453 3425 ΙΙ
3486 3384 3557 3396 —-
3584 3371 3707 3412 220.
3740 3362 3873 3427 τῶν]

2306 3431 2393 3495 τῆς
2423 3431 2476 3483 U
2481 3428 2601 3485 Yde.
2629 3432 2709 3483 lta
2730 3432 2884 3484 etiam
2908 3431 3087 3503 legisse
3115 3430 3325 3486 videtur
3348 3431 3650 3486 Eustathius
3684 3452 3697 3488 :
3740 3435 3875 3506 λέγει

2306 3504 2359 3561 δὶ
2388 3508 2471 3561 καὶ
2494 3507 2643 3580 ἐγγυς
2668 3510 2753 3574 τῆς
2776 3510 2964 3579 Κέρνης
2992 3509 3119 3563 εἶναι
3144 3508 3346 3575 αὐτοὺς,
3382 3530 3455 3567 sc.
3487 3510 3600 3572 τοὺς
3630 3516 3872 3583 καταρρέ·

2306 3602 2451 3652 κτας;
2474 3602 2598 3638 nam
2616 3585 2683 3639 ad
2709 3596 3085 3640 cataractarum
3105 3596 3309 3640 montes
3327 3589 3591 3659 pertinere
3615 3590 3737 3642 istas
3758 3592 3873 3646 Ble-

2306 3682 2489 3736 myum
2515 3664 2735 3728 κολώνας
2759 3675 2993 3720 statuunt
3032 3666 3347 3733 rectissime3
3384 3667 3623 3740 Blemyes
3671 3671 3873 3744 Diony-

2305 3744 2404 3809 sio,
2422 3744 2557 3798 sieut
2579 3745 2907 3799 Eratostheni
2931 3763 3014 3817 ap.
3042 3746 3213 3801 Strab.
3244 3764 3301 3819 p.
3330 3750 3453 3817 786,
3472 3758 3621 3801 erant
3640 3767 3669 3802 a
3690 3751 3873 3805 Meroe

2305 3820 2377 3877 ad
2403 3822 2609 3896 AEgypti
2646 3823 2774 3879 lines
2791 3826 2849 3880 in
2874 3824 3062 3880 dextro
3082 3826 3186 3880 Nili
3209 3825 3397 3893 latere;
3424 3846 3514 3881 eos
3537 3826 3605 3881 ad
3632 3829 3874 3885 Catarra·

2306 3912 2413 3956 ctas
2441 3902 2676 3958 habitare
2693 3904 2948 3978 expressis
2976 3904 3148 3959 verbis
3172 3914 3393 3959 testatur
3415 3898 3749 3962 Marcellinus
3774 3908 3870 3967 lib.

2312 3985 2395 4045 14.
2423 3980 2699 4056 Βλεμμῦων
2728 3986 2979 4047 ΑΟΒΗζ.
3016 3986 3043 4053 ΙΙ
3078 4000 3289 4041 —221.
3317 3984 3478 4056 ἔνθεν]
3501 3985 3621 4040 ἔνθα
3643 3986 3765 4043 cod.
3792 4008 3815 4043 ε
3843 3990 3867 4060 ΙΙ

2302 4090 2379 4102 -
2399 4078 2524 4116 222.
2553 4062 2693 4129 δήτοι
2726 4066 3187 4137 BDGLNOQYt3
3211 4063 3421 4133 Λιθῦηθε
3446 4068 3541 4129 Μ,-
3574 4064 3671 4139 ἔπ’]
3704 4064 3752 4129 ἒς
3774 4072 3868 4127 Be.

2312 4142 2335 4211 ΙΙ
2366 4171 2441 4183 —-
2465 4143 2591 4196 223.
2626 4143 2791 4215 Σῖρις]
2825 4142 2969 4215 Σίρης
2996 4147 3076 4198 K.
3111 4142 3191 4201 Cf.
3234 4142 3417 4215 Steph.
3446 4146 3571 4216 Byz.
3606 4160 3623 4200 ε
3671 4146 3833 4215 Συήνη
3852 4190 3870 4217 ,

2304 4220 2443 4284 πόλις
2483 4222 2605 4291 μέση
2641 4221 2882 4293 Ἀἰγύπτου
2909 4222 2993 4275 καὶ
3017 4220 3263 4286 Αἰθιοπίας
3279 4262 3296 4289 ,
3325 4221 3405 4278 ἐπὶ
3436 4228 3510 4289 τῷ
3542 4224 3729 4298 Νείλῳ,
3762 4227 3870 4299 μεθ’

2303 4300 2361 4369 ἢν
2399 4300 2686 4375 ὠνόμασται
2722 4302 2855 4375 Σῖρις
2898 4302 2927 4356 ὁ
2966 4302 3202 4374 ποταμός.
3231 4302 3431 4357 Plinius
3464 4301 3515 4368 5,
3550 4322 3617 4373 9,
3672 4319 3755 4369 10,
3803 4306 3869 4360 53

2307 4379 2529 4435 Circa...
2552 4383 2756 4436 Meroen
2786 4382 3072 4437 Astabores
3115 4381 3245 4437 Ioeno
3270 4380 3421 4436 alveo
3443 4380 3687 4448 (ὑὶ-τηεμ.
3700 4423 3713 4438 .
3741 4382 3867 4437 dex·

2307 4470 2389 4513 tro
2420 4478 2539 4515 vem
2578 4467 2901 4535 Astosapes,
2934 4480 3023 4515 nec
3062 4472 3183 4515 ante
3225 4460 3389 4517 Nilus
3418 4479 3487 4533 qu
3495 4479 3584 4514 am
3608 4478 3663 4515 se
3702 4472 3871 4517 totum

2300 4538 2457 4611 aquis
2492 4557 2676 4594 rursus
2709 4539 3045 4594 concordibus
3062 4538 3251 4611 junxit
3269 4562 3289 4602 ,-
3324 4538 3407 4593 sie
3446 4558 3646 4613 quoque
3680 4538 3869 4594 etiam·

2302 4637 2427 4673 mem
2463 4618 2599 4674 Siris
2640 4630 2763 4674 ante
2796 4618 3095 4674 nominatus
3124 4637 3223 4693 per
3248 4618 3455 4693 aliquot
3480 4618 3654 4675 milia.
3683 4621 3869 4692 Itaque

2300 4696 2436 4753 Siris
2462 4716 2656 4752 nomen
2686 4700 2894 4753 nonnisi
2922 4700 3059 4771 parti
3096 4698 3244 4753 fluvii
3282 4699 3421 4753 inter
3446 4699 3653 4770 Syenen
3682 4709 3733 4752 et
3758 4699 3867 4753 Me·

2301 4795 2430 4831 roen
2457 4776 2679 4831 insulam
2704 4776 2887 4832 media·
2906 4776 3201 4834 indebatur.
3229 4780 3349 4832 Jam
3372 4794 3497 4832 vero
3515 4794 3685 4850 quum
3706 4794 3869 4851 supra

2301 4856 2636 4911 Catarraeten
2654 4874 2901 4929 magnum
2922 4856 3072 4911 Nilus
3088 4874 3185 4929 per
3211 4856 3350 4913 5600
3375 4855 3541 4912 stadia
3565 4858 3704 4927 (sec.
3733 4860 3865 4912 Era·

2300 4936 2553 4991 tosthenis
2576 4939 2917 5009 computum)
2934 4954 2965 4991 e
2987 4936 3151 5009 Libya
3171 4946 3351 4991 ortum
3368 4948 3421 4991 et
3444 4936 3661 4991 boream
3686 4954 3864 4991 versus

2298 5018 2511 5085 flueret,
2532 5015 2599 5071 ad
2625 5019 2767 5073 hunc
2788 5020 2956 5091 ipsum
2986 5018 3087 5071 Nili
3116 5018 3312 5071 flexum
3336 5017 3493 5072 verba
3526 5016 3766 5085 Λιὸὖηθεν
3786 5017 3861 5072 ἐπ’

2300 5095 2534 5165 ἅντολίην
2554 5096 2705 5161 πολῦς
2728 5098 2885 5170 ἶρπων
2908 5115 3029 5152 cum
3053 5096 3211 5150 Hillio
3232 5096 3428 5151 referre
3445 5097 3565 5151 lieet
3580 5137 3595 5163 ,
3623 5097 3861 5168 nihilque

2298 5175 2431 5230 adeo
2452 5177 2592 5247 cogit
2613 5188 2673 5231 ut
2694 5188 2898 5249 poetam
2924 5178 3071 5230 istam
3092 5175 3424 5248 quorundam
3444 5177 3747 5249 opinionem
3778 5178 3859 5229 in·

2296 5253 2473 5309 dicare
2494 5264 2764 5327 putemus,
2791 5274 2853 5309 ex
2882 5273 2985 5327 qua
3001 5254 3147 5309 Nilus
3176 5252 3343 5309 fontes
3366 5254 3583 5309 haberet
3618 5256 3671 5308 in
3700 5256 3855 5308 Mau·

2297 5334 2495 5389 retania
2522 5334 2602 5387 vel
2623 5334 2719 5389 alia
2736 5345 2882 5408 parte
2915 5333 3092 5407 Libyae
3112 5333 3361 5393 occiduae.
3403 5336 3425 5406 ΙΙ
3469 5366 3542 5377 -
3572 5338 3694 5399 224.
3720 5352 3857 5405 στρε-
