4584 6284
1785 486 2238 549 DESCRIPTlO
2277 486 2503 549 onms
2542 487 2849 549 TERRAE.

702 626 879 670 musta
903 626 1150 689 premant
1168 656 1183 681 ,
1205 616 1365 671 suls-0
1387 627 1562 671 tamen
1589 618 1838 673 invenere
1863 619 2058 675 corallo

699 701 931 775 pandere
955 703 1170 759 vivendi
1187 706 1534 769 commercia,
1563 723 1802 777 quaerere
1823 707 2056 780 pulchra·

521 785 668 840 1805
702 789 937 862 sapphiri
958 788 1187 847 latebras
1214 801 1268 845 et
1291 789 1564 863 praeduros
1587 790 1910 849 adamantas.

518 872 560 949 (1
568 875 666 954 los)
767 877 1000 951 Calliope
1015 916 1030 943 ,
1059 876 1322 933 Indorum
1343 878 1566 952 populos
1589 891 1642 935 et
1667 898 1826 953 regna
1855 900 2122 939 canamus.

693 966 898 1021 Ultima
923 977 1187 1021 terrarum
1211 965 1364 1021 tellus
1383 968 1676 1039 aspergitur
1704 968 1824 1024 Indi

517 1043 663 1123 (1110)
693 1054 946 1108 {luctibus
975 1055 1160 1108 oceani
1178 1093 1195 1121 ,
1223 1055 1452 1127 primam
1479 1056 1661 1127 coquit
1685 1056 1824 1111 hanc
1849 1056 2010 1111 radiis
2045 1056 2153 1123 sol,

693 1142 777 1198 sol
799 1142 1160 1215 Hyperionius
1178 1182 1194 1210 ,
1231 1142 1310 1197 sol
1335 1145 1510 1214 magni
1534 1144 1696 1215 gratia
1719 1143 1906 1199 mundi
1924 1185 1940 1210 ,

515 1234 540 1283 1
555 1228 670 1283 310
695 1242 964 1285 astrorum
992 1231 1218 1302 genitor,
1247 1230 1380 1285 lucis
1407 1243 1549 1286 sator
1573 1242 1627 1285 et
1652 1233 1801 1303 vigor
1825 1234 2017 1291 aethrae.

698 1319 804 1373 Sed
830 1318 972 1389 genti
999 1316 1257 1373 Indorum
1278 1328 1426 1373 taeter
1451 1317 1596 1373 color
1623 1336 1636 1374 ε
1665 1318 1824 1374 efflua
1841 1338 2048 1393 semper

699 1403 784 1458 his
807 1422 961 1458 coma
975 1403 1192 1459 liventes
1215 1404 1456 1458 imitatur
1473 1406 1622 1458 crine
1644 1404 1972 1477 hyacinthos.

700 1491 830 1544 Pars
851 1490 994 1545 subit
1013 1489 1222 1563 abrupti
1244 1488 1354 1543 sola
1367 1490 1572 1562 cespitis
1586 1529 1603 1558 ‚
1623 1508 1780 1545 aurea
1797 1501 1855 1546 ut
1873 1492 1974 1547 illis

511 1555 659 1637 (¹¹¹⁴)
698 1586 958 1631 terrarum
982 1577 1038 1630 in
1066 1574 1273 1631 latebris
1291 1574 1569 1631 excludant
1590 1587 1741 1631 caute
1767 1577 2005 1637 metallaz

517 1664 668 1719 1315
696 1679 818 1734 pars
837 1660 960 1717 telas
985 1671 1218 1716 statuunt
1243 1672 1296 1716 et
1323 1662 1632 1716 vestimenta
1663 1662 1904 1717 laborant

693 1748 880 1821 lintea3
905 1767 1028 1821 pan
1049 1747 1169 1803 Indi
1193 1758 1446 1821 procurat
1471 1750 1706 1820 segmina
1728 1748 1932 1817 dentis,

691 1849 849 1911 atque
870 1837 1004 1892 ebur
1021 1837 1288 1909 invigilat3
1314 1836 1467 1893 multi
1485 1878 1502 1904 ‚
1531 1855 1640 1909 qua
1669 1837 1890 1894 flumina
1917 1839 2115 1894 nimbis

689 1934 844 1995 auget
865 1923 1032 1978 hiems
1048 1964 1065 1989 ,
1086 1934 1290 1978 vastum
1308 1935 1372 1979 ut
1388 1924 1490 1979 late
1516 1924 1689 1979 trahat
1714 1942 1900 1997 agmen
1923 1943 2182 1999 aquarum

687 2010 895 2074 alveus,
924 2020 981 2065 et
1005 2010 1164 2064 celsas
1191 2009 1434 2063 evincant
1455 2028 1666 2082 aequora
1693 2012 1860 2083 ripas,

511 2084 661 2155 182⁰
685 2096 920 2169 palantes
937 2096 1138 2151 obeunt
1157 2094 1418 2168 beryllum
1435 2134 1451 2162 ,
1479 2113 1648 2167 prona
1669 2096 1867 2151 fluenta

687 2200 848 2255 quem
875 2182 1066 2257 procul
1087 2182 1310 2237 internis
1333 2200 1364 2237 a
1387 2181 1583 2237 finibus
1603 2193 1697 2237 aut
1719 2181 1994 2239 adamanta

507 2252 659 2331 (¹¹²⁰)
687 2267 1010 2337 detulerint3
1040 2269 1124 2324 his
1145 2268 1326 2341 glauca
1348 2268 1541 2323 dehinc
1557 2280 1804 2325 tornatur
1821 2272 1997 2345 iaspis.

687 2358 802 2413 Nec
819 2358 994 2412 minus
1011 2369 1067 2413 et
1085 2357 1272 2413 baccas
1287 2356 1373 2412 alii
1397 2375 1563 2431 prope
1585 2376 1850 2413 marmora
1867 2362 2042 2415 curvis

688 2442 965 2498 excudunt
993 2444 1244 2510 conchis;
1271 2462 1394 2517 pars
1418 2462 1630 2499 rursum
1658 2443 1824 2500 divite
1848 2464 1974 2501 cura

507 2536 532 2586 1
546 2535 659 2588 32⁵
689 2529 902 2585 herbosi
920 2528 1110 2603 lapidis
1132 2548 1290 2585 venas
1310 2528 1477 2598 sodit3
1501 2528 1666 2603 hique
1689 2530 1884 2587 rubore

686 2618 914 2675 suffusas
937 2618 1136 2675 blando
1156 2630 1404 2692 quaerunt
1421 2620 1620 2692 eampis
1647 2620 1986 2693 amethystos.

686 2705 894 2760 Horum
917 2704 1065 2761 dives
1090 2708 1232 2762 enim
1253 2706 1406 2761 tellus
1431 2717 1510 2760 est
1525 2705 1708 2761 Indica
1736 2724 1962 2780 semper,

683 2803 738 2847 et
768 2790 856 2847 tali
885 2809 1080 2865 scrupo
1105 2809 1284 2865 cespes
1306 2801 1508 2857 tumen
1537 2792 1784 2847 amnibus
1813 2805 1990 2849 autem

680 2876 866 2931 fertilis
891 2878 1106 2949 irriguis
1130 2878 1320 2933 crebro
1346 2876 1706 2951 praelambitur
1735 2896 1857 2945 ora;

499 2969 526 3020 1
540 2963 976 3020 880·cxtendunt
993 2965 1117 3020 celsi
1141 2983 1268 3037 vaga
1285 2964 1388 3021 late
1411 2964 1627 3021 brachia
1647 2966 1752 3021 luci
1770 3007 1787 3032 ,

500 3038 650 3114 (¹¹2³)
676 3064 730 3105 et
750 3062 935 3107 vernat
961 3069 1245 3107 nemorum
1269 3070 1478 3125 semper
1507 3070 1681 3111 coma.
1705 3054 1862 3108 Nunc
1885 3054 1982 3109 tibi
2015 3054 2242 3110 sormam

677 3151 942 3195 terrarum
979 3139 1256 3213 expediam
1273 3180 1290 3208 ‚
1327 3158 1473 3196 nunc
1498 3142 1732 3195 carmine
1753 3140 1975 3195 flumina
1999 3140 2173 3209 fabor,

677 3244 822 3281 nunc
839 3225 1039 3298 rigidos
1060 3236 1267 3281 monta
1282 3264 1298 3291 ,
1320 3243 1466 3279 nunc
1491 3226 1671 3281 multat
1701 3225 1930 3299 denique
1947 3229 2115 3298 gentis

677 3312 946 3367 absolvam
976 3311 1218 3385 populos.
1255 3312 1447 3364 Latera
1479 3311 1617 3381 agris
1639 3311 1878 3382 undique
1895 3314 1952 3366 in
1978 3313 2129 3368 Indis

502 3394 651 3447 1335
681 3408 1057 3470 quattuoresse
1083 3406 1202 3451 tene
1229 3416 1242 3451 :
1269 3406 1457 3450 coeant
1481 3406 1562 3451 tot
1579 3406 1634 3451 et
1657 3397 1832 3468 anguli
1858 3398 1928 3452 ab
1954 3404 2103 3453 omni

578 3488 650 3555 at)
681 3496 832 3558 parte
856 3483 956 3539 sibi
973 3524 990 3551 ,
1015 3483 1227 3555 oblique
1245 3481 1544 3537 claudentes
1569 3484 1770 3538 extima
1791 3494 1944 3539 terrae

683 3592 784 3629 eeu
809 3574 1006 3647 species
1023 3572 1252 3627 rhombo
1272 3583 1370 3627 est.
1396 3571 1616 3644 Zephyri
1647 3570 1714 3626 de
1743 3572 1983 3645 partibus
2005 3573 2173 3629 Indus

681 3664 901 3735 gurgitis
923 3680 1147 3717 occursu
1173 3660 1233 3715 fit
1253 3671 1408 3715 certe
1433 3662 1689 3715 terminus
1712 3679 1819 3716 orae
1834 3700 1850 3727 ,

681 3766 780 3802 axe
805 3748 920 3803 noti
955 3746 1121 3802 Rubri
1141 3746 1244 3801 late
1265 3746 1383 3801 salis
1413 3744 1618 3818 objacet
1641 3746 1816 3813 unda,

501 3844 524 3891 1
541 3840 653 3892 8⁴0
684 3836 884 3890 flumen
912 3836 1042 3890 item
1070 3836 1278 3905 Ganges
1298 3834 1359 3888 fit
1379 3833 1530 3889 limas
1557 3835 1739 3908 cespiti
1760 3852 1886 3902 eoo,

499 3914 646 3989 (nu)
681 3932 844 3995 atque
872 3922 1136 3995 Lycaonia
1157 3922 1430 3992 consurgit
1453 3922 1716 3976 Caucasus
1742 3932 1907 3977 arcto.

499 3988 642 4069 (ΠΜ)
679 4012 916 4083 AEquore
941 4027 1048 4083 qua
1073 4009 1194 4064 suso
1210 4008 1419 4065 laticem
1445 4009 1772 4081 provolvitur
1800 4006 1998 4074 Indus,

680 4097 1050 4155 Dardanidum
1087 4116 1214 4170 gens
1249 4108 1330 4153 est
1362 4115 1380 4155 ι
1411 4099 1502 4153 ubi
1529 4116 1752 4169 magnus
1776 4098 1954 4153 sorbet
1976 4096 2246 4172 Hydaspes

677 4189 950 4262 delapsum
972 4206 1181 4243 summa
1203 4206 1452 4244 saxorum
1485 4188 1624 4243 mole
1647 4189 1927 4244 Acesinen.

499 4288 644 4341 1345
673 4279 888 4333 Tertius
912 4278 1086 4332 amnis
1107 4278 1234 4332 item
1263 4287 1405 4331 secat
1426 4278 1536 4349 agri
1563 4276 1808 4351 proxima
1832 4276 2065 4350 Cophes,

3797 506 3911 560 189

2354 619 2662 691 Gargaridae
2695 638 2909 675 rursum
2926 660 2943 687 ,
2968 639 3095 693 gens
3114 622 3227 677 boc
3249 622 3479 681 obnoxia
3502 626 3707 685 baccho
3721 669 3737 694 ,

2354 717 2408 762 et
2433 705 2635 777 glebam
2667 706 2871 762 sulcant
2882 748 2913 784 ,ι
2926 718 2979 762 et
3004 708 3197 763 ritibus
3218 712 3364 793 orgia
3386 711 3597 769 ludunt.

2352 796 2456 850 Hic
2475 796 2713 869 Hypanis
2740 794 2945 868 lateque
2968 797 3179 853 trahens
3206 816 3329 870 vaga
3352 811 3499 873 terga
3521 802 3841 875 Cymander,

2356 896 2581 951 magnus
2605 889 2829 951 uterque
2856 879 3000 934 modi
3020 879 3327 949 dimittitur,
3352 884 3687 959 Hemodique

2352 983 2487 1037 rupe
2507 965 2695 1039 procul
2718 964 2917 1020 fulvum
2938 968 3256 1041 provolvunt
3277 970 3527 1026 fluetibus
3548 990 3772 1042 aurum3

2352 1072 2451 1109 nec
2474 1054 2654 1109 minus
2676 1054 2733 1109 hi
2760 1072 2974 1129 campos
2992 1056 3193 1112 intrant
3219 1059 3516 1130 Gangitidis
3542 1080 3649 1117 orae
3665 1102 3683 1129 ,

2350 1158 2469 1213 quae
2493 1158 2591 1215 per
2616 1140 2781 1196 flabra
2806 1142 2919 1196 noti
2944 1140 3063 1197 fuso
3094 1142 3413 1199 distenditur
3434 1164 3561 1217 agro
3578 1187 3595 1213 ,

2354 1228 2597 1299 usquein
2624 1226 2757 1281 celsa
2772 1226 2953 1299 jacens
2976 1229 3209 1285 confinia
3225 1230 3426 1286 Colidis
3452 1233 3589 1287 arcis

2350 1313 2489 1368 Colis
2512 1324 2567 1369 at
2593 1315 2703 1387 ipsa
2730 1314 2925 1370 dehinc
2944 1318 3104 1371 cetosi
3127 1319 3292 1389 vergit
3312 1319 3368 1371 in
3394 1336 3577 1390 aequor

2348 1401 2529 1455 oceani
2546 1442 2563 1466 ,
2593 1410 2844 1473 tantoque
2862 1400 2991 1473 jugo
3009 1402 3153 1457 subit
3178 1403 3385 1459 aetheris
3412 1422 3594 1470 auras,

2346 1496 2522 1541 arceat
2546 1486 2765 1541 alituum
2794 1485 3053 1542 subducta
3090 1497 3151 1542 ut
3178 1506 3313 1561 rupe
3337 1489 3593 1545 volatum.

2346 1570 2449 1626 Sed
2475 1573 2675 1627 circum
2694 1574 2913 1643 Gangen
2929 1573 3077 1645 regio
3094 1584 3175 1628 est
3190 1572 3382 1631 devota
3406 1578 3593 1649 Lyaeo,

2344 1659 2691 1731 perpetuique
2715 1660 2849 1713 sacri
2876 1658 2991 1714 talis
3016 1671 3264 1714 narratur
3289 1662 3459 1733 origo.

2343 1744 2602 1801 Indorum
2620 1747 2675 1800 in
2700 1744 2925 1818 populos
2948 1744 3121 1801 satalia
3150 1746 3311 1801 Liber
3340 1748 3525 1819 agebat

2342 1833 2549 1905 puelia,
2570 1834 2782 1907 vipereo
2807 1833 2909 1889 late
2934 1832 3149 1887 Bellona
3168 1833 3371 1906 flagello

2343 1919 2579 1993 increpat
2592 1960 2610 1987 ,
2630 1931 2687 1975 et
2712 1938 2905 1991 magno
2932 1930 3263 1975 tremuerunt
3285 1939 3445 1993 regna
3472 1940 3667 1995 pavore
3680 1963 3697 1989 ,

2342 2008 2611 2063 insistente
2630 2006 2752 2063 deo.
2778 2008 2945 2062 Venit
2963 2026 3090 2080 ergo
3108 2007 3175 2063 ad
3198 2008 3419 2063 flumina
3445 2010 3644 2082 Gangis
3659 2050 3675 2077 ,

2342 2091 2684 2167 discursuque
2697 2113 2847 2149 sacro
2864 2093 3108 2167 pra-ludit
3127 2094 3303 2168 praelia
3328 2096 3489 2151 Liber
3514 2116 3529 2154 ε

2340 2179 2603 2237 Maenades
2632 2181 2894 2254 extemplo
2916 2181 3191 2236 maculosae
3212 2181 3447 2237 nebridis
3471 2201 3623 2238 usum

2341 2279 2644 2341 permutant
2670 2268 2893 2343 clypeis,
2928 2268 3191 2342 viridique
3212 2256 3417 2324 bastilia
3442 2270 3625 2344 thyrso

2343 2356 2637 2433 succedunt
2653 2397 2669 2424 ,
2694 2357 2905 2414 solvunt
2928 2368 3270 2431 properantes
3296 2356 3456 2412 lintea
3478 2358 3695 2415 Bacche

2342 2446 2549 2503 vincula
2565 2487 2582 2514 ,
2608 2447 2783 2501 viroso
2812 2456 2995 2519 pectus
3018 2446 3231 2501 vinxere
3254 2444 3517 2514 dracone3

2342 2553 2441 2608 pro
2462 2534 2607 2589 molli
2628 2534 2754 2589 vitta
2773 2543 3068 2607 prorepunt
3082 2533 3232 2587 crine
3254 2532 3515 2605 chelydri,

2341 2622 2618 2694 excitoque
2640 2619 2789 2676 ferox
2810 2618 3065 2693 persultat
3088 2619 3147 2673 in
3180 2618 3391 2690 agmine
3411 2621 3643 2675 Mavors.

2342 2710 2469 2762 Dux
2494 2706 2691 2781 aquilas
2708 2707 2764 2761 in
2797 2705 2935 2761 bena
2961 2706 3133 2778 rapit,
3155 2705 3335 2760 tmmit
3360 2704 3545 2761 Indica
3576 2705 3725 2761 tellus

2340 2811 2518 2867 pressa
2542 2794 2705 2869 pede,
2737 2804 2790 2849 et
2814 2804 2930 2849 toto
2957 2803 3248 2847 tonuerunt
3268 2791 3479 2847 classica
3504 2792 3650 2848 caelo.

2339 2883 2483 2953 Ergo
2506 2892 2562 2937 et
2578 2882 2789 2953 Nyseus
2811 2879 2947 2935 dixit
2968 2896 3093 2951 gens
3118 2880 3221 2933 rite
3244 2896 3479 2933 recessus
3494 2919 3510 2946 ,

2338 2982 2391 3025 et
2416 2980 2552 3026 stata
2570 2969 2790 3025 sollicito
2813 2967 3085 3024 deducunt
3110 2968 3255 3039 orgia
3276 2968 3403 3022 ritu.

2340 3060 2461 3129 Ipse
2486 3055 2683 3111 dehinc
2706 3052 2853 3109 diros
2876 3065 2936 3109 ut
2961 3053 3124 3110 Liber
3140 3052 3365 3126 perculit
3385 3051 3549 3107 Indos
3563 3094 3580 3119 ,

2338 3140 2531 3197 Emodi
2555 3142 2725 3196 victor
2748 3139 3060 3195 conscendit
3077 3139 3289 3194 verticis
3312 3157 3457 3193 arces
3472 3178 3489 3204 ,

3953 723 4114 785 1850·

3951 809 4097 889 ‹nu›

3950 1148 4111 1201 1³56

3946 1480 4109 1558 (¹¹⁸⁰)

3949 1589 4111 1643 nso·

3945 2020 4141 2081 1³6⁵.

3940 2172 4094 2247 (πει)

3947 2450 4107 2506 1370

3939 2889 4101 2943 ms

3926 2967 4071 3048 (¹¹⁰⁰)

2316 3229 2661 3301 'effusamque
2682 3227 2795 3283 solo
2822 3238 3029 3299 gentem
3061 3226 3245 3299 procul
3268 3226 3453 3300 aspicit
3473 3245 3685 3283 omnem
3704 3268 3721 3295 ,

2338 3316 2444 3369 ima
2452 3312 2571 3385 jugi
2597 3314 2855 3383 exstantis
2874 3313 3089 3383 vestigia
3109 3313 3315 3383 gurgite
3338 3323 3546 3368 canent.
3936 3324 4088 3376 1380

2334 3402 2531 3456 Ooeani
2558 3400 2641 3455 eoi
2670 3409 2926 3473 preterito
2948 3398 3181 3472 denique
3200 3398 3438 3453 Bacchus

2334 3487 2513 3554 litore,
2540 3498 2595 3541 et
2615 3496 2849 3542 extrema
2872 3497 3134 3541 terrarum
3151 3484 3323 3539 victor
3339 3484 3398 3539 in
3421 3502 3511 3539 ora

2332 3573 2483 3629 ducit
2507 3574 2797 3647 laurigeros
2824 3584 2945 3647 post
2966 3570 3152 3627 Indica
3178 3570 3311 3627 bella
3333 3571 3635 3646 triumphos
3651 3612 3668 3639 ,

2331 3662 2485 3733 erigit
2506 3672 2559 3715 et
2586 3661 2819 3732 geminas
2838 3658 3039 3715 telluris
3061 3658 3169 3713 fine
3200 3658 3475 3715 columnas
3491 3698 3510 3723 ,

2332 3749 2617 3821 invisitque
2637 3746 2833 3802 dehinc
2864 3746 3063 3803 Ismeni
3086 3746 3323 3801 fluminis
3356 3742 3576 3801 undam.

2407 3838 2519 3891 Has
2546 3846 2753 3890 tantum
2791 3844 2971 3907 gentes
2996 3830 3337 3889 commendat
3368 3832 3507 3888 sama
3532 3850 3629 3905 per
3650 3834 3841 3891 orbem
3882 3852 3898 3893 ε

2331 3922 2433 3978 vile
2457 3922 2572 3978 aliae
2597 3920 2781 3994 vulgus
2804 3938 3059 3995 pecorum
3075 3921 3191 3975 vice
3214 3930 3361 3991 terga
3381 3930 3654 3993 pererrant

2336 4011 2547 4084 cespitis
2569 4009 2775 4083 abjecti.
2814 4012 2936 4064 Non
2963 4009 3047 4064 his
3074 4018 3167 4063 aut
3188 4007 3353 4079 gloria
3384 4005 3511 4061 sorti

2332 4108 2485 4172 parta
2510 4115 2675 4151 manu
2697 4106 2808 4162 est,
2830 4106 2923 4151 aut
2942 4095 3081 4150 clara
3103 4093 3263 4149 decus
3279 4110 3531 4165 peperere
3555 4092 3759 4149 metalla

3932 3748 4091 3833 ‹nu›-

500 4366 644 4449 (nu)
676 4369 733 4422 in
767 4367 1050 4440 medioque
1071 4366 1218 4423 Sabe
1255 4376 1381 4421 sunt
1405 4368 1632 4441 cespite3
1675 4383 1803 4437 gens
1829 4383 2042 4438 quoque
2063 4364 2248 4421 Scodri
2336 4380 2461 4417 arva
2476 4359 2693 4435 procu13
2720 4357 2876 4413 nullis
2900 4367 3026 4411 sunt
3051 4355 3223 4428 dignae
3244 4354 3473 4428 denique
3496 4356 3679 4409 Musis.

673 4465 892 4529 propter
909 4454 1056 4525 agit,
1080 4452 1371 4527 populique
1395 4450 1590 4507 debinc
1613 4452 1756 4507 velut
1787 4451 1976 4506 ordine
2001 4452 2141 4506 facto

678 4542 988 4597 Peucaleum
1015 4542 1196 4613 longas
1221 4550 1469 4595 exercent
1491 4558 1708 4595 vomere
1737 4550 1920 4594 terras.

2334 4196 2594 4240 terrarum
2622 4182 2769 4237 venis
2792 4200 2808 4239 ε
2833 4182 3079 4237 habitant
3100 4182 3275 4251 ignota
3300 4179 3542 4233 locorum.
3932 4198 4101 4253 1190.

2333 4291 2542 4347 semper
2566 4273 2862 4345 inexpertes
2888 4269 3069 4333 samse,
3090 4288 3187 4342 per
3208 4267 3475 4340 inhospita
3500 4266 3697 4339 degunt

2336 4455 2408 4506 At
2434 4462 2491 4505 tu
2509 4489 2525 4517 ,
2555 4448 2753 4505 Phoebe
2776 4457 2945 4521 pater,
2980 4464 3075 4501 vos
3102 4444 3226 4499 clari
3252 4442 3438 4509 turba,
3479 4444 3751 4513 Camcnae‚

2335 4537 2565 4591 nominis
2578 4575 2594 4602 ,
2626 4534 2801 4590 Aonio
2823 4533 3013 4588 samam
3046 4533 3295 4606 inspirate
3316 4528 3503 4586 labori.
3935 4531 4094 4611 (11⁸⁰).
