4584 6284
1894 562 1992 623 OB
2007 562 2116 623 BIS
2155 561 2651 625 DESCRIPTIO.

846 688 1090 766 ἄμπωτις
1113 689 1334 773 ξηρῇσιν
1360 691 1666 774 ἐπιτροχάει
1693 694 2036 777 ψαμάθοισιν.

846 778 1004 839 Τέων
1033 779 1080 838 δ’
1107 780 1420 861 ἀμφοτέρων
1453 778 1658 859 μεσᾶτη
1683 781 1832 850 πόλις
1859 784 2163 863 ἕστήρικται
2181 833 2198 865 ‚

721 885 803 927 sos
847 863 911 939 ἦν
942 864 1010 949 ῥά
1031 889 1090 925 τε
1119 866 1465 940 κικλήσκουσι
1490 868 1633 942 Νίην
1661 870 1838 931 πόλιν·
1861 863 1925 945 ἧς
1943 872 2072 953 ὑπὲρ
2100 864 2218 935 αἶαν

835 956 1154 1039 Λωτοφάγοι
1181 955 1414 1027 ναίουσι,
1442 956 1714 1042 φιλόξεινοι
1777 963 2018 1040 εγαῶτες·

837 1040 962 1103 ἔνθα
989 1046 1110 1105 ποτ’
1137 1043 1446 1125 αἰολόμητις
1467 1044 1730 1123 ἁλι-ἰμενος
1793 1050 1912 1108 λθεν
1941 1048 2247 1119 Ὀδυσσεύς.

841 1136 1030 1196 Κεῒνον
1058 1131 1104 1193 δ’
1131 1124 1200 1193 αὖ
1224 1134 1347 1215 περὶ
1376 1136 1550 1217 χῶρον
1573 1135 1908 1215 ἐρημωθέντα
1938 1138 2174 1221 μίλαθρα

840 1222 1042 1303 ἀνδρῶν
1073 1220 1354 1301 ἀθρήσειας
1377 1222 1744 1303 ἄποφθιμὲνων
1775 1224 2145 1305 Νασαμώνων,

718 1329 799 1369 ιιο
828 1309 914 1379 οὓς
940 1309 1064 1379 Διὸς
1093 1314 1185 1371 οὐκ
1207 1310 1490 1391 ἀλίγοντας
1515 1312 1782 1373 ἀπώλεσεν
1807 1314 2030 1382 Αὖσονὶς
2058 1317 2247 1397 αῑχμή.

843 1398 1127 1459 Ἀσὸύσται
1155 1398 1202 1459 δ’
1229 1400 1314 1461 ἐπὶ
1335 1406 1472 1460 τοῖσι
1501 1400 1808 1482 μεσήπειροι
1837 1404 1919 1461 τι)
1931 1404 2129 1462 {musis

689 1597 762 1649 ris
784 1594 1044 1667 Tyrrheni
1083 1614 1276 1650 nomen
1312 1596 1378 1651 ad
1421 1614 1630 1651 omnem
1672 1598 1830 1652 maris
1870 1598 2242 1657 Mediterranei

689 1684 890 1749 ,sanem
916 1674 1186 1729 occiduam
1214 1676 1525 1742 extendere,
1551 1676 1822 1750 subjungit
1851 1694 1866 1733 z
1898 1700 1922 1731 ε
1955 1682 2042 1737 On
2057 1694 2242 1737 trouve

687 1754 857 1807 intime
877 1752 950 1807 les
975 1766 1138 1809 traces
1163 1752 1232 1808 de
1253 1766 1334 1810 cet
1363 1754 1522 1812 ordre
1543 1755 1610 1811 de
1632 1758 1818 1813 choses
1838 1757 1868 1813 a
1896 1778 2002 1815 une
2033 1763 2243 1835 epoque

686 1832 858 1886 moins
879 1832 1108 1896 reculec,
1144 1832 1274 1888 dans
1311 1853 1383 1890 un
1417 1853 1530 1889 vers
1569 1834 1641 1890 oin
1669 1839 1845 1910 Denys
1885 1837 1934 1892 le
1969 1840 2236 1911 Peiieffete

681 1911 837 1965 ctcnd
859 1912 906 1966 la
933 1930 1044 1967 mer
1057 1913 1454 1985 Tyrrhenienne
1463 1914 1709 1987 jusqu'au
1731 1915 1858 1970 fond
1881 1918 1950 1971 de
1976 1918 2022 1973 la
2041 1918 2238 1989 grande

680 1989 860 2062 Syrte:
889 2008 948 2047 ce
978 1993 1071 2065 qui
1099 1991 1192 2049 fait
1213 2012 1471 2069 supposer
1495 1994 1658 2067 qu'au
1683 2007 2136 2052 commencement
2161 1996 2238 2051 du

679 2068 939 2125 troisieme
963 2071 1114 2127 siecle
1132 2113 1149 2140 ,
1181 2075 1388 2147 epoque
1412 2072 1487 2129 οὺ
1506 2072 1560 2146 je
1591 2094 1816 2148 suppose
1841 2075 1964 2149 qu’a
1989 2076 2064 2132 du
2095 2080 2236 2133 vivre

675 2166 736 2201 ce
757 2153 927 2221 poete,
958 2150 1004 2205 le
1029 2170 1154 2205 nom
1173 2150 1240 2206 de
1259 2154 1308 2207 la
1329 2172 1441 2207 mer
1459 2154 1857 2227 Tyrrhenienne
1881 2160 2228 2233 commencait

673 2226 706 2281 a
727 2231 977 2302 empie'ter
993 2230 1110 2303 deja
1135 2250 1226 2287 sur
1253 2232 1300 2288 le
1313 2234 1490 2289 bassin
1519 2232 1586 2288 de
1610 2234 1980 2309 l'Adriatique.
2018 2259 2040 2289 ι
2073 2240 2237 2293 Bern-

673 2306 904 2383 hardyus
917 2312 1154 2386 Dionysii
1183 2330 1390 2368 versum
1417 2313 1543 2369 illud
1571 2332 1678 2370 non
1697 2316 1922 2388 probare
1945 2328 2139 2373 censet.
2161 2323 2238 2377 Ac

670 2406 796 2443 sane
816 2392 858 2443 si
883 2404 1036 2463 poeta
1054 2393 1242 2447 fluctus
1261 2393 1314 2447 in
1334 2395 1474 2468 Syrti
1488 2395 1702 2450 excitari
1725 2394 1853 2450 dicit
1867 2397 2080 2468 quando
2095 2416 2238 2453 mare

671 2468 1005 2541 Tyrrhenum
1032 2484 1302 2541 tumescat,
1333 2492 1444 2529 non
1471 2474 1595 2530 inde
1617 2476 1853 2549 sequitur
1882 2476 1938 2531 id
1969 2496 2110 2534 mare
2139 2481 2234 2553 ipsi

669 2547 867 2619 Syrtidi
901 2552 1238 2621 incumbere,
1260 2554 1353 2609 sed
1399 2554 1522 2611 inde
1547 2555 1614 2611 ab
1647 2575 1738 2622 eo,
1770 2559 1864 2612 etsi
1913 2556 2233 2634 longinquo,

671 2626 864 2683 fluctus
893 2630 1007 2685 illos
1023 2634 1334 2704 repetendos
1351 2652 1482 2690 esse.
1506 2636 1590 2690 Sic
1610 2638 1752 2691 enim
1777 2656 1852 2691 vs.
1889 2654 1987 2710 107
2015 2636 2082 2693 de
2098 2641 2236 2713 Syrti

669 2708 866 2765 minori
891 2710 1024 2767 dicit
1049 2729 1064 2767 ε
1092 2732 1164 2783 τη
1181 2712 1214 2766 λ
1231 2714 1260 2767 ό
1275 2716 1302 2769 0
1315 2734 1338 2770 ε
1359 2734 1386 2769 ν
1407 2712 1678 2788 ἐρχομένην
1707 2716 1902 2789 δέχεται
1917 2718 2235 2793 πλημμυρίδα

667 2788 870 2847 πόντου.
905 2792 928 2863 ΙΙ
959 2822 1032 2835 -
1057 2808 1181 2849 202.
1215 2791 1423 2849 Laudat
1452 2812 1658 2850 versum
1689 2798 1867 2869 Etym.
1889 2798 1968 2851 M.
1987 2814 2038 2853 ν.
2062 2798 2235 2871 ἄμπω-

665 2888 766 2935 τις;
792 2871 860 2925 ad
877 2871 1104 2927 eundem
1126 2874 1339 2947 respicit
1358 2874 1662 2930 Eustathius
1695 2875 1763 2930 ad
1785 2876 1888 2932 Od.
1924 2898 1960 2949 μ
1989 2895 2042 2950 p.
2081 2884 2230 2950 1716,

667 2946 754 3001 36.
777 2948 1022 3019 11—203.
1049 2951 1264 3023 ξηροῖσιν
1289 2972 1374 3027 eqs
1395 2954 1418 3024 ΙΙ
1438 2960 1648 3020 —204.
1675 2956 1722 3008 δ’
1739 2974 1850 3011 om.
1870 2960 2111 3030 AKNeq.
2139 2957 2234 3031 ἄμ·

663 3030 910 3100 φοτεράων
931 3050 1010 3105 eq.
1037 3032 1304 3103 μεσαιτάτη
1335 3052 1386 3087 ο.
1422 3034 1660 3105 ΙΙ-αοὸ.
1693 3034 1823 3090 Νέαν
1843 3040 1944 3092 As.
1973 3038 2234 3112 Lotopha-

663 3124 756 3177 gos
782 3125 814 3163 a
833 3110 1000 3183 Syrtis
1022 3110 1236 3183 majoris
1253 3113 1483 3168 termino
1511 3114 1736 3169 occiduo
1759 3134 1924 3187 usque
1949 3115 2015 3171 ad
2036 3120 2230 3173 ostium

662 3188 826 3259 Syrtis
849 3190 1067 3244 minoris
1083 3193 1348 3263 pertinere
1365 3193 1528 3249 refert
1547 3194 1776 3269 Scylax-S
1799 3213 1820 3248 1
1834 3213 1928 3261 io;
1949 3195 2034 3250 alii
2057 3198 2226 3264 aliter,

665 3269 738 3321 uti
762 3280 982 3325 constat.
993 3271 1217 3342 ΙΙ-οοθ.
1237 3272 1484 3343 φιλόξενοί
1510 3294 1598 3345 περ
1615 3294 1729 3347 γεγ.
1761 3279 1819 3331 K
1827 3275 1969 3337 mr,-
1986 3276 2232 3347 φιλόξενοί

661 3364 714 3399 τε
737 3366 848 3417 γεγ.
866 3352 966 3411 Le,-
989 3349 1264 3413 πολῦξεινοι
1285 3370 1328 3405 ε.
1363 3354 1386 3421 ΙΙ
1410 3382 1484 3395 -—
1501 3370 1622 3423 207.
1657 3354 1912 3425 ἀλώμενος
1939 3354 2088 3429 bdeq.
2116 3358 2140 3427 ΙΙ
2158 3388 2230 3399 -

663 3428 787 3481 208.
811 3426 856 3478 δ’
879 3430 1030 3483 omis.
1051 3448 1086 3501 q
1100 3452 1120 3492 ,·
1143 3431 1187 3482 δ’
1207 3432 1266 3482 ἂν
1286 3434 1366 3495 0,·
1385 3426 1500 3486 αὖτε
1526 3452 1602 3505 eq.
1636 3435 1884 3505 11—209.
1911 3434 2222 3507 Νασαμόνων

665 3507 721 3561 Ν
730 3502 836 3559 Ydo
860 3504 1004 3571 Ald.;
1037 3505 1328 3580 ’Δσαμώνων
1363 3510 1460 3575 Ns,
1488 3508 1776 3583 Ἆσαμωνῶν
1797 3531 1846 3583 r,
1867 3511 2138 3586 Νασαμίων
2157 3520 2223 3571 Χ.

661 3582 985 3639 Nasamones
1001 3586 1304 3643 habitarunt
1325 3589 1490 3660 Syrtis
1511 3589 1720 3661 majoris
1737 3590 1803 3645 ad
1824 3591 1956 3645 latus
1979 3595 2228 3649 orientale

663 3670 716 3715 et
741 3660 812 3717 ad
849 3674 1054 3737 partem
1095 3664 1268 3721 lateris
1310 3668 1568 3724 australis.
1603 3671 1674 3725 V.
1719 3670 1978 3727 Herodot.
2026 3688 2079 3735 a,
2126 3674 2223 3742 32;

662 3747 716 3808 4,
754 3761 886 3815 1723
919 3746 1135 3819 seylam
1161 3748 1348 3803 Strabo
1388 3765 1442 3820 p.
1475 3750 1610 3819 8575
1651 3750 1854 3805 Plinius
1879 3750 1932 3818 5,
1962 3753 2014 3817 5,
2047 3752 2100 3816 5,
2123 3754 2222 3820 335

659 3824 868 3879 Lucan.
904 3845 958 3896 9,
985 3827 1110 3897 439.
1137 3830 1242 3881 Eos
1277 3838 1452 3882 aestate
1469 3869 1484 3893 ,
1511 3830 1750 3901 gregibus
1775 3832 1828 3883 in
1853 3848 1944 3885 ora
1967 3834 2226 3889 maritima

659 3901 875 3972 relictis,
898 3906 1076 3976 Augila
1097 3906 1242 3962 abire
1253 3906 1319 3961 ad
1335 3906 1645 3979 colligendas
1665 3907 1914 3981 palmulas
1929 3909 2088 3965 refert
2115 3914 2222 3966 He·

657 3982 902 4041 rodotus.
939 3989 1101 4041 Juxta
1137 3988 1248 4059 ipsa
1277 3986 1466 4058 Augila
1491 3987 1637 4042 sedes
1661 4006 1844 4043 eorum
1879 4001 2028 4045 notat
2065 3993 2229 4047 Ptole·

657 4080 857 4132 maeus3
879 4064 1146 4121 Diodorus
1173 4083 1257 4137 17,
1281 4068 1368 4133 50,
1394 4084 1429 4120 a
1445 4067 1615 4121 minus
1637 4079 1874 4123 accurate
1893 4088 1984 4123 eos
1995 4070 2228 4126 habitare

655 4145 788 4199 dicit
811 4145 881 4201 ab
903 4148 1194 4201 Ammonio
1211 4146 1320 4214 illo,
1350 4146 1494 4219 quod
1519 4146 1812 4202 Alexander
1837 4148 1984 4217 adiit,
2016 4149 2226 4205 boream

655 4242 837 4279 versus
877 4228 932 4280 in
979 4224 1362 4281 mediterranea
1396 4224 1638 4283 diffusos.
1681 4228 1868 4281 Nescio
1907 4248 1973 4283 an
2019 4228 2222 4285 diversa

651 4306 938 4359 Ammonia
957 4345 973 4371 ,
1021 4323 1142 4377 quse
1191 4304 1334 4377 apud
1386 4306 1756 4372 Garamantes,
1810 4308 2128 4363 Nasamones
2176 4320 2230 4364 et

649 4383 900 4457 Asbystas
925 4396 1094 4449 crant,
1123 4384 1394 4440 Diodorus
1417 4384 1733 4441 confuderit.
1766 4386 2071 4441 Secundum
2093 4390 2228 4443 Pau·

649 4464 848 4518 saniam
879 4480 928 4529 1,
947 4464 1033 4527 33,
1057 4466 1088 4517 5
1110 4466 1454 4531 Nasamonas,
1475 4465 1560 4527 οὓς
1583 4462 1848 4529 Ἄτλαντας
1874 4462 2133 4539 Ἡρόδοτος
2146 4462 2226 4519 οἷ-

650 4544 753 4609 δεν,
783 4545 832 4600 οἱ
859 4542 912 4599 Bi
953 4545 1104 4618 μέτρα
1129 4546 1340 4617 φάμενοι
1375 4549 1470 4618 γῆς
1511 4542 1718 4611 εἰδέναι,
1757 4545 1950 4610 Αιξῖτας
1989 4546 2218 4614 καλοῦσι,

653 4623 844 4678 Διὸὐων
863 4624 910 4679 oi
941 4624 1146 4697 ἔσχατοι
1173 4623 1292 4697 πρὸς
1325 4624 1552 4680 Ἄτλαντι
1585 4624 1804 4692 οἰκοῦσι,
1832 4627 2107 4699 σπείροντες
2135 4625 2222 4700 μὶν

653 4702 790 4757 οὐδὲν
804 4742 820 4771 ,
851 4702 947 4759 ἀπὸ
967 4702 1024 4759 si
1041 4702 1274 4776 ἀμπέλων
1296 4706 1478 4768 ζῶντες
1496 4702 1712 4775 άγρίων·,
1737 4705 1932 4777 quibus
1957 4707 2056 4760 alia
2081 4725 2223 4779 quoe·

653 4782 779 4836 dam
798 4794 976 4857 aperte
997 4784 1122 4839 salsa
1156 4782 1446 4856 subjungit.
1478 4787 1550 4839 At
1585 4784 1854 4839 Pausaniae
1881 4785 1936 4839 in
1975 4784 2058 4838 his
2077 4786 2220 4841 haud

653 4861 824 4934 major
841 4863 968 4919 fides
987 4876 1064 4919 est
1081 4882 1241 4937 quam
1260 4864 1594 4927 Philostrato,
1615 4864 1708 4935 qui
1735 4864 1790 4918 in
1813 4864 1928 4919 Vit.
1952 4866 2128 4939 Apoll.
2157 4872 2210 4935 6,

661 4943 724 4995 15
757 4944 1078 4999 Nasamones
1100 4962 1222 4999 cum
1245 4946 1500 5016 Pygmaeis
1525 4954 1579 4997 et
1611 4942 1980 5016 Androphagis
2002 4956 2056 4999 et
2077 4948 2217 5001 Scia·

652 5021 884 5093 podibus
907 5026 1196 5097 componit.
1221 5026 1552 5096 Quamquam
1593 5022 1735 5077 credi
1765 5034 1934 5095 potest
1965 5026 2216 5081 Nasamo-

651 5122 774 5171 nes,
800 5118 862 5161 ut
885 5108 1246 5173 Garamantes,
1270 5122 1366 5177 per
1391 5104 1580 5159 multos
1604 5106 1792 5160 Africae
1820 5106 2042 5160 borealis
2073 5107 2216 5161 locos

651 5183 810 5241 fuisse
826 5186 1209 5241 disseminatos.
1237 5186 1524 5256 Utriusque
1545 5184 1723 5258 populi
1741 5184 1999 5239 berberiei
2021 5203 2213 5240 nomen

651 5256 720 5311 ab
739 5261 1020 5315 Ammonis
1047 5260 1132 5316 dei
1155 5261 1304 5317 cultu
1329 5262 1670 5335 repetendum
1682 5280 1791 5318 csse
1807 5274 1984 5318 censet
2003 5266 2212 5320 Movere

652 5340 832 5396 Pltoen.
859 5355 915 5406 a,
939 5358 995 5412 p.
1029 5341 1154 5407 381,
1183 5340 1319 5397 adeo
1343 5352 1406 5396 ut
1436 5345 1772 5399 Garamantes
1799 5353 1853 5398 et
1888 5344 2209 5399 Nasamones

649 5420 754 5475 sint
781 5424 1094 5483 Gar-aman,
1127 5424 1432 5476 Nos-aman
1448 5462 1464 5489 ,
1511 5424 1548 5478 i.
1587 5442 1636 5477 e.
1683 5422 1952 5493 ἀμμώνιοι.
2001 5425 2204 5494 Quodsi

837 5520 1002 5563 GEOG·
1013 5547 1023 5557 ·
1057 5528 1110 5562 ss·

2346 720 2579 759 recessus
2605 714 2826 759 estuum
2852 706 3015 761 siccas
3040 724 3224 763 arenas
3248 716 3527 783 percurrit.

2344 794 2488 847 Inter
2510 803 2789 865 utramque
2814 804 2993 850 autem
3016 796 3188 851 nzedia
3218 800 3343 855 urbs
3372 801 3595 860 fundata
3620 817 3726 873 est,

2343 897 2501 952 quam
2526 880 2779 955 Neapolin
2810 894 3035 949 vocant3
3065 884 3215 957 cujus
3236 887 3371 943 ultra
3394 900 3585 948 tes-ram

2342 967 2573 1023 habitant
2602 969 2924 1041 Lotophagi,
2948 970 3189 1043 hospitali
3216 973 3447 1046 ingenio.

2342 1054 2471 1109 Illuc
2492 1053 2617 1109 olim
2634 1056 2903 1109 erroribus
2929 1068 3170 1113 versutus
3197 1061 3341 1115 venit
3366 1063 3564 1119 Ulixes.

2342 1144 2508 1197 Porro
2534 1141 2591 1196 in
2618 1143 2716 1197 ista
2742 1145 2959 1214 regione
2979 1142 3211 1201 daei-m
3234 1146 3383 1203 sedes

2342 1232 2697 1287 Nasamonum
2720 1232 3079 1308 contemplere
3093 1273 3111 1301 ,
3136 1252 3365 1307 quorum
3384 1255 3511 1308 gens
3534 1241 3788 1298 exstincta
3804 1252 3901 1311 est,

2340 1335 2505 1389 quum
2530 1320 2677 1373 Jovis
2705 1330 3101 1393 contemptores
3129 1322 3355 1377 Ausonia
3374 1341 3463 1379 cos
3490 1342 3635 1381 arma
3648 1325 3900 1384 delerent.

2338 1405 2449 1459 Hos
2475 1406 2742 1479 excipiunt
2769 1407 3015 1479 Asbystae
3040 1408 3434 1477 mediterranei,

2334 1591 2531 1647 Plinius
2565 1592 2601 1647 l.
2631 1593 2667 1647 l.
2698 1595 3018 1649 Nasamones
3056 1594 3193 1649 dicit
3213 1605 3371 1649 antea
3400 1598 3774 1653 Mesammones
3806 1618 3903 1675 ap-

2321 1670 2547 1743 pellatos
2584 1688 2691 1725 esse
2714 1672 2784 1727 ab
2810 1683 3114 1740 argicnoento
3158 1671 3278 1739 Ioci,
3325 1672 3521 1728 medios
3556 1672 3692 1729 inter
3715 1695 3901 1733 mnas·

2327 1748 2481 1815 sitos,
2528 1766 2693 1821 graeca
2724 1751 2823 1805 ista
2852 1750 3167 1823 etymologia
3206 1763 3327 1806 nata
3368 1762 3449 1807 est
3486 1770 3547 1807 ex
3586 1754 3803 1809 nomine
3842 1754 3899 1809 li·

2330 1825 2465 1899 byco
2490 1831 2875 1892 Mes-Ammon,
2909 1832 2947 1884 ii
2976 1848 3025 1883 e.
3056 1829 3147 1884 filii
3190 1833 3485 1886 Ammonis.
3521 1832 3705 1887 Clades
3738 1836 3899 1889 Nasa-

2332 1924 2573 1973 monum,
2604 1926 2761 1981 quam
2787 1910 3073 1983 Dionysius
3102 1909 3307 1975 innuit,
3326 1912 3552 1983 pertinet
3570 1909 3637 1965 ad
3662 1922 3899 1987 tempora

2330 1988 2637 2046 Domitiani.
2672 1991 2738 2045 V.
2768 1988 3055 2055 Eusebius,
3086 1988 3180 2059 qui
3218 1988 3272 2041 in
3314 1988 3515 2044 aaron.
3546 1988 3615 2043 ad
3643 2007 3732 2045 an.
3763 1991 3894 2047 Abr.

2328 2068 2585 2139 2101,0l.
2604 2072 2725 2134 216,
2749 2068 2949 2141 a,p.C.
2974 2068 3077 2124 86:
3108 2070 3444 2127 Nasamones.
3476 2069 3667 2141 inquit,
3681 2082 3734 2124 et
3759 2074 3897 2127 Dat-1

2328 2145 2459 2201 bello
2484 2146 2737 2201 acle-:rsus
2784 2151 3042 2201 Romanos
3076 2144 3318 2221 superati
3359 2158 3505 2201 sunt.
3546 2147 3629 2202 cf.
3668 2150 3891 2223 Syncell.

2327 2244 2361 2299 p
2416 2226 2545 2292 343,
2572 2228 2617 2281 1>
2643 2245 2655 2282 :
2686 2225 2762 2282 ἔπ’
2794 2226 2943 2281 αὗτοῦ
2974 2226 3103 2299 (sub
3132 2226 3468 2295 Domitiano)
3490 2226 3642 2292 Δᾶκες
3680 2230 3764 2283 καὶ
3788 2230 3895 2285 Να-

2327 2314 2545 2377 οψῦιες
2569 2307 2984 2376 ἔπεναστήοαντες
3014 2305 3275 2381 Ῥωμαίοις
3293 2308 3637 2381 διεφθάρησαν.
3666 2312 3895 2367 Zonaras

2324 2390 2395 2442 lx
2460 2408 2519 2459 :9
2550 2406 2563 2444 t
2596 2389 2785 2443 Πολλοὶ
2812 2389 2865 2443 δὲ
2897 2394 2991 2443 τῶν
3016 2388 3267 2444 ὑποτελῶν
3304 2386 3569 2461 Ῥωμαίοις
3594 2389 3889 2465 ἀφίσταντο,

2324 2470 2559 2541 χρήματα
2589 2472 2619 2541 β
2644 2472 2753 2533 aie-»3
2786 2471 3116 2542 πρασσόμενοι
3132 2509 3148 2534 ,
3174 2470 3241 2534 ὡς
3258 2468 3343 2523 καὶ
3360 2470 3409 2523 οἱ
3426 2468 3744 2543 Νασαμῶνες.
3774 2474 3895 2539 Τούς

2326 2568 2378 2603 τε
2402 2548 2501 2621 γὰρ
2526 2554 2623 2603 τῶν
2652 2551 2922 2621 χρςμάτων
2951 2551 3222 2621 πράκτορας
3247 2549 3470 2622 Ξφθειραν
3490 2590 3505 2615 ,
3543 2549 3627 2604 καὶ
3654 2549 3741 2605 τὸν
3767 2552 3893 2607 Νυν-

2327 2630 2487 2701 μιδίας
2511 2629 2729 2702 ἄρχοντα
2752 2630 2991 2683 Φλάκκον
3018 2628 3289 2685 ἐπελθόντα
3312 2630 3471 2701 σφίσιν
3495 2630 3710 2698 ἥττησαν
3743 2633 3894 2697 οὕτως

2322 2710 2391 2773 ὡς
2416 2710 2654 2783 πορθῆσαι
2692 2709 2775 2765 καὶ
2824 2709 2881 2765 τὸ
2924 2710 3272 2783 στρατόπεδον.
3301 2708 3539 2781 Εὗρόντες
3575 2710 3629 2764 δὲ
3669 2709 3721 2764 ἕν
3762 2712 3894 2785 αὗτῷ

2324 2788 2487 2843 τᾶλλα
2507 2808 2559 2844 τε
2573 2787 2821 2859 ἐπιτήδεια
2840 2788 2925 2845 καὶ
2942 2787 3106 2857 οἶνον,
3134 2789 3492 2862 ἐμπλησθέντες
3512 2790 3762 2850 ῦπνωσαν.
3794 2794 3890 2866 Καὶ

2327 2868 2512 2941 γνοὶιςὸ
2534 2868 2765 2934 Φλάκκος
2774 2872 2921 2923 τοῦτο
2943 2868 3139 2925 Ιπίθετο
3161 2866 3325 2931 αὖτοῖς
3349 2870 3431 2922 καὶ
3452 2870 3632 2933 πάντας
3641 2869 3884 2934 ἀπώλεσε,

2323 2947 2407 3001 καὶ
2429 2948 2539 3011 rob,
2566 2948 2851 3021 ἀπομάχους
2883 2950 3153 3023 διέφθειραν
3196 2950 3425 3012 ἅπαντας.
3464 2947 3574 3021 Ἐφ’
3598 2945 3643 3023 ᾧ
3670 2950 3698 3003 ὁ
3732 2950 3889 3024 Δομε-

2322 3028 2485 3093 τιανὸς
2509 3028 2725 3102 ἐπαρθεὶς
2758 3028 2868 3085 εἶπε
2904 3030 3022 3103 πρὸς
3054 3028 3145 3098 τὴν
3173 3030 3355 3102 βουληι
3384 3032 3461 3083 ὅτι
3512 3052 3533 3079 ι
3580 3028 3890 3103 Νασαμῶνας

2324 3108 2621 3163 ἰκώλυσα
2656 3106 2855 3167 εἶναι.
2884 3132 2906 3162 ι
2951 3110 3257 3167 Eustathius
3290 3122 3339 3165 et
3380 3110 3557 3166 Schol.
3602 3113 3885 3169 Lentulum

2320 3187 2583 3260 quendam
2640 3190 3003 3244 Romanorum
3050 3188 3241 3244 ducem
3276 3208 3305 3245 a
3358 3192 3742 3247 Nasamonibus
3798 3214 3889 3249 oc·

2320 3268 2485 3323 cisum
2526 3286 2637 3322 esse
2680 3268 2979 3340 perhibent.
3022 3268 3327 3325 Secundum
3374 3269 3585 3326 eosdem
3644 3274 3885 3328 nonnulli

2318 3350 2446 3420 (qui
2476 3350 2699 3419 Augusti
2738 3349 3065 3421 temporibus
3108 3361 3319 3422 poetam
3362 3352 3553 3405 vixisse
3592 3352 3879 3425 putabant·

2316 3445 2427 3481 rem
2448 3429 2708 3499 pertinere
2730 3427 2797 3481 ad
2819 3426 2939 3482 belli
2957 3428 3123 3482 civilis
3147 3440 3385 3502 tempora
3411 3429 3768 3500 conjecerunt.
3790 3433 3886 3485 Ce-

2317 3517 2487 3561 terum
2512 3524 2692 3579 reapse
2714 3508 2925 3579 penitus
2951 3507 3259 3562 exstinctam
3290 3507 3386 3562 ista
3406 3507 3554 3563 clade
3579 3507 3737 3563 fuisse
3759 3527 3881 3580 gen·

2317 3596 2421 3641 tem
2448 3586 2805 3641 Nasamonum
2828 3603 2925 3659 per
2950 3587 3325 3659 amplissimam
3353 3588 3619 3658 regionem
3642 3586 3881 3643 habitan-

2316 3676 2422 3720 tem
2442 3684 2537 3739 per
2549 3683 2605 3720 se
2622 3683 2807 3739 parum
2825 3665 3098 3739 probabile
3114 3677 3223 3733 est;
3242 3666 3333 3721 sed
3353 3675 3499 3721 tanto
3518 3665 3717 3721 facilius
3728 3677 3885 3741 poeta

2314 3746 2369 3799 in
2386 3746 2521 3801 hanc
2547 3749 2857 3801 sententiam
2880 3746 3024 3820 loqui
3046 3749 3238 3822 potuit,
3265 3766 3373 3821 quo
3393 3748 3567 3803 clades
3592 3747 3676 3803 illa
3704 3767 3883 3804 recen·

2316 3828 2418 3880 tior
2441 3835 2570 3890 erat,
2598 3844 2756 3897 quam
2781 3826 2921 3898 vulgi
2944 3828 3083 3882 sama
3098 3838 3153 3882 et
3176 3830 3507 3901 imperatoris
3526 3828 3778 3900 jactantia
3808 3830 3885 3883 in·

2314 3905 2485 3960 flatius
2521 3905 2827 3962 efferebant.
2874 3908 3182 3962 Rectissime
3229 3908 3390 3980 igitur
3422 3908 3549 3962 hinc
3596 3910 3878 3983 temporis,

2315 4003 2423 4057 quo
2466 3997 2619 4057 poeta
2652 3987 2937 4059 scripserit,
2980 3990 3176 4058 petitur
3214 3998 3605 4059 argumentum.
3651 3989 3717 4043 In
3756 3992 3879 4044 Pto·

2314 4064 2483 4119 lemoei
2510 4063 2697 4119 tabulis
2726 4076 2935 4136 gentem
2970 4083 3080 4119 non
3124 4064 3192 4119 ad
3230 4084 3380 4120 oram
3417 4063 3634 4137 quidem
3670 4068 3877 4121 mariti·

2316 4160 2483 4211 mam,
2530 4155 2759 4200 attamen
2796 4146 2851 4199 in
2892 4146 3144 4199 interiore
3176 4156 3317 4199 certe
3352 4145 3519 4217 Libya
3554 4144 3729 4200 adhuc
3764 4148 3877 4201 exi·

2314 4234 2535 4279 stentem
2561 4225 2819 4279 videmus.
2848 4226 2871 4295 ΙΙ
2894 4255 2967 4268 -
2983 4242 3107 4281 210.
3134 4225 3265 4297 Διὸς]
3293 4242 3369 4279 sc.
3396 4224 3561 4297 ὅρκιον
3584 4225 3664 4279 vel
3680 4224 3871 4289 ξεινίου,

2314 4304 2413 4357 nisi
2435 4314 2588 4379 poeta
2624 4306 2819 4358 Divum
2840 4305 3203 4360 Domitianum
3232 4323 3295 4359 ca
3322 4322 3451 4360 voce
3472 4304 3675 4377 signare
3703 4306 3877 4361 voluc-

2316 4384 2403 4441 rit.
2440 4387 2462 4458 ΙΙ
2489 4416 2561 4427 -
2588 4402 2710 4441 211.
2740 4384 3025 4458 Ἆσὸὗσται]
3050 4387 3219 4458 Supra
3243 4386 3485 4457 Cyrenen
3522 4384 3579 4437 in
3614 4383 3865 4440 mediter·

2315 4466 2482 4520 raneis
2508 4464 2766 4532 habitant,
2795 4483 2828 4519 a
2868 4464 3195 4536 Giligammis
3232 4482 3474 4519 occasum
3518 4481 3715 4531 vei-sus,
3762 4484 3866 4520 sec.

2312 4543 2641 4601 Herodotum
2674 4548 2728 4609 4,
2778 4562 2897 4614 ¹70·
2934 4543 3014 4598 Cl'.
3047 4544 3183 4599 Ptol.
3222 4549 3275 4613 4,
3309 4548 3362 4612 4,
3401 4562 3484 4609 xo,
3514 4543 3605 4599 ubi
3638 4540 3877 4601 ’Λσὸΰται

2314 4635 2583 4682 vocantur.
2609 4624 2987 4698 Hesperidibus
3006 4624 3351 4680 imminebant
3370 4642 3477 4680 sec.
3501 4622 3875 4679 Callimachum

2308 4721 2397 4776 ap.
2424 4704 2603 4776 Steph.
2635 4707 2783 4777 Byz.:
2830 4700 3095 4771 Ἀσὸὗστα,
3132 4703 3273 4766 πόλις
3316 4704 3513 4771 Διδύης.
3544 4703 3637 4757 Καὶ
3664 4702 3693 4757 ὁ
3730 4702 3873 4758 πολί-

2308 4804 2395 4853 της
2428 4783 2709 4852 ’Ammo
2736 4806 2759 4835 ε
2782 4784 2865 4853 οἵη
2894 4803 2948 4839 τε
2981 4784 3223 4856 Τρίτωνος
3259 4781 3329 4854 ἔφ’
3366 4782 3533 4835 ὕδασιν
3560 4779 3824 4837 ’Δσὸύσταο
3848 4806 3868 4833 n

2310 4863 2631 4936 Καλλίμαχος
2656 4862 2833 4918 Δίτῐων
2854 4866 3043 4938 πρώτῃ.
3074 4862 3274 4919 Plinius
3300 4878 3427 4917 vero
3470 4859 3561 4929 (5,
3589 4860 3641 4928 5,
3680 4862 3733 4927 5,
3763 4862 3828 4916 33
3850 4868 3871 4931 )

2306 4945 2377 4998 ita
2398 4943 2555 4999 habet
2586 4960 2601 4999 ι
2624 4948 2752 4999 Post
2776 4946 3109 4999 Nasamonas
3131 4941 3375 5013 Asbyseoe
3395 4952 3446 4995 ee
3466 4942 3639 4995 Macoe
3658 4940 3868 5005 viwnt,

2306 5023 2451 5077 ultra
2480 5041 2565 5078 eos
2586 5028 2860 5089 Amantes,
2904 5020 3037 5077 adeo
3066 5032 3129 5076 ut
3155 5020 3391 5095 Asbystae
3430 5038 3461 5074 a
3484 5020 3871 5075 Nasamonibus

2305 5121 2487 5158 versus
2510 5120 2752 5159 oceasum
2786 5104 2839 5156 in
2878 5103 3061 5155 intima
3082 5102 3221 5174 Syrti
3248 5097 3481 5173 ponendi
3508 5110 3699 5155 essent.
3732 5102 3873 5155 lon·

2301 5184 2417 5254 gius
2466 5182 2535 5237 ab
2578 5182 2861 5246 Herodoti,
2892 5182 3131 5253 Dionysii
3172 5190 3225 5235 et
3270 5177 3535 5235 Ptolemaei
3579 5178 3867 5233 rationibus

2301 5262 2543 5319 secedere
2570 5261 2804 5316 videatur
2821 5260 3009 5315 Strabo
3024 5278 3081 5334 p.
3109 5260 3231 5330 131,
3245 5258 3339 5329 qui
3359 5255 3477 5329 ὑπὲρ
3498 5260 3584 5323 τῆς
3605 5254 3870 5327 Κυρηναῖος

2299 5342 2385 5396 καὶ
2422 5347 2522 5395 τῶν
2559 5340 2774 5412 Σωρτίων
2800 5338 2991 5411 degere
3029 5338 3160 5393 dicit
3183 5335 3421 5399 Ψύλλους
3450 5334 3532 5387 καὶ
3558 5333 3866 5406 Νασαμῗινας

2298 5422 2383 5476 καὶ
2400 5428 2495 5477 τῶν
2522 5419 2799 5473 Γαιτούλων
2822 5420 2955 5483 τινὰς
2970 5458 2986 5486 ,
3006 5416 3100 5473 εἶτ’
3128 5417 3385 5480 Ἀσδῦστας
3402 5416 3484 5469 καὶ
3500 5414 3761 5476 Rutulos<
3780 5414 3864 5485 pi-

3655 5509 3683 5552 ⁸
