4584 6284
1933 548 2158 609 OBBlS
2197 546 2669 609 DESCRIPTIO.

867 681 1074 763 Πρόσθε
1088 682 1141 741 δὲ
1157 682 1438 748 Σουνιάδος
1450 679 2256 763 κορυφῆςρφὗπερθενᾏὸάντων,
2344 691 2417 743 At
2442 696 2561 742 ante
2584 686 2809 741 Sunium
2832 695 3013 757 caput,
3042 684 3177 739 ultra
3199 684 3453 749 Abantes,

867 768 1136 849 φαίνονται
1165 769 1410 844 Σαλαμίς
1432 792 1488 827 τε
1515 770 1604 827 καὶ
1627 770 1840 847 Αἰγίνης
1865 768 2185 847 πτολίεθρον.

867 857 1083 937 Κύπρος
1106 858 1151 917 δ’
1170 858 1242 924 εἷς
1265 857 1428 935 αὐγὰς
1450 858 1764 937 Παμφυλίου
1787 855 1950 917 ἔνδοθι
1979 858 2176 917 κόλπου

869 942 1100 1016 amca-⁶⁹,
1127 941 1388 1021 ἐπήρατον
1413 944 1543 1005 ἄστυ
1569 944 1822 1015 Διωναίης
1845 943 2142 1025 Ἀφροδίτης
2158 966 2172 981 ·

763 1050 843 1092 510
867 1030 982 1102 Τὴν
1010 1030 1066 1089 δὲ
1093 1030 1206 1107 μέτ’
1231 1031 1528 1103 ἀντολίηνδε
1557 1032 1848 1094 Χελιδόνιαι
1873 1030 2096 1110 γεγάασι

867 1120 1006 1197 τρεῖς
1030 1124 1180 1189 νῆσοι
1205 1120 1434 1199 μεγάλης
1461 1120 1790 1201 Παταρηίδος
1817 1120 2016 1181 ἔνδοθεν
2045 1120 2228 1201 ἄκρης.

872 1198 1002 1277 ἄγχι
1030 1199 1086 1259 δὲ
1114 1200 1364 1271 Φοινίκης
1389 1197 1604 1279 Ἄραδος
1633 1200 1844 1279 μεγάλῳ
1871 1202 1946 1260 M
1967 1201 2158 1275 πόντῳ.

951 1284 1166 1358 Θηητὸς
1189 1286 1244 1345 δι’
1270 1286 1345 1353 τίς
1373 1287 1482 1345 ἐστι
1510 1286 1666 1365 βαθὺς
1691 1287 1846 1363 πόρος
1874 1287 2138 1365 Αἱγαίοιο,

873 1373 1015 1441 ἔντος
1033 1373 1172 1453 ἔχων
1193 1374 1460 1454 ίκᾶτερθεν
1491 1374 1792 1453 ἀπειρεσίων
1820 1373 1976 1455 στίχα
2000 1372 2197 1444 νήσων,

770 1483 850 1521 ιιι
873 1462 1027 1521 ὅσσον
1057 1462 1141 1521 ἐπὶ
1165 1460 1443 1521 στεινωπὸν
1471 1458 1580 1519 ὕδω
1639 1460 2002 1537 Ἀθαμαντίδος
2027 1460 2252 1531 ‘'En-nc,

871 1542 1072 1612 Σηστὸς
1099 1541 1200 1612 ὅπη
1225 1540 1315 1599 καὶ
1338 1538 1550 1605 Ἀὅυδος
1599 1541 1797 1598 ναντίον
1825 1534 1984 1617 ὅρμον
2013 1539 2202 1599 {Oe-ero.

871 1628 1127 1707 Εὐρώπης
1152 1628 1200 1686 δ’
1227 1630 1282 1687 αἱ
1305 1626 1399 1701 μὲν
1425 1628 1577 1697 λαιῆς
1605 1626 1704 1685 ὑπὸ
1729 1626 1947 1701 νεύματι
1973 1625 2144 1705 χειρὸς

870 1712 1046 1795 ρὦνθ’
1070 1712 1260 1788 ἑξείης,
1296 1711 1466 1785 Ἀσίης
1489 1716 1534 1772 δ’
1563 1712 1649 1773 ἰπὶ
1678 1713 1815 1782 δεξιὰ
1843 1716 2072 1785 κεῖνται,

867 1805 1031 1875 μῆκος
1052 1801 1132 1859 ἐπ’
1156 1800 1408 1880 ἀρκτιροιο
1427 1804 1778 1877 τιταινόμεναι
1808 1803 2012 1881 βορέαο.

765 1910 845 1947 οευ
875 1886 1130 1965 Εὐρώπης
1159 1889 1205 1947 δ’
1233 1887 1350 1961 ἦτοι
1379 1888 1473 1963 μὲν
1503 1886 1774 1955 Ἀὅαντιὰς
1805 1887 1992 1947 ἔπλετο
2019 1885 2256 1968 Μάκρις,

865 1972 1064 2050 Σκῦρός
1083 1972 1130 2033 τ’
1151 1973 1445 2050 ἠνεμόεσσα
1469 1974 1560 2033 καὶ
1581 1972 1786 2046 αἰπεινὴ
1817 1972 2155 2051 Πεπάρηθος·

859 2056 1002 2115 ἔνθεν
1030 2058 1118 2118 καὶ
1148 2063 1391 2136 Λῆμνος,
1419 2061 1642 2141 κραναὸν
1669 2061 1824 2120 πέδον
1854 2058 2198 2139 Ἡφαίστοιο,

861 2143 1156 2219 πέπταται,
1186 2147 1384 2225 ὠγυγίη
1412 2172 1468 2207 τε
1491 2146 1694 2221 Θάσος,
1719 2147 2026 2227 Δημήτερος
2053 2146 2216 2217 ἀκτή,

857 2230 1078 2311 Ἷμὸρος
1096 2279 1113 2307 ,
1137 2234 1372 2314 θρηικίη
1399 2258 1454 2293 τε
1481 2232 1687 2311 Σάμος,
1715 2233 2068 2312 Κορυὸάντιον
2098 2233 2252 2292 ἄστυ.

763 2344 842 2383 5211
872 2322 946 2384 At
967 2323 1012 2379 δ’
1035 2322 1211 2396 Ἀσίης
1241 2322 1454 2401 πρώτην
1479 2312 1631 2382 αἶσαν
1657 2321 1843 2402 λάχον,
1873 2320 2034 2403 ἀμφὶς
2056 2323 2232 2383 ἐοῦσαι

707 2532 950 2569 versuum
967 2554 983 2579 ,
1009 2533 1167 2587 quem
1195 2515 1516 2585 grammatici
1550 2512 1838 2575 dederunt,
1877 2513 2156 2567 indicatur.
2185 2516 2257 2583 ‚In

705 2594 950 2664 codices
964 2610 1138 2647 versus
1181 2594 1282 2649 508
1323 2604 1376 2647 et
1417 2594 1539 2663 509,
1567 2592 1756 2664 quibus
1781 2592 1850 2646 de
1889 2594 2064 2665 Cypro
2095 2592 2258 2647 insula

705 2674 892 2743 agitur,
923 2682 1043 2746 post
1065 2690 1270 2727 versum
1301 2672 1401 2734 514
1430 2672 1730 2725 inseruntur
1753 2672 1946 2743 inepte.
1969 2673 2086 2726 Jam
2109 2682 2168 2726 ut
2192 2671 2260 2726 ad

706 2753 1019 2821 Dionysium
1047 2762 1298 2813 revertar,
1325 2768 1393 2805 ex
1435 2750 1682 2823 opinione
1707 2768 1812 2822 qua
1846 2762 2000 2823 poeta
2025 2752 2258 2824 Cyprum

700 2832 768 2885 ab
797 2846 988 2885 occasu
1015 2830 1438 2883 Chelidoniarum
1469 2829 1688 2900 positam
1712 2848 1824 2883 esse
1862 2829 2106 2902 putabat,
2125 2829 2259 2884 alius

701 2908 892 2981 pendet
913 2925 1065 2962 error
1087 2925 1196 2979 quo
1213 2910 1390 2961 sinum
1411 2907 1626 2959 Issicum
1639 2946 1657 2973 ,
1677 2908 1770 2977 qui
1783 2908 1960 2979 Cypro
1975 2907 2043 2961 ab
2059 2908 2260 2962 oriente

701 2988 876 3041 aestivo
899 2985 1135 3057 objectus
1161 2997 1268 3053 est,
1293 3002 1460 3056 usque
1488 2984 1596 3039 sere
1615 2984 1681 3040 ad
1708 2986 1901 3039 insulas
1927 2984 2260 3040 Chelidonias

699 3065 956 3135 pertinere
982 3065 1182 3135 putavit
1205 3066 1282 3133 (v.
1324 3065 1466 3132 128).
1504 3064 1724 3117 Causam
1759 3065 1954 3117 erroris
1981 3080 2047 3117 ex
2073 3065 2258 3118 vitiosa

701 3143 872 3197 tabula
904 3159 1065 3214 quam
1091 3142 1162 3197 oh
1183 3142 1362 3197 oculos
1383 3152 1537 3213 poeta
1558 3142 1823 3207 habuerit,
1852 3150 2086 3215 repetere
2111 3142 2253 3197 licet.

699 3224 930 3277 Omnino
955 3224 1098 3276 enim
1127 3225 1260 3276 situs
1281 3220 1568 3275 insularum
1595 3223 1650 3274 iu
1689 3233 1922 3275 veterum
1951 3221 2140 3275 tabulis
2161 3239 2254 3275 ne-

699 3301 970 3369 gligentius
1015 3301 1270 3355 indicatos
1313 3316 1424 3353 esse
1457 3318 1488 3353 e
1529 3298 1792 3353 Ptolemaei
1819 3298 2008 3353 tabulis
2045 3297 2255 3369 abunde

702 3387 919 3431 constat.
962 3380 1034 3431 At
1057 3378 1168 3431 fieri
1214 3377 1370 3431 etiam
1410 3375 1583 3448 potuit
1609 3387 1668 3430 ut
1690 3375 2026 3430 Chelidonias
2060 3376 2254 3429 insulas

705 3464 808 3507 tres
860 3454 1156 3511 confuderit
1197 3466 1381 3510 auctor
1425 3472 1546 3509 eum
1601 3453 1836 3509 Clidibus
1885 3454 2095 3519 insufla,
2137 3472 2256 3526 quac

704 3533 880 3605 Cypro
911 3532 978 3587 ab
1013 3535 1212 3588 oriente
1249 3532 1486 3605 adjacent
1523 3542 1628 3587 tres
1655 3532 1876 3604 majores
1927 3532 2252 3605 totidemque

706 3612 960 3677 minores,
981 3631 1296 3687 quamquam
1321 3612 1506 3669 Strabo
1530 3610 1658 3667 duas
1673 3623 1877 3667 tautum
1894 3652 1910 3677 ,
1939 3612 2139 3667 Plinius
2158 3629 2254 3665 au-

707 3702 808 3747 tem
836 3702 1085 3764 quattuor
1111 3710 1222 3747 esse
1240 3690 1498 3764 produnt.
1529 3692 1554 3760 1]
1583 3720 1657 3733 -
1681 3692 1803 3748 506.
1833 3690 2112 3762 ἐφύπερθεν]
2143 3690 2254 3747 iuni·

707 3772 870 3841 νερθεν
895 3772 1066 3836 Eut,
1097 3770 1356 3841 ὓπάνερθεν
1391 3787 1512 3823 cum
1543 3768 1613 3839 gl.
1643 3769 1948 3841 ὓπεράνωθεν
1965 3770 2023 3828 d.
2049 3771 2132 3827 Cl'.
2163 3789 2251 3842 97.

705 3850 830 3915 423.
856 3850 880 3921 ΙΙ
906 3878 980 3893 -
998 3849 1120 3907 508.
1146 3848 1496 3921 Παμφυλίου...
1517 3848 1722 3921 κόλπου]
1746 3850 1888 3905 Fort.
1917 3850 2016 3919 leg.
2038 3851 2218 3905 πόντου
2235 3892 2250 3918 ,

709 3946 874 4001 quum
899 3928 1082 3983 crebra
1109 3930 1178 3984 sit
1197 3929 1386 3983 harum
1413 3944 1602 3982 vocum
1623 3928 1862 3984 confusio
1888 3931 2046 3998 (sicut
2081 3932 2256 4002 paullo

704 4017 825 4079 post
847 4025 926 4064 vs.
958 4008 1104 4078 512).
1131 4008 1222 4062 8111
1240 4008 1441 4072 minus,
1469 4007 1536 4060 11.
1559 4006 1739 4070 κόλπος
1769 4025 1876 4061 vox
1899 4008 2070 4062 latiori
2101 4026 2258 4065 seusu

705 4104 802 4158 pro
829 4087 1008 4149 πόντος
1047 4098 1354 4159 usurpatur.
1378 4084 1739 4158 Pamphylium
1787 4104 1931 4142 mare
1979 4098 2122 4143 totus
2165 4090 2251 4144 ille

703 4167 858 4219 maris
883 4176 1078 4220 metus
1107 4165 1388 4219 vocabatur
1411 4165 1502 4235 qui
1525 4166 1661 4219 inter
1681 4165 1928 4221 Rhodum
1949 4176 2003 4221 et
2023 4168 2254 4240 Cyprum

703 4242 1002 4315 interjectus
1026 4255 1124 4299 est.
1147 4243 1479 4315 pamphylius
1504 4245 1648 4297 sinus
1663 4285 1676 4306 ,
1699 4245 1790 4316 qui
1809 4246 2020 4317 proprie
2040 4245 2254 4313 dicitur,

700 4340 731 4376 a
755 4322 1008 4395 Dionysio
1036 4340 1087 4377 v.
1121 4323 1236 4387 128,
1253 4321 1345 4375 ubi
1377 4320 1444 4374 de
1467 4324 1624 4375 maris
1651 4323 1840 4377 interni
1865 4322 2064 4378 sinibus
2084 4342 2257 4380 sermo

699 4410 802 4467 ωε,
840 4418 949 4455 11011
978 4410 1326 4465 memoratur,
1367 4399 1460 4453 sed
1490 4417 1611 4472 pars
1649 4410 1728 4455 est
1751 4404 1898 4455 sinus
1937 4404 2100 4457 Issici.
2132 4404 2155 4474 ss
2185 4434 2258 4447 —

703 4480 820 4550 ⁵⁰9-
847 4479 1076 4541 κλόζεται
1092 4481 1298 4551 Cfeqst
1311 4500 1334 4541 ,·
1351 4476 1585 4549 ἐπήρατος
1605 4476 1696 4532 αἶα
1717 4482 1792 4535 A.
1814 4480 1899 4538 Cl'.
1928 4497 1980 4535 V.
2017 4485 2135 4546 124,
2161 4482 2255 4537 ubi

701 4556 1034 4611 Samothrace
1060 4555 1228 4611 insula
1249 4566 1466 4611 vocatur
1479 4556 1816 4626 Κορυόάντιον
1842 4558 2258 4615 ἄστο.·8ἰιιιίὶίιει·

703 4632 882 4689 Efficax
919 4633 1062 4699 πόλις
1097 4634 1164 4689 ab
1192 4633 1440 4708 Euripide
1467 4644 1521 4688 et
1545 4634 1644 4689 alia
1663 4634 1730 4690 ab
1755 4635 1868 4690 aliis
1889 4640 2058 4709 poetis
2083 4648 2138 4691 et
2163 4638 2255 4693 de-

703 4713 1066 4768 clamatoribus
1106 4712 1210 4768 dici
1253 4714 1308 4767 in
1344 4712 1528 4784 vulgus
1566 4724 1784 4769 constat.
1817 4716 1941 4786 11-
1977 4716 2100 4771 510.
2143 4716 2254 4790 τὴν]

705 4794 792 4860 τῆς
819 4810 870 4856 r,·
888 4791 1118 4861 ἀντολίην
1145 4811 1198 4847 τε
1223 4790 1342 4849 cod.
1379 4794 1440 4858 ζ;
1468 4792 1718 4860 ἀντολίην,
1739 4794 1935 4847 omisso
1973 4794 2054 4868 δὲ,
2083 4794 2142 4858 b,·
2167 4815 2254 4867 γι-

704 4872 886 4942 γάασσι
923 4870 984 4924 be
1009 4884 1062 4925 et
1087 4880 1306 4926 correct.
1347 4874 1468 4941 ΒΟ.
1498 4872 1522 4941 ΙΙ
1551 4900 1625 4913 —-
1647 4874 1768 4927 511.
1796 4875 1943 4944 τρεῖς]
1968 4873 2054 4927 Sic
2094 4875 2252 4930 etiam

701 4948 890 5003 Strabo
914 4966 971 5020 p.
998 4953 1102 5013 406
1127 4961 1182 5005 et
1200 4949 1398 5004 Plinius
1427 4948 1480 5014 5,
1503 4950 1590 5003 35.
1619 4968 1673 5019 9,
1703 4951 1799 5016 85;
1827 4951 1914 5004 δύο
1945 4969 2050 5005 sec.
2078 4952 2252 5023 Scyla-

700 5046 816 5082 cem
837 5031 868 5097 s
894 5046 994 5082 100
1021 5040 1075 5083 et
1099 5030 1343 5101 stephan.
1367 5046 1420 5081 v.
1445 5028 1747 5095 Χελιδόνιαι;
1767 5032 1958 5083 rectius
1975 5031 2114 5085 πέντε
2141 5050 2246 5086 sec.

697 5106 1038 5160 Ptolemaeum
1066 5106 1120 5173 5,
1145 5108 1176 5163 3
1199 5124 1254 5179 p.
1284 5107 1386 5160 326
1407 5106 1492 5162 ed.
1517 5107 1780 5177 Wilbcrg.
1799 5110 1872 5163 V.
1902 5118 2014 5163 not.
2045 5110 2100 5161 in
2120 5119 2161 5163 t.
2198 5125 2246 5175 ι,

2341 774 2557 831 Salamis
2582 773 2879 844 AEginaeque
2900 771 3153 845 oppidum
3174 782 3439 845 apparat.

2342 862 2546 933 Cyprus
2572 876 2699 913 vero
2719 857 2787 914 ad
2806 868 2982 915 ortum
3005 860 3059 912 in
3080 858 3503 931 Pamphyliorum
3528 860 3647 913 sinu

2341 948 2571 1013 alluitur,
2594 964 2799 1001 amoena
2818 946 2998 1001 civitas
3018 946 3237 1000 'Veneris
3256 946 3503 1001 Dionaeae.

2343 1038 2469 1091 Post
2490 1034 2625 1089 hanc
2646 1050 2825 1087 versus
2846 1036 3097 1088 or‘oentem
3124 1030 3441 1087 Chelidoniae

2344 1131 2449 1175 tres
2466 1119 2646 1175 insulae
2662 1158 2677 1185 ,
2702 1136 2949 1191 magnum
2966 1120 3103 1173 intra
3122 1120 3395 1173 Patareuse
3416 1120 3861 1191 promontorium.

2341 1209 2499 1262 Juxta
2518 1224 2642 1259 vero
2661 1204 2943 1260 Phoenicen
2962 1202 3167 1259 Aradus
3184 1220 3371 1275 magno
3392 1205 3450 1257 in
3468 1207 3621 1259 mari.

2420 1292 2749 1363 Conspicuus
2770 1300 2945 1345 autem
2968 1300 3045 1345 est
3062 1289 3194 1344 altus
3214 1290 3371 1361 ἕξεί
3394 1306 3579 1345 cursus
3592 1331 3609 1357 ,

2347 1377 2591 1449 utrinque
2616 1375 2951 1447 multiplicem
2980 1374 3263 1429 insularum
3280 1376 3464 1429 seriem
3488 1376 3813 1449 complexus,

2342 1480 2509 1535 usque
2544 1462 2611 1516 ad
2646 1470 2926 1533 angustum
2951 1462 3120 1517 Helles
3157 1462 3533 1517 Athamantidis
3560 1463 3777 1529 srcmm,

2341 1548 2432 1603 ubi
2452 1551 2625 1603 Sestus
2639 1558 2692 1601 et
2710 1546 2927 1621 Abydus
2948 1565 3013 1601 ex
3035 1545 3251 1602 adverso
3274 1549 3549 1603 stationem
3578 1559 3883 1623 posuerunt.

2342 1636 2567 1706 Europ:
2612 1631 2984 1687 adscribuntur
3031 1651 3149 1705 que
3188 1632 3257 1687 ad
3294 1633 3433 1687 lame
3475 1652 3662 1688 manus
3700 1645 3885 1688 nutum

2341 1722 2603 1773 continuae
2626 1728 2749 1773 sunt
2764 1718 3026 1784 stabilita
3056 1718 3194 1773 Asia
3216 1735 3333 1789 quae
3348 1716 3415 1771 ad
3438 1716 3677 1772 dextram
3689 1717 3855 1789 jacent
3870 1758 3885 1781 ,

2346 1803 2671 1876 longitudine
2704 1802 2771 1858 ad
2798 1804 3249 1875 septentrionalem
3274 1804 3486 1859 boream
3511 1814 3779 1877 pon-ecta.

2347 1890 2431 1947 Ad
2454 1894 2717 1965 Europam
2744 1892 2905 1961 igitur
2921 1891 3167 1946 Abantias
3190 1892 3381 1945 Macris
3403 1892 3647 1955 refert-ur,

2346 1979 2614 2049 ventisque
2633 1979 2796 2049 petita
2821 1977 3011 2051 Scyrus
3026 1988 3079 2031 et
3098 1977 3228 2031 celsa
3248 1978 3585 2049 Peparethus.

2344 2060 2477 2117 Inde
2500 2064 2653 2117 etiam
2678 2064 2941 2129 Lemnus,
2972 2060 3335 2133 confragosum
3363 2063 3584 2117 Vulcani
3612 2062 3813 2128 solum,

2344 2148 2691 2220 protenditur,
2714 2158 2769 2203 et
2790 2149 2961 2221 prisca
2985 2150 3187 2202 Thasus
3202 2187 3219 2213 ,
3248 2148 3450 2201 Cereris
3467 2166 3653 2204 arvum
3669 2187 3686 2214 ,

2346 2236 2655 2309 Imbrusque
2671 2246 2725 2291 et
2744 2236 3073 2291 Samothrace
3086 2274 3102 2301 ,
3130 2236 3483 2308 Corybantum
3510 2238 3707 2290 civitas.

2348 2332 2417 2379 At
2439 2342 2556 2397 quae
2586 2323 2741 2379 Asiae·
2758 2322 2979 2395 primam
3020 2324 3291 2377 stationem
3318 2333 3523 2388 tenent,
3562 2322 3889 2377 circumfusae

2347 2518 2469 2569 ὅπου
2498 2516 2718 2587 Cachoq,
2750 2513 2875 2587 ὁμοῦ
2899 2518 2969 2579 D,
3002 2516 3113 2569 ὅποι
3145 2514 3265 2568 cod.
3295 2533 3337 2568 ε.
3374 2514 3395 2583 ΙΙ
3428 2542 3501 2557 -
3539 2514 3655 2585 517.
3690 2514 3889 2581 νεύμασι

2350 2600 2459 2659 Do,
2486 2593 2631 2662 Ald„
2673 2596 2923 2667 Paraphr.
2960 2596 2983 2665 ΙΙ
3014 2625 3078 2635 -
3114 2597 3233 2649 518.
3277 2592 3472 2667 filiove]
3508 2592 3671 2666 ρόονο’
3715 2594 3883 2655 DGd.

2348 2674 2520 2745 ῥωουθ’
2543 2676 2893 2747 suprascripto
2904 2673 3064 2747 ῥόονο’
3078 2691 3129 2738 ο,
3145 2672 3318 2745 ῥωάνθ’
3340 2674 3693 2745 suprascripto
3712 2672 3883 2743 ῥωόνθ’

2350 2758 2427 2813 Ε.
2460 2753 2585 2825 ῥόων
2626 2751 2671 2805 θ’
2708 2770 2762 2815 e,
2812 2750 2927 2824 ῥόον
2952 2752 3073 2805 cod.
3103 2769 3155 2817 ε,
3178 2750 3390 2823 ὁρμῶνθ’
3416 2753 3465 2819 Q
3504 2760 3557 2804 et
3588 2750 3741 2807 editt.
3770 2762 3891 2805 ante

2347 2832 2545 2887 Bernh.
2555 2852 2576 2881 ι
2592 2830 2739 2886 Istud
2752 2840 2924 2885 autem
2940 2829 3164 2903 ρώονται,
3176 2828 3319 2901 quod
3332 2828 3635 2901 glossatore·
3646 2829 3891 2901 όρμῗινται

2348 2912 2754 2981 interpretantur
2808 2910 2881 2981 (v,
2930 2908 3215 2981 Hesychius
3256 2908 3385 2962 locis
3426 2908 3852 2979 aliquammultis)
3868 2949 3884 2975 ,

2346 3007 2457 3043 non
2482 2990 2594 3043 vice
2616 3006 2763 3043 versa
2780 3028 2795 3054 ,
2820 2990 3070 3043 rariorem
3100 2987 3327 3042 obtinuit
3350 3003 3503 3041 usum
3542 3004 3701 3059 quam
3736 2987 3891 3058 ῥιζοῦ-

2346 3070 2484 3133 σθαι,
2509 3067 2649 3139 quod
2692 3068 2747 3120 in
2788 3066 2967 3121 insulis
2994 3067 3123 3121 mari
3150 3066 3285 3119 nixis
3328 3083 3391 3120 ac
3430 3062 3681 3119 radicitus
3707 3064 3889 3119 defixis

2343 3150 2471 3219 poni
2490 3147 2637 3203 solet.
2660 3152 2737 3200 Ac
2763 3148 2873 3200 lieri
2894 3157 3061 3220 potest
3084 3157 3143 3199 ut
3164 3148 3438 3217 Dionysius
3457 3146 3774 3199 locutionem
3792 3146 3891 3199 ele·

2340 3225 2693 3295 gantissimam
2740 3220 2897 3295 χορὸν
2935 3224 3179 3297 ῥώοασθαι
3225 3225 3407 3289 (Hom.
3453 3224 3509 3277 h.
3566 3225 3707 3279 Ven.
3759 3224 3882 3295 262)

2339 3304 2645 3373 expresserit
2678 3328 2703 3349 ι·
2734 3318 3083 3357 annutiant.
3110 3301 3192 3357 Cs-
3217 3302 3394 3374 steph.
3420 3301 3578 3355 Thes.
3606 3318 3657 3355 ν.
3686 3300 3799 3372 ῥώω
3826 3320 3881 3373 p.

2342 3384 2503 3444 2462.
2534 3380 2555 3450 ΙΙ
2586 3379 2782 3452 ῥόωνίΡ,
2811 3376 2959 3447 ἑξείης
2983 3380 3028 3431 δ’
3062 3378 3215 3447 Ἀσίης
3236 3378 3315 3434 ἐπὶ
3336 3382 3404 3434 Χ.
3440 3380 3462 3449 ΙΙ
3496 3408 3568 3421 --
3588 3379 3709 3449 519.
3734 3384 3887 3450 μῆκος

2341 3460 2386 3512 δ’
2408 3458 2483 3515 ἔπ’
2509 3459 2629 3526 beg,
2655 3462 2809 3529 μῆκος
2833 3459 2876 3511 τ’
2898 3458 2971 3513 ἐπ’
3000 3464 3069 3521 C,-
3096 3458 3425 3530 τιταινόμενος
3467 3455 3534 3520 d,
3561 3460 3887 3528 τιταινόμενοι

2340 3536 2441 3593 cod
2470 3556 2511 3593 ε.
2550 3539 2571 3609 ΙΙ
2596 3568 2668 3580 -
2696 3539 2817 3593 520.
2846 3535 2952 3605 ἤτοι
2983 3536 3029 3588 δ’
3060 3534 3290 3608 Εὖρῶπης
3330 3534 3415 3607 μὶν
3461 3534 3555 3589 Ἆ6.
3594 3534 3715 3589 cod.
3747 3540 3818 3589 A.
3852 3538 3875 3605 ΙΙ

2339 3647 2412 3662 -
2434 3620 2555 3671 521.
2590 3617 2768 3689 Σκόρος
2794 3636 2851 3681 e,
2878 3616 3083 3689 Σκόρρος
3115 3619 3213 3679 Co,-
3244 3612 3537 3687 ἠνεμόεσσα]
3584 3641 3607 3662 ι
3646 3615 3891 3670 Similiter

2344 3696 2597 3767 ἀνεμώδεα
2640 3694 2863 3749 insulam
2910 3697 3111 3749 vocavit
3153 3693 3430 3768 Sophocles
3455 3695 3647 3764 scyriis
3680 3692 3745 3749 sr.
3776 3712 3825 3751 1.
3857 3718 3881 3741 ¹·

2340 3778 2549 3831 Banu.
2580 3774 2855 3847 Πεπάρυθος
2880 3780 2952 3831 D.
2983 3774 3007 3844 ΙΙ
3038 3803 3110 3816 -
3130 3773 3253 3830 522.
3280 3770 3415 3826 Ἔνθ’
3451 3772 3525 3826 ἔνι
3552 3769 3648 3845 (ἐνὶ
3685 3774 3760 3843 m)
3800 3770 3883 3825 καὶ

2346 3853 2753 3927 CDKcsmoqtoe5
2782 3852 2881 3907 ἕνθ’
2898 3854 2991 3925 ἄρα
3010 3852 3093 3908 καὶ
3104 3856 3173 3908 0.
3182 3852 3407 3923 11-523.
3424 3850 3653 3905 Versum
3674 3849 3886 3905 laudaut

2344 3938 2521 4005 Etym.
2536 3935 2617 3991 M.
2644 3950 2700 4005 p.
2726 3936 2851 3997 820,
2876 3935 2943 4005 39
2959 3950 3011 3987 v.
3030 3932 3249 4003 Ὠγυγος
3275 3942 3329 3986 et
3348 3928 3583 3985 Eudocia
3601 3928 3804 3986 Violar.
3826 3947 3881 4002 p.

2346 4014 2467 4078 438.
2501 4031 2555 4067 τε
2576 4030 2686 4067 0111.
2714 4010 3021 4085 fill—darni]
3040 4010 3174 4066 ἆκτίν
3196 4010 3343 4065 be.
3358 4008 3610 4064 DeThasi
3628 4005 3885 4062 fertilitate

2342 4103 2397 4145 et
2418 4090 2757 4162 proventibus
2792 4109 2843 4147 v.
2869 4092 3147 4148 Athenaeus
3180 4108 3235 4162 p.
3260 4092 3349 4145 28.
3376 4104 3467 4157 29.
3498 4088 3586 4143 32.
3612 4104 3733 4157 129.
3762 4086 3883 4151 364,

2344 4168 2526 4241 virgil.
2563 4171 2756 4240 Georg.
2787 4186 2841 4233 2,
2893 4187 2981 4240 91,
3023 4169 3157 4225 Ρ1ἰ11.
3203 4173 3287 4231 14,
3334 4170 3419 4219 16.
3464 4164 3680 4237 Διπαρῆν
3726 4162 3886 4217 θάσον

2346 4246 2481 4301 dixit
2500 4246 2767 4301 Theocrit.
2792 4249 2969 4319 Epigr.
2992 4266 3046 4317 9,
3064 4247 3116 4301 3.
3142 4244 3227 4302 Cl'.
3250 4248 3457 4299 Movet-s
3473 4244 3651 4298 Pltoen.
3680 4253 3721 4298 t.
3749 4259 3803 4309 2,
3828 4260 3887 4315 p.

2345 4344 2469 4398 277.
2489 4328 2690 4381 (lenuis
2714 4326 2908 4397 effigies
2938 4328 2991 4379 in
3018 4342 3181 4379 numo
3202 4342 3287 4395 ap.
3312 4320 3528 4378 Eckhel.
3556 4323 3626 4377 D.
3656 4322 3725 4377 N.
3760 4338 3807 4387 1,
3831 4338 3882 4385 2,

2343 4425 2397 4478 p.
2430 4408 2517 4469 54.
2559 4404 2836 4459 Pausanias
2868 4420 2949 4469 10,
2981 4407 3047 4459 28
3093 4418 3109 4455 :
3136 4400 3401 4455 Κλεόὸοιαν
3438 4400 3491 4454 ὀὶ
3528 4399 3594 4461 εἰς
3628 4398 3788 4453 Θάσον
3825 4397 3885 4451 τὰ

2344 4488 2487 4556 ὄργια
2508 4486 2593 4550 τῆς
2612 4483 2864 4555 Δήμητρος
2888 4483 3081 4552 πρώτην
3117 4479 3329 4547 ἐνεγκεῖν
3360 4477 3414 4531 ἐκ
3440 4478 3621 4549 Πάρου.
3652 4476 3735 4533 Cf.
3775 4480 3886 4532 Ho-

2348 4581 2477 4619 mer.
2507 4562 2561 4615 h.
2581 4563 2635 4615 in
2653 4563 2772 4615 Cer.
2798 4560 3152 4629 496.ΙΙ-524.
3180 4550 3883 4629 Ku964vttovABEFMbe5'10,

2342 4644 2467 4695 item
2494 4644 2557 4703 C,
2583 4638 2931 4710 suprascripto
2946 4636 3143 4709 Kopu6.;
3164 4635 3489 4707 Κυραὸάντιον
3508 4652 3555 4699 c,
3578 4634 3885 4705 Κρυὸάντιον

2345 4725 2421 4775 D.
2452 4719 2589 4773 Fieri
2629 4728 2801 4788 potest
2822 4734 2879 4769 ut
2902 4715 3048 4786 Κυρὸ.
3088 4715 3308 4784 genuina
3333 4714 3400 4766 sit
3419 4710 3590 4767 lectio.
3622 4713 3645 4783 ΙΙ
3668 4741 3737 4753 -
3760 4712 3883 4767 525.

2342 4797 2526 4868 ἰοῦσαι]
2580 4799 2723 4853 ABG
2728 4800 2832 4851 DE
2840 4798 2925 4849 FG
2933 4800 3035 4851 HK
3037 4798 3191 4850 MNO
3200 4798 3243 4851 Y
3242 4796 3297 4848 X
3297 4789 3582 4864 abcdeopqt
3597 4814 3617 4855 ,·
3688 4788 3883 4844 ἑλοῦσαι

2342 4874 2464 4931 cod.
2486 4894 2528 4939 ε,
2549 4874 2695 4946 quod
2714 4884 2889 4929 ortum
2910 4891 3018 4927 esse
3042 4891 3106 4927 ex
3132 4870 3335 4943 ἔχουσαι
3348 4910 3365 4937 ,
3384 4870 3519 4925 sicut
3537 4868 3786 4940 Pamphr.
3814 4870 3883 4923 le·

2341 4957 2475 5027 gisse
2494 4954 2715 5017 videtur,
2747 4966 2920 5007 censet
2940 4950 3230 5017 Brunkius;
3253 4950 3409 5004 ἰοῦσαι
3435 4949 3625 5021 reliqui
3646 4947 3806 5004 codd.
3832 4959 3885 5002 et

2337 5033 2489 5087 editt.
2531 5032 2777 5103 Cyclades
2802 5050 2831 5084 a
2861 5032 3109 5103 Dionysio
3150 5033 3276 5085 Asiae
3308 5028 3686 5083 attribuuntur.
3724 5028 3883 5096 Quod

2337 5112 2500 5177 idem,
2516 5111 2635 5165 licet
2646 5113 2819 5165 miuus
2830 5111 3115 5183 perspicue,
3132 5108 3309 5163 fecisse
3326 5104 3761 5177 Agatharchidem
3775 5124 3830 5178 p.
3848 5106 3878 5157 3

696 5202 753 5255 1¹·
785 5186 868 5253 74·
895 5185 1148 5256 11-512.
1177 5185 1364 5257 πόντῳ]
1379 5185 1549 5256 κόλπῳ
1570 5185 2243 5261 ABEGHdefikmnpx.
2333 5208 2443 5245 non
2474 5200 2611 5243 recte
2639 5198 2813 5242 censet
2836 5187 3216 5260 Bernhardyus.
3252 5187 3391 5240 Dicit
3424 5182 3831 5257 Agatharchides
3858 5200 3874 5237 :

702 5264 725 5329 ΙΙ
749 5290 822 5306 -
841 5259 962 5325 514.
995 5259 1288 5335 ἑκατέρωθεν
1325 5266 1378 5318 U
1395 5273 1448 5316 et
1473 5263 1684 5318 sortasse
1719 5266 1769 5321 b.
1795 5296 1868 5307 -
1889 5266 2159 5336 Ξπειρεσίον
2195 5286 2243 5320 c.

2344 5268 2474 5323 Ἀσία
2498 5268 2549 5322 δὲ
2571 5272 2663 5335 (sc.
2682 5265 2885 5337 ἐκλήθη)
2904 5266 2997 5321 ἀπὸ
3011 5270 3097 5321 τοῦ
3118 5262 3265 5319 ἆσσον
3290 5263 3535 5326 εἶναιτοῖς
3558 5262 3639 5317 ἀπ’
3654 5259 3882 5332 Εὐρώπης

704 5339 728 5409 ΙΙ
753 5368 824 5381 -
851 5339 972 5394 516.
1003 5338 1208 5395 Laudat
1243 5356 1450 5393 versum
1476 5341 1762 5413 Stephanus
1796 5362 1844 5398 v.
1874 5342 2084 5399 'AS-mot.
2127 5344 2242 5416 ὅπη]
2334 5346 2527 5400 ἀπιοῦσι
2556 5346 2637 5399 καὶ
2666 5346 2787 5417 πεζῇ
2822 5344 2904 5397 καὶ
2934 5342 3097 5411 νήσοις
3125 5341 3357 5413 στιχηδὸν
3394 5342 3657 5413 κειμένοις,
3684 5334 3756 5391 ὧν
3786 5337 3879 5392 Εὕ-
