4584 6284
589 462 701 517 188
1831 454 1986 517 mJF
1989 455 2018 516 1
2057 456 2105 515 F
2109 454 2273 517 ESTI
2317 455 2587 516 AVlENI

577 594 836 656 spreverit
864 585 965 639 bos
989 584 1186 649 saltus;
1214 584 1348 638 nihil
1369 582 1547 655 indiga
1569 583 1828 637 subtrahit
1849 602 1944 638 ora
1960 624 1976 648 ,

395 672 544 755 (ωηο)
579 669 727 725 dives
753 670 922 726 humo
949 670 1098 726 tellus
1116 711 1133 738 ,
1154 669 1302 725 dives
1321 670 1462 743 jacet
1485 671 1674 727 arbore
1701 689 1898 744 cespes.

397 764 548 817 ¹19⁵
649 760 812 817 Istius
843 762 900 815 in
932 760 1132 815 borean
1179 759 1437 833 quIcquid
1465 760 1800 834 protenditur
1826 761 1970 832 agri,

579 850 822 905 Armenii
851 860 906 904 et
930 851 1036 904 vita
1058 849 1182 905 duri
1210 849 1414 903 sulcant
1429 850 1664 904 Matieni.

580 937 704 1005 Qua
729 946 856 991 sunt
883 936 1052 991 flabra
1072 938 1188 991 noti
1207 976 1222 1002 ,
1246 936 1484 1009 Babylon
1511 935 1828 992 subducitur
1855 954 1977 991 arce

397 1022 548 1101 (10011)
579 1041 801 1097 procera
830 1025 887 1079 in
912 1025 1103 1080 nubes.
1129 1026 1284 1079 Hanc
1305 1025 1476 1099 prisca
1494 1026 1794 1081 Semiramis
1821 1025 2010 1081 urbem

585 1112 794 1167 vallavit
821 1115 990 1167 muris
1007 1154 1024 1181 ,
1054 1131 1190 1186 ques
1217 1131 1326 1168 non
1353 1113 1629 1168 absumere
1649 1114 1903 1179 flammae,

401 1207 552 1261 1200
586 1217 697 1254 nou
725 1201 862 1255 aries
890 1212 1168 1274 penetrare
1197 1212 1373 1273 queat.
1405 1202 1516 1255 Stat
1544 1202 1770 1255 maxima
1795 1199 1906 1255 Beli

583 1288 702 1345 aula
728 1308 946 1362 quoque
981 1301 1197 1361 argento
1218 1330 1233 1355 ,
1259 1288 1451 1345 domus
1478 1290 1616 1345 Indo
1654 1288 1814 1344 dente
1838 1287 2048 1343 nitescit

582 1394 776 1430 aurum
803 1387 941 1431 tecta
964 1378 1169 1449 operit,
1195 1376 1306 1431 sola
1324 1377 1424 1431 late
1449 1380 1678 1449 contegit
1701 1393 1914 1431 aurum.

585 1463 706 1534 Ipsa
740 1460 935 1516 dehinc
963 1462 1141 1529 tellus,
1171 1480 1288 1534 quse
1307 1463 1752 1537 circumplectitur
1773 1461 1955 1515 urbem
1969 1498 1986 1527 ‚

401 1543 553 1622 ’(1010)
583 1561 641 1602 01
664 1566 1012 1621 procerarum
1035 1550 1202 1604 fluctu
1230 1560 1413 1605 vernat
1433 1550 1724 1624 palmarum
1743 1591 1758 1614 ,

404 1633 553 1684 ¹205
584 1647 637 1690 et
663 1635 972 1709 splendente
994 1638 1180 1711 procul
1200 1638 1395 1712 beryllo
1417 1638 1554 1695 ferta
1575 1636 1793 1693 renidet.

586 1724 690 1777 Hic
715 1734 893 1778 tamen
916 1726 1138 1779 internis
1160 1725 1455 1797 Ophietidis
1479 1726 1614 1779 areis
1641 1726 1696 1779 in
1719 1724 1889 1790 arvis,

587 1812 730 1865 inter
754 1812 1086 1883 gemmiferas
1113 1815 1366 1868 excrescit
1390 1813 1575 1867 creber
1595 1830 1799 1868 arenas.

585 1899 728 1954 Hine
751 1899 1019 1973 Babylona
1044 1886 1202 1972 super
1228 1902 1445 1973 geminae
1471 1919 1572 1975 pro
1593 1900 1786 1955 finibus
1809 1916 1945 1954 ursae

402 1997 552 2079 (tots)
589 1989 723 2046 Cissi
747 1989 1158 2062 Messabataeque
1184 2000 1238 2045 et
1257 1990 1533 2044 Chalonita
1561 1998 1833 2061 vagantur.

405 2086 558 2140 1210
586 2078 659 2129 At
678 2093 895 2130 rursum
931 2077 1196 2135 Armeniae
1221 2078 1264 2129 si
1291 2078 1408 2149 quis
1430 2074 1566 2149 pede
1587 2085 1766 2147 pergat
1795 2074 1862 2129 ab
1893 2090 2013 2127 arce

587 2162 768 2234 rupis,
798 2173 852 2217 et
875 2180 996 2217 eoas
1023 2180 1260 2235 gressum
1283 2161 1543 2235 producat
1562 2162 1618 2215 in
1645 2178 1764 2215 oras
1779 2199 1797 2226 ,

587 2250 797 2306 Medica
817 2251 1052 2325 prolixos
1074 2252 1328 2325 spectabit
1352 2269 1512 2323 regna
1539 2269 1634 2324 per
1659 2268 1832 2321 agros.
1937 2264 1945 2273 ·

590 2339 799 2393 Horum
826 2341 919 2412 qui
949 2337 1106 2411 gelidi
1131 2338 1422 2394 succedunt
1447 2338 1674 2411 plaustra
1705 2336 1886 2391 Bootis
1905 2373 1923 2401 ,

587 2424 804 2497 pingu1a
827 2443 957 2479 rura
979 2435 1161 2480 tenent
1187 2444 1201 2482 t
1230 2436 1354 2479 sunt
1377 2424 1481 2478 11110
1507 2424 1847 2495 Atrapateni,

399 2529 557 2583 1215
587 2524 714 2568 sunt
739 2513 856 2569 Geli
883 2524 937 2569 et
957 2514 1150 2572 Mardi.
1188 2512 1450 2587 Tepidum
1478 2515 1570 2585 qui
1601 2529 1784 2567 rursus
1809 2509 1879 2564 ad
1915 2520 2151 2563 austrum

405 2602 556 2679 (1020)
587 2621 732 2656 oram
756 2602 1025 2669 habitant,
1047 2603 1300 2675 Scythicae
1327 2601 1602 2655 deducunt
1629 2601 1826 2655 semina
1852 2597 2040 2669 gentis.

586 2691 718 2743 Nam
747 2688 934 2745 Medea
957 2690 1105 2745 ferox
1132 2690 1230 2745 suit
1257 2691 1372 2746 ollis
1399 2690 1668 2762 sanguinis
1693 2698 1900 2743 auctor.

585 2778 711 2833 Haec
731 2796 855 2833 eum
879 2778 1165 2834 Pandionis
1183 2779 1346 2834 letum
1372 2788 1714 2853 componeret
1737 2776 1868 2831 aulae
1880 2817 1901 2847 ‚

586 2867 758 2921 Attica
779 2885 888 2940 qua
910 2867 1136 2941 pulchro
1158 2868 1310 2922 tellus
1336 2868 1627 2940 pinguescit
1653 2866 1800 2920 Ilisso
1818 2904 1834 2931 ,

399 2957 552 3017 1220
583 2952 832 3025 proditur
857 2955 1020 3026 inque
1043 2953 1220 3026 fugam
1244 2971 1470 3027 propere
1496 2952 1824 3007 convertitur
1845 2949 1990 3004 exul.

401 3032 550 3107 (teas)
585 3040 694 3095 Has
720 3042 916 3113 postia
939 3051 1106 3095 terras
1127 3042 1260 3113 pinu
1287 3040 1432 3093 subit
1455 3040 1659 3093 AEetine
1675 3079 1691 3104 ,

585 3124 883 3198 inseditque
906 3128 1086 3193 locos3
1116 3137 1316 3180 veteres
1342 3124 1590 3179 accedere
1615 3123 1837 3179 Colchos

583 3210 728 3265 nulla
754 3214 922 3266 inerat
950 3213 1113 3266 menti
1140 3210 1355 3265 fiducia.
1385 3211 1630 3281 Denique
1651 3208 1718 3263 ab
1745 3207 1832 3261 illa

587 3297 872 3352 Medorum
905 3298 1078 3353 suboli
1107 3299 1320 3369 magicae
1349 3298 1499 3351 furor
1525 3297 1650 3350 artis
1678 3294 1918 3349 inboeret.

408 3383 555 3438 1225
587 3387 716 3439 Pars
746 3397 917 3457 gentis
943 3386 1128 3440 rutilos
1151 3386 1336 3441 Phoebi
1364 3404 1480 3457 quae
1499 3394 1695 3457 spectat
1719 3384 1776 3437 in
1805 3393 1956 3438 ortus

408 3468 558 3549 (toan)
589 3491 714 3528 saxa
739 3474 980 3541 1101111015
1011 3475 1152 3527 saxis
1177 3471 1396 3527 excudit
1415 3473 1740 3527 narcissiten.

592 3561 704 3630 Qui
733 3570 954 3633 propter
973 3557 1166 3614 dumos
1191 3576 1574 3631 nemorosaque
1591 3576 1716 3613 rura
1745 3566 2016 3629 vagantur,

595 3649 650 3701 in
677 3665 840 3721 pecus
866 3647 1089 3713 intenti,
1122 3646 1314 3701 erebro
1341 3664 1496 3718 grege
1519 3663 1711 3719 pascua
1742 3643 1984 3699 tondent.

594 3735 804 3791 Medica
830 3754 887 3791 se
907 3745 1082 3790 tantos
1108 3733 1338 3790 effundit
1366 3735 1515 3807 gleba
1534 3754 1629 3809 per
1650 3752 1798 3806 agros
1812 3774 1830 3799 ,

414 3838 565 3891 1280
598 3826 788 3898 Caspia
815 3835 877 3879 ut
913 3834 1130 3878 extento
1153 3824 1429 3895 contingat
1453 3824 1647 3895 cespite
1669 3820 1912 3876 clausu-a.

413 3909 566 3989 (100)
603 3914 730 3966 Haec
753 3912 894 3966 Asiae
923 3910 1108 3965 dixere
1130 3910 1300 3976 sores,
1329 3909 1440 3964 hiet
1465 3927 1559 3963 ore
1585 3906 1730 3981 quod
1755 3906 1846 3961 illo

597 4010 752 4075 porta
778 4000 966 4071 quasi,
999 4010 1056 4053 et
1082 3999 1261 4069 longas
1289 3997 1491 4052 bivium
1515 3994 1748 4050 discedat
1778 3996 1834 4049 in
1859 4012 1979 4047 oras
2006 4009 2019 4046 ε

597 4088 796 4161 quippe
823 4087 1004 4141 nivosa
1032 4084 1140 4159 poli
1162 4103 1270 4158 qua
1300 4082 1516 4140 cardine
1539 4085 1763 4139 vertitur
1781 4092 1980 4146 arctos,

597 4172 853 4247 panditur
878 4173 1145 4246 Hyrcanis
1178 4171 1307 4227 11100
1325 4170 1523 4244 janua,
1545 4168 1710 4242 janua
1745 4169 1917 4224 Persis

419 4278 568 4331 128⁵
599 4260 724 4315 binc
739 4268 900 4331 patet,
925 4256 1257 4312 imbriferum
1278 4274 1384 4328 qua
1400 4257 1567 4327 vergit
1585 4253 1816 4309 mundus
1834 4256 1888 4307 in
1905 4264 2162 4307 austrum.

417 4347 566 4426 (1010)
599 4348 736 4401 Εο00
765 4344 866 4399 sub
890 4344 1150 4399 immenso
1175 4354 1450 4418 portarum
1475 4342 1666 4397 vertice
1688 4340 1870 4396 Parthi
2007 4339 2010 4342 ’

601 4452 729 4488 rura
759 4443 941 4487 tenent
961 4473 977 4499 ,
1007 4433 1155 4487 curvi
1186 4429 1538 4504 nequicquam
1563 4430 1790 4486 vomeris
1818 4447 1917 4483 usu

603 4520 928 4577 sollicitanda
953 4521 1085 4588 sibi3
1107 4540 1215 4577 000
1235 4520 1350 4575 ollis
1371 4538 1496 4575 cura
1521 4518 1776 4592 laborque

603 4627 818 4683 aequora
842 4620 1101 4664 terrarum
1125 4609 1369 4682 gravibus
1397 4624 1714 4680 componere
1748 4606 1930 4660 rastris
1965 4621 1980 4659 z

419 4720 572 4773 1240
602 4707 854 4752 exercent
887 4699 1010 4752 saevi
1035 4716 1092 4752 se
1110 4699 1296 4753 Martis
1318 4715 1524 4770 semper
1544 4696 1601 4749 10
1627 4712 1793 4750 arma.

601 4784 722 4839 Sica
747 4802 926 4841 comes
945 4784 1095 4839 lateri
1117 4794 1226 4849 est,
1258 4801 1444 4838 manus
1463 4792 1634 4837 autem
1662 4780 1864 4859 hastilia
1891 4779 2092 4841 vibrat,

417 4870 568 4953 (tots)
601 4870 896 4927 (1010111001
927 4873 1197 4946 pharetras
1216 4872 1453 4926 humeris
1470 4910 1486 4938 ,
1512 4882 1566 4925 et
1581 4869 1749 4925 letifer
1765 4886 1922 4923 arcus

602 4978 814 5033 semper
839 4961 977 5016 inest
999 4960 1156 5015 laevae.
1185 4962 1369 5032 Neque
1387 4978 1485 5033 per
1509 4955 1820 5031 compendia
1851 4955 1993 5009 diras

601 5044 909 5118 producunt
925 5048 1127 5101 animas
1143 5086 1157 5113 ,
1179 5064 1288 5100 11011
1307 5044 1572 5118 puppibus
1595 5060 1802 5116 aequora
1828 5041 2029 5095 sulcant
2043 5078 2074 5106 „

421 5140 571 5194 1245
601 5149 712 5187 000
738 5132 894 5205 proni
923 5133 1167 5204 gregibus
1194 5132 1396 5205 pecoris
1419 5131 1527 5185 fera
1559 5132 1662 5183 vita
1678 5128 1921 5199 juvatur3

600 5217 696 5275 sed
718 5220 892 5293 quatit
921 5220 1186 5294 alipedum
1217 5219 1328 5274 sola
1356 5236 1568 5292 semper
1593 5234 1776 5271 cursus
1802 5230 2062 5287 equorum
2081 5252 2097 5277 ,

599 5307 856 5383 pulsaque
881 5320 1022 5365 terra
1053 5309 1240 5381 gemit,
1275 5308 1588 5362 discurrunt
1619 5305 1802 5360 crebra
1827 5321 1923 5376 per
1945 5318 2100 5356 auras

2235 584 2465 657 spicula,
2490 585 2773 640 missilibus
2796 585 2895 641 late
2919 587 3215 642 subtexitur
3250 607 3359 645 aer.

2308 675 2454 743 Quin
2482 674 2765 748 impacatos
2790 693 2939 730 amor
2960 687 3041 731 est
3065 677 3107 731 si
3134 676 3336 731 discere
3360 680 3544 733 Persas
3826 662 3975 748 (1⁰⁸⁸)

2236 762 2555 828 consimilis,
2584 764 2849 837 solersque
2874 764 3032 819 trahit
3054 776 3106 820 te
3140 783 3269 820 cura
3293 784 3389 839 per
3428 766 3643 833 orbem,
3828 764 3977 817 12⁵0

2236 850 2568 925 has‚quoque
2583 855 2737 908 Musa
2762 854 2856 908 tibi
2884 853 3131 909 formabit
3159 856 3392 909 carmine
3417 866 3581 910 terras
3598 896 3613 921 ,

2238 955 2356 1010 quae
2376 937 2604 1011 liquidos
2626 958 2806 995 amnes
2828 940 2909 995 via
2934 938 3156 995 devehat
3174 981 3191 1007 ,
3217 951 3382 1013 utque
3397 940 3649 1012 jugorum

2237 1036 2520 1097 consurgat
2542 1037 2747 1091 vertex,
2770 1027 2963 1100 quibus
2988 1028 3096 1082 oris
3124 1046 3249 1083 arva
3271 1027 3583 1082 recumbant

2240 1112 2464 1169 barbara
2481 1154 2497 1181 ,
2524 1114 2784 1170 famosum
2802 1117 2893 1188 qui
2914 1119 3125 1171 Persam
3151 1116 3369 1171 roboret
3392 1134 3542 1171 usus.

2240 1202 2455 1274 Quippe
2480 1205 2787 1259 Asianarum
2811 1204 2967 1278 primi
2993 1203 3193 1275 degunt
3212 1205 3507 1275 regionum.
3829 1204 3898 1257 12
3905 1204 3977 1257 55

2240 1289 2367 1343 Vita
2387 1289 2609 1362 opulens
2635 1294 2794 1363 genti,
2821 1309 2969 1364 gazas
2988 1310 3201 1366 quoque
3226 1304 3368 1348 terra
3390 1292 3653 1347 ministrat
3668 1330 3682 1357 ,

2241 1375 2489 1430 omnibus
2515 1388 2569 1432 et
2592 1376 2791 1449 largum
2814 1378 3020 1451 populis
3045 1378 3362 1452 producitur
3387 1396 3579 1435 aevum.

2242 1464 2401 1518 Dives
2422 1466 2476 1518 in
2498 1464 2583 1519 his
2608 1484 2721 1521 mos
2738 1476 2816 1521 oet
2827 1465 3090 1538 jamlongi
3111 1478 3350 1540 tempore
3370 1466 3505 1522 saecli
3524 1506 3541 1534 ,

2240 1570 2307 1606 ex
2333 1570 2443 1625 quo
2481 1555 2761 1610 Maeoniam
2780 1554 2917 1610 bello
2942 1556 3135 1610 trivere
3161 1566 3401 1610 cruento.

2239 1638 2481 1695 Illudunt
2501 1658 2632 1696 auro
2658 1652 2847 1707 vestes,
2873 1652 2926 1697 et
2945 1653 3131 1696 cuncta
3157 1652 3411 1713 teguntur
3836 1654 3984 1706 1200

2239 1745 2371 1782 auro
2400 1729 2637 1785 membra
2660 1730 2783 1784 viris
2797 1772 2815 1795 ,
2836 1748 2964 1785 auro
2987 1730 3197 1801 vestigia
3222 1726 3461 1783 condunt
3493 1768 3507 1782 .
3827 1722 3975 1801 (1000)

2240 1826 2419 1872 tantus
2441 1820 2717 1873 Persarum
2740 1816 2973 1873 dissolvit
2994 1828 3209 1892 pectora
3234 1817 3405 1872 luxus.

2239 1906 2360 1977 Ipsa
2380 1914 2557 1961 autem
2581 1905 2731 1961 tellus
2766 1904 2963 1960 inclusa
2982 1916 3063 1960 est
3089 1904 3359 1960 montibus
3383 1904 3501 1958 altis
3514 1945 3530 1971 ,

2239 1992 2478 2067 undique
2503 1995 2559 2049 in
2594 1994 2870 2049 amu-alem
2895 1994 3027 2050 latus
3054 1993 3353 2048 inclinatior
3374 2010 3524 2047 axem
3544 2030 3562 2058 ,

2239 2099 2302 2136 ae
2321 2078 2537 2135 boream
2568 2080 2749 2152 longe,
2778 2081 2931 2153 longe
2952 2099 3165 2154 quoque
3189 2081 3377 2154 Caspia
3398 2078 3625 2134 claustra
3835 2088 3980 2140 1265

2240 2166 2467 2233 deserit,
2495 2178 2655 2241 atque
2682 2168 2795 2223 0011
2820 2166 3025 2241 placida
3050 2165 3394 2241 perfunditur
3418 2184 3566 2222 aura.

2239 2255 2397 2309 Istius
2421 2265 2476 2310 at
2500 2254 2680 2328 spatiis
2702 2254 2861 2309 finem
2879 2253 2973 2309 dat
2990 2254 3229 2309 Persicus
3256 2264 3409 2307 aestus
3424 2293 3441 2317 ‚
3828 2239 3982 2320 (¹⁰⁸⁸)

2240 2342 2593 2415 incoliturque
2614 2341 2787 2397 solum
2813 2342 3019 2417 populis
3048 2342 3219 2397 tribus
3247 2360 3261 2397 t
3293 2359 3399 2396 una
3424 2340 3527 2395 sub
3548 2350 3695 2395 arcto

2240 2450 2362 2505 pars
2391 2432 2525 2505 agit,
2549 2432 2820 2503 armigeris
2846 2432 3069 2485 nimium
3102 2432 3431 2486 contermina
3455 2428 3656 2495 Medis3

2239 2520 2402 2575 altera
2425 2538 2522 2594 per
2548 2520 2737 2575 mediat
2754 2519 2954 2574 telluris
2984 2530 3127 2591 terga
3150 2529 3393 2591 vagatum
3838 2528 3987 2580 1270

2239 2624 2403 2680 porro
2421 2605 2492 2661 ad
2519 2606 2681 2661 flabra
2704 2606 2817 2660 noti
2853 2606 3063 2678 pelagus
3082 2622 3247 2679 prope
3275 2606 3431 2659 tertia
3460 2604 3632 2675 degit.
3838 2597 3951 2677 (107)

2241 2694 2475 2749 Plurima
2497 2704 2749 2767 praterea
2772 2704 3093 2767 percurrunt
3119 2693 3338 2746 flumina
3362 2703 3555 2745 terram

2241 2780 2470 2838 Persidis
2486 2821 2502 2846 ,
2526 2792 2581 2836 01
2598 2781 2789 2853 rigidas
2802 2791 3022 2835 curvant
3037 2779 3262 2834 labentia
3288 2780 3446 2850 ripas.

2247 2876 2388 2925 Arva
2406 2879 2549 2924 secat
2573 2870 2763 2941 Cyrus,
2790 2867 3087 2941 perrumpit
3111 2876 3165 2920 et
3182 2884 3307 2920 arva
3330 2864 3592 2937 Choaspes
3610 2902 3624 2927 ,

2243 2954 2429 3010 Indica
2450 2955 2765 3028 provolvens
2786 2952 2970 3027 procul
2997 2970 3231 3025 aequora,
3258 2950 3411 3023 cujus
3432 2950 3498 3004 ad
3523 2950 3723 3004 undam
3840 2953 3988 3005 1276

2246 3042 2417 3097 incola
2444 3042 2724 3095 flaventem
2756 3040 2933 3094 studio
2958 3048 3187 3093 sectatur
3208 3037 3464 3093 achatem.
3835 3032 3979 3113 (1⁰7⁶)

2243 3128 2383 3183 Nam
2408 3145 2531 3181 cum
2554 3124 2783 3181 brumali
2808 3123 3110 3179 ceciderunt
3128 3122 3299 3177 sidere
3326 3121 3523 3189 nimbi,

2245 3212 2507 3268 imbribus
2532 3223 2588 3267 et
2611 3211 2736 3266 01010
2762 3211 2889 3265 susis
2920 3210 3047 3264 furit
3068 3212 3275 3264 auctior
3296 3210 3463 3262 amnis
3479 3248 3495 3272 ,

2249 3298 2348 3352 bos
2372 3296 2574 3372 lapides
2590 3296 2692 3351 late
2714 3297 2911 3350 flumen
2936 3296 3098 3350 trahit
3116 3317 3132 3361 ;
3152 3294 3391 3365 undique
3413 3293 3563 3347 tellus

2249 3384 2603 3438 circumvecta
2628 3380 2821 3436 debinc
2838 3381 2939 3435 laeti
2962 3382 3094 3435 viret.
3112 3380 3273 3435 ubere
3294 3380 3483 3451 campi.
3843 3376 3990 3429 128⁰

2250 3470 2357 3525 Sed
2381 3488 2487 3542 qua
2514 3470 2791 3524 caeruleam
2820 3470 2963 3523 sinus
3004 3467 3159 3523 insert
3179 3468 3416 3522 Persicus
3436 3465 3663 3530 undam,
3838 3459 3987 3536 (101111)

2249 3575 2377 3629 gens
2398 3558 2785 3611 Can-manorum
2810 3554 2913 3611 late
2950 3554 3092 3609 colit.
3125 3555 3277 3609 Hanc
3300 3552 3425 3607 facis
3448 3564 3597 3607 ortus

2249 3645 2361 3699 urit
2381 3643 2625 3698 Pboebeoe
2650 3662 2664 3700 :
2692 3653 2837 3697 tanto
2858 3658 3072 3715 quoque
3093 3638 3340 3695 funditur
3364 3657 3519 3711 agro,

2252 3744 2312 3787 ut.
2335 3732 2496 3787 simul
2522 3743 2577 3787 et
2601 3732 2769 3803 glauci
2801 3732 3067 3802 contingat
3093 3731 3314 3800 gurgitis
3340 3740 3521 3783 aestum
3539 3768 3555 3793 ,

2250 3831 2305 3875 et
2324 3818 2513 3892 procul
2536 3821 2752 3873 internae
2772 3827 3030 3891 perreptet
3042 3815 3225 3887 jugera
3244 3825 3413 3869 terrae.
3844 3809 3993 3862 128⁵

2249 3911 2361 3964 Hos
2386 3926 2547 3983 super
2570 3918 2624 3962 et
2641 3906 2795 3962 tellus
2819 3904 2986 3961 tendit
3010 3903 3265 3959 Gedrosia
3291 3902 3491 3974 glebam
3508 3943 3523 3969 ,

2251 3997 2434 4053 oceani
2463 3996 2636 4050 vicina
2660 3993 2807 4049 fretis
2832 4012 2848 4051 t
2873 4004 2925 4048 at
2947 3992 3146 4047 flumen
3168 3989 3236 4045 ad
3262 3990 3455 4045 Indum

2251 4103 2562 4158 auroraeque
2598 4084 2733 4138 latus
2756 4083 2967 4155 Scytha,
2993 4082 3109 4135 miti
3128 4080 3402 4153 proximus
3422 4090 3601 4133 austro
3617 4118 3634 4144 ,

2251 4173 2438 4229 accolit
2468 4190 2498 4228 z·
2524 4171 2765 4227 australis
2788 4180 2930 4225 certe
2945 4169 3135 4243 Scytha
3163 4167 3363 4221 dicitur
3394 4166 3503 4232 ille;

2255 4278 2483 4333 namque
2503 4259 2589 4313 alii
2613 4257 2748 4312 dura
2768 4256 3048 4330 pulsantur
3075 4254 3302 4325 desuper
3325 4262 3491 4306 arcto.
3848 4259 3999 4311 1290

2252 4348 2417 4404 Indus
2444 4346 2704 4403 Caucasiae
2728 4362 3075 4418 prorumpens
3092 4342 3240 4416 rupis
3259 4340 3326 4395 ab
3343 4352 3497 4394 antro

2251 4436 2531 4492 adversum
2567 4434 2750 4508 pelago
2780 4433 2945 4488 Rubri
2977 4430 3161 4505 procul
3188 4430 3414 4501 aequoris
3430 4443 3637 4480 amnem

2252 4524 2503 4596 porrigit,
2534 4523 2695 4593 inque
2714 4530 2901 4574 notum
2928 4528 3073 4573 recto
3098 4516 3217 4570 fluit
3241 4515 3447 4585 agmine
3464 4529 3743 4584 aquarum.
3846 4513 3983 4590 (1011)

2255 4611 2363 4664 Ora
2386 4608 2581 4663 dehine
2605 4605 2743 4662 Indo
2770 4604 2879 4659 duo
2902 4614 3047 4670 sunt,
3076 4601 3415 4672 mediumque
3441 4616 3536 4671 per
3562 4614 3744 4667 agrum

2255 4694 2424 4749 insula
2446 4712 2504 4747 se
2532 4702 2675 4749 vasto
2698 4690 2874 4747 fundit
2903 4700 3049 4760 tergo
3074 4687 3333 4744 Patalene.
3849 4688 3998 4741 1295

2255 4784 2569 4836 Innumeras
2586 4776 2729 4832 idem
2757 4776 3000 4850 dispescit
3020 4776 3239 4830 flumine
3264 4783 3469 4845 gentes,

2256 4867 2437 4923 Oritas
2462 4865 2769 4936 Arabasque
2793 4874 2848 4918 et
2866 4862 3066 4917 veloces
3094 4860 3380 4917 Arachotas
3398 4898 3415 4923 ,
3846 4850 3995 4937 (teos)

2256 4966 2311 5010 et
2336 4956 2524 5024 Sagam
2552 4950 2808 5015 infidum,
2838 4948 2919 5003 vel
2944 4950 3035 5021 qui
3058 4965 3155 5021 per
3180 4945 3443 5018 inhospita
3467 4942 3569 4997 late

2256 5040 2471 5095 discreti
2495 5036 2729 5112 populis,
2753 5033 2963 5089 discreti
2984 5032 3179 5087 finibus
3199 5031 3315 5101 agri

2257 5145 2380 5181 arva
2400 5126 2625 5197 agitant,
2653 5140 2763 5179 uno
2790 5120 2882 5177 sed
2905 5121 3118 5175 nomine
3142 5126 3269 5171 sunt
3290 5116 3491 5171 Arieni.
3850 5114 4000 5166 1300

2258 5214 2326 5268 Hi
2356 5228 2659 5285 quanquam
2688 5207 2887 5263 steriles
2911 5206 3191 5261 decurrant
3216 5219 3427 5275 semper
3454 5216 3668 5264 arenas,
3845 5198 3991 5277 (11⁰⁰)

2259 5314 2482 5354 munera
2510 5314 2607 5351 nec
2634 5304 2850 5369 carpant
2871 5293 3085 5348 cerealia
3100 5332 3116 5357 ‚
3139 5308 3234 5344 nec
3261 5306 3397 5342 nova
3422 5285 3569 5358 prelo
