4584 6284
1745 397 2096 460 ANAPLUS
2139 397 2467 458 Bost‘olu
2508 398 2855 460 TfluAcu.
3862 414 3897 466 ³

689 530 908 606 quidem
926 531 1202 604 jungentis
1223 529 1446 584 insulam
1469 531 1778 596 continenti,
1802 539 1857 583 at
1883 546 1990 583 non
2023 528 2250 600 longiori

689 620 860 694 spatio
897 620 1166 690 octoginta
1197 617 1454 691 passibus,
1481 616 1673 690 quibus
1698 626 1843 690 patet
1879 617 1934 670 in
1968 613 2252 686 longitudi-

690 725 844 775 nem,
869 707 930 762 in
949 704 1286 762 latitudinem
1313 706 1518 761 circiter
1543 704 1913 778 quadraginta,
1941 705 2032 777 qui
2073 703 2246 758 hoini-

691 813 825 851 num
859 811 1030 850 manu
1057 793 1218 850 obrui
1241 803 1447 867 potest:
1479 793 1740 865 reliquum
1766 791 2050 848 Chalcidici
2078 792 2250 864 euripi

687 881 997 938 Euboicum
1023 879 1220 936 fretum
1251 879 1462 952 longum
1489 890 1543 934 et
1571 879 1782 938 difficile
1797 899 1814 946 ς
1845 897 1954 933 non
1988 879 2130 933 enim
2151 877 2252 932 alia

695 969 942 1027 infestior
979 969 1128 1025 classi
1155 971 1310 1024 statio
1341 980 1419 1024 est
1443 1010 1458 1035 ,
1484 987 1604 1024 nam
1629 979 1682 1023 et
1706 968 1846 1023 venti
1883 965 1950 1021 ab
1973 967 2252 1038 utriusque

693 1068 850 1114 terrm
873 1057 1100 1131 praealtis
1121 1055 1384 1110 montibus
1401 1055 1557 1110 subiti
1579 1066 1734 1128 atquc
1755 1053 2026 1128 procellosi
2055 1051 2247 1108 fretum

695 1144 802 1200 hoc
832 1153 1116 1218 torquent3
1155 1145 1410 1218 Bosporus
1446 1155 1620 1199 autern
1649 1161 1855 1216 semper
1889 1153 2174 1215 portuosus
2197 1151 2250 1195 ct

693 1231 1020 1303 navigabilis.
1056 1233 1310 1286 Praetereo
1329 1230 1577 1286 isthmum
1609 1229 2004 1285 Corinthiacum
2022 1267 2039 1294 ,
2069 1229 2162 1298 qui
2191 1239 2251 1282 ut

695 1317 892 1374 fretum
917 1317 1240 1384 admisisset,
1267 1316 1400 1372 duos
1425 1328 1598 1372 tamen
1623 1317 1772 1371 sinus
1807 1316 1992 1370 breves
2026 1313 2249 1386 conjun-

693 1416 868 1476 geret,
896 1407 988 1478 qui
1028 1422 1134 1460 non
1160 1422 1348 1475 magna
1383 1405 1724 1474 navigationis
1754 1401 2064 1457 circuitione
2094 1397 2247 1472 jungi

695 1505 918 1566 possunt
940 1513 956 1552 ε
980 1505 1034 1549 at
1049 1494 1306 1566 Bosporus
1328 1491 1600 1564 conjungit
1624 1491 1733 1546 duo
1749 1492 1914 1546 maria
1929 1530 1944 1558 ,
1971 1508 2092 1562 quae
2106 1488 2250 1544 nulla

693 1581 1036 1652 navigationis
1060 1580 1368 1634 circuitione
1401 1579 1553 1651 jungi
1577 1589 1800 1652 possunt
1836 1579 1938 1632 nisi
1975 1577 2243 1649 Bosporo,

689 1685 850 1740 quem
865 1667 1124 1740 sapienter
1134 1664 1413 1738 Euripides
1425 1665 1620 1720 clavem
1638 1664 1876 1719 nominat
1893 1663 2072 1718 Ponti.
2088 1665 2248 1717 Recte

693 1751 962 1824 physicam
987 1751 1247 1805 rationem
1281 1751 1442 1804 secuti
1463 1759 1631 1822 poetae
1655 1749 1928 1804 finxerunt
1954 1747 2248 1820 Bosporum

689 1837 905 1892 minime
937 1838 1176 1910 pervium
1195 1876 1210 1901 ,
1249 1833 1581 1909 eundemque
1626 1837 1849 1890 transire
1884 1835 2001 1889 sine
2044 1833 2248 1890 Phineo

685 1944 808 1997 rege
853 1925 1071 1998 Bospori
1121 1928 1155 1980 J
1155 1942 1368 1980 asonem
1415 1942 1520 1979 non
1575 1923 1808 1997 potuisse
1821 1963 1838 1990 ,
1894 1921 2246 1994 significantes

688 2013 918 2068 Pontum
945 2013 1116 2068 invito
1137 2029 1260 2084 rege
1297 2012 1512 2086 Bospori
1542 2013 1680 2068 adiri
1722 2031 1830 2066 non
1870 2031 2057 2086 posse3
2107 2023 2248 2066 recte

687 2099 948 2156 Hesiodus
972 2101 1047 2155 ait
1070 2101 1332 2156 Phineum
1365 2110 1682 2155 caemcntum
1710 2099 1900 2166 fuisse,
1927 2096 2077 2171 quod
2108 2099 2248 2152 navi·

686 2189 950 2258 gationem
987 2187 1316 2261 Cyanearum
1355 2197 1409 2242 et
1455 2188 1614 2242 Ponti
1649 2186 1848 2243 Phrixo
1894 2184 2246 2242 indicavisset.

682 2275 893 2332 Omitto
925 2275 1218 2348 Bosporum
1251 2275 1596 2330 Cimmerium
1633 2275 1851 2345 triginta
1877 2272 2044 2329 stadia
2077 2273 2247 2329 latum

685 2371 741 2416 et
763 2359 1054 2427 vadosum5
1083 2361 1196 2432 qui,
1232 2361 1330 2415 etsi
1347 2358 1496 2414 valde
1533 2357 1832 2432 profundus
1871 2370 2036 2426 esset,
2077 2370 2250 2414 tannen

689 2448 868 2503 hostes
891 2465 1004 2503 non
1031 2457 1258 2514 arceret,
1273 2445 1367 2501 sed
1387 2446 1725 2501 auxiliaretur
1744 2447 2002 2500 hostibus.
2033 2445 2251 2518 Congla·

688 2535 857 2590 ciatus
877 2533 1022 2588 enim
1044 2532 1222 2606 pontis
1246 2533 1416 2588 vicem
1431 2543 1668 2606 prostat,
1696 2531 1848 2604 cujus
1872 2533 2046 2606 campi
2072 2534 2249 2588 minus

689 2623 954 2678 mansueti
971 2639 1132 2694 quam
1155 2621 1294 2676 illius
1325 2631 1546 2676 montes.
1567 2622 1826 2676 Praetereo
1855 2620 2252 2694 Hellespontum

686 2713 841 2784 longe
856 2711 1094 2766 latiorem
1103 2719 1156 2764 et
1165 2711 1287 2765 sinu
1295 2711 1602 2784 Byzantiaco
1611 2721 1895 2776 carentem,
1915 2708 1984 2764 de
1991 2721 2254 2782 quorecte

685 2800 1064 2856 Constantinus
1080 2796 1366 2870 judicavit,
1396 2815 1538 2864 cum,
1560 2797 1861 2870 posthabito
1887 2798 2248 2872 Hellesponto,

681 2885 1196 2959 Constantinopolim
1238 2885 1294 2939 in
1339 2885 1489 2956 Sigeo
1513 2885 1883 2958 promontorio
1917 2883 2248 2954 inchoatam,

683 2974 938 3030 eminenti
952 2975 1009 3028 in
1019 2973 1192 3029 fauces
1201 2973 1542 3046 Hellesponti,
1560 2973 1825 3028 transtulit
1840 2972 1907 3028 ad
1932 2974 2248 3048 Bosporum,

685 3062 1030 3136 praetermitto
1056 3060 1280 3133 reliquos
1323 3061 1540 3133 triplicis
1579 3059 1726 3114 orbis
1764 3060 1976 3129 limites,
2017 3063 2250 3118 Pontum

687 3151 955 3203 Euxinum
971 3187 987 3212 ,
1019 3164 1164 3201 mare
1187 3148 1485 3214 internum,
1509 3147 1755 3213 Tanaim,
1775 3147 1954 3201 Nilum
1970 3188 1988 3213 ,
2019 3167 2250 3220 quorum

687 3233 862 3289 nullus
905 3243 1088 3288 contra
1112 3231 1288 3288 hostes
1323 3243 1432 3287 tam
1468 3243 1614 3287 tutus
1641 3249 1799 3304 quam
1823 3233 2114 3306 Bosporus.
2157 3235 2250 3290 Illa

687 3322 833 3376 enim
871 3321 1038 3375 maria
1077 3319 1322 3374 latissime
1349 3329 1562 3393 patent3
1591 3320 1784 3375 Tanais
1811 3319 1932 3392 gelu
1966 3334 2247 3376 concretus

691 3427 827 3482 pons
853 3419 931 3463 est
967 3408 1343 3475 barbarorum;
1388 3408 1538 3464 Nilus
1577 3407 1910 3479 longissimus
1929 3451 1944 3475 ,
1990 3428 2102 3464 uno
2131 3409 2250 3466 loco

690 3493 983 3552 custoditus
1000 3536 1016 3562 ,
1063 3494 1278 3552 infinitis
1322 3494 1449 3552 locis
1481 3496 1690 3552 transiri
1733 3506 1938 3569 potest,
1984 3496 2252 3570 Bosporus

690 3601 798 3638 uma
821 3583 966 3638 clave
1005 3581 1142 3637 duos
1184 3581 1360 3649 orbes,
1396 3581 1506 3638 duo
1545 3583 1712 3638 maria
1749 3583 1920 3656 aperit
1951 3595 2008 3638 et
2031 3583 2246 3641 claudit.

691 3671 922 3727 Piscium
947 3669 1098 3743 copia
1121 3668 1324 3724 excellit
1345 3669 1573 3725 Massilia
1588 3709 1605 3736 ,
1639 3670 1932 3725 Tarentum
1949 3710 1966 3736 ,
1999 3672 2245 3735 Venetia,

692 3755 788 3812 sed
807 3757 988 3812 omnia
1023 3766 1236 3828 superat
1265 3757 1526 3830 Bosporus
1539 3797 1556 3824 ,
1582 3775 1691 3830 quo
1726 3757 1869 3812 velut
1907 3776 2005 3831 per
2041 3769 2248 3832 portam

692 3843 924 3918 duplicis
943 3845 1104 3898 maris
1123 3845 1291 3917 pisces
1319 3847 1534 3900 transire
1559 3846 1728 3902 solent
1752 3857 2010 3902 autumno
2031 3857 2086 3901 et
2105 3865 2245 3910 vere,

692 3942 803 3986 mm
818 3940 962 3985 certa
971 3929 1085 4002 lege
1099 3941 1300 3986 naturae
1315 3949 1474 4003 quam
1489 3932 1657 3987 solent
1673 3949 1827 4004 grues
1849 3931 1932 3986 bis
1957 3936 2244 4005 quotannis

691 4020 966 4074 internum
1001 4035 1147 4072 mare
1171 4017 1440 4090 pervolare
1455 4059 1472 4084 ,
1512 4030 1760 4092 tantaque
1795 4017 2160 4086 multitudiue,
2191 4033 2251 4076 ut

689 4105 870 4177 primo
890 4103 1084 4176 cuique
1111 4122 1360 4176 magnum
1405 4106 1629 4178 piscium
1664 4123 1949 4161 numerum
1983 4123 2170 4178 capere
2202 4117 2250 4162 et

687 4191 848 4245 ferire
872 4189 1024 4244 liceat
1041 4229 1058 4256 ,
1085 4206 1256 4262 neque
1281 4188 1444 4245 modo
1472 4190 1541 4246 ab
1570 4209 1672 4246 usu
1710 4189 1948 4264 piscandi
1987 4191 2250 4260 instructi,

685 4276 784 4333 sed
803 4277 962 4331 etiam
989 4277 1149 4330 totius
1173 4277 1476 4350 piscationis
1501 4275 1662 4332 rudes
1684 4286 1844 4350 atque
1869 4275 2002 4332 adeo
2027 4279 2178 4352 pueri
2201 4291 2254 4334 et

691 4361 920 4420 soeminie
954 4382 1140 4437 capere
1179 4365 1383 4437 possInt
1423 4363 1572 4422 domi
1611 4364 1910 4422 desidentes
1930 4383 1996 4421 ex
2025 4365 2252 4423 fenestra

686 4452 904 4508 calathis
929 4449 1187 4520 demissis,
1211 4452 1487 4526 hamisque
1522 4453 1592 4508 ab
1629 4471 1750 4510 esca
1780 4452 1940 4508 nudis
1971 4453 2130 4509 etiam
2156 4455 2252 4509 im·

693 4543 848 4614 periti
874 4539 1108 4614 piscandi
1129 4539 1412 4613 pelamides
1435 4542 1644 4615 capiant
1669 4551 1750 4596 tot
1779 4553 1834 4596 et
1859 4552 2051 4610 taum,
2071 4553 2134 4597 ut
2151 4545 2250 4597 toti

695 4629 912 4684 Graeciae
931 4625 1192 4682 sufficiant
1215 4627 1432 4700 aliisque
1451 4627 1774 4686 nationibus.
1795 4630 1865 4683 Et
1887 4646 1956 4683 ne
1973 4647 2250 4684 numerem

695 4716 907 4772 infinita
927 4733 1114 4788 genera
1137 4716 1378 4789 piscium,
1408 4725 1489 4771 tot
1526 4715 1743 4788 gregalis
1779 4718 1988 4789 generis
2013 4719 2250 4790 capiunt,

697 4817 761 4862 ut
802 4823 914 4861 uno
950 4805 1048 4860 reti
1085 4805 1342 4878 permulta
1382 4806 1586 4877 navigia
1619 4805 1889 4880 impleant.
1941 4808 2253 4862 Ostrearum

697 4895 932 4950 bonitate
950 4893 1311 4948 excellentium
1341 4903 1538 4948 tantam
1567 4891 1960 4948 multitudinem
1984 4911 2110 4949 cum
2137 4895 2250 4949 aliis

695 4979 1026 5054 temporibus
1039 4977 1254 5051 largitur
1275 4980 1537 5052 Bosporus
1551 5017 1569 5046 ,
1599 4989 1712 5034 tum
1737 4981 2022 5036 maximam
2043 4990 2250 5054 tempo·

695 5063 842 5118 ribus
897 5064 1092 5138 quihus
1123 5064 1569 5138 perlege-,Greci
1613 5067 1750 5121 vesci
1787 5085 1899 5122 non
1935 5066 2108 5123 solent
2140 5068 2246 5140 pis·

695 5151 848 5208 cibus
871 5152 1140 5224 sanguinis
1175 5153 1512 5228 participibus
1525 5195 1544 5220 ,
1567 5164 1631 5209 ut
1656 5153 1892 5226 quotidie
1933 5153 2110 5210 videas
2139 5155 2251 5211 fora

697 5239 862 5294 multa
885 5238 1187 5295 redundare
1217 5251 1501 5296 ostrearum
1526 5241 1720 5296 acervis
1746 5252 1800 5297 et
1821 5243 2079 5298 amiarum
2105 5243 2250 5314 igno·

2342 537 2517 582 torum
2540 529 2763 601 piscium
2788 532 2969 585 Roma
2988 540 3043 585 et
3062 531 3317 587 venetiis.
3343 533 3644 588 suavissimi
3662 533 3767 588 cibi
3784 551 3901 588 cre·

2340 613 2463 670 bros
2488 633 2667 688 greges
2695 615 2871 670 videre
2901 615 3023 672 licet
3052 617 3109 671 in
3138 619 3403 691 Bosporo,
3444 617 3735 674 eorundem
3764 637 3899 692 quo·

2340 719 2445 774 que
2476 720 2676 775 pugnas
2702 719 2825 756 cum
2850 700 3111 774 delphinis
3137 703 3261 758 tales
3294 715 3558 778 spectare,
3580 705 3759 777 quales
3792 717 3899 762 tra-

2338 787 2541 846 duntur
2574 808 2608 845 a
2626 787 2987 863 scriptoribus.
3031 789 3193 860 Quod
3226 793 3271 846 si
3314 793 3605 866 Bosporani
3637 812 3747 849 non
3781 807 3900 850 tan-

2338 889 2519 953 topere
2564 881 2785 935 terrenis
2844 878 3089 936 carnibus
3136 879 3497 948 abundarent',
3560 883 3603 937 si
3666 883 3899 956 piscibus

2336 968 2737 1038 delectarentur,
2764 981 2824 1026 ut
2838 972 3027 1026 Veneti
3040 1011 3056 1038 ,
3080 971 3125 1024 si
3150 969 3315 1026 libere
3339 971 3529 1044 piscari
3562 985 3779 1046 possent
3794 1013 3809 1038 ,
3834 991 3896 1030 ac

2334 1075 2444 1112 non
2461 1075 2562 1131 pro
2578 1057 2781 1113 tributo
2806 1057 3033 1114 mediam
3048 1058 3351 1131 piscationis
3365 1069 3574 1132 partem
3594 1058 3722 1114 dare
3744 1079 3897 1133 coge-

2334 1156 2537 1211 rentur,
2562 1155 2617 1200 et
2638 1163 2899 1202 reservare
2920 1164 3029 1201 non
3050 1145 3304 1202 haberent
3340 1165 3550 1202 necesse
3572 1149 3685 1219 regi
3712 1166 3899 1204 omnes

2334 1231 2617 1306 pelamides
2638 1252 2704 1288 ex
2728 1236 2897 1290 Ponto
2916 1231 3307 1299 descendentes,
3327 1233 3567 1307 profecto
3584 1235 3763 1289 omnia
3784 1234 3899 1291 sora

2334 1323 2615 1394 Byzantina
2642 1323 2863 1396 piscium
2888 1321 3221 1378 multitudine
3246 1322 3609 1395 implerentur.
3638 1324 3809 1379 Graeci
3832 1343 3899 1379 ex

2333 1411 2553 1482 antiquo
2574 1409 2806 1482 quodam
2822 1409 3101 1484 proverbio
3134 1409 3391 1464 extollunt
3420 1409 3897 1483 Hellespontiorum

2334 1498 2557 1570 piscium
2576 1498 2801 1570 copiam.
2833 1499 2919 1553 Sic
2938 1497 3099 1565 enim,
3120 1498 3388 1569 inquiunt,
3422 1515 3546 1552 cum
3566 1499 3685 1570 quis
3704 1507 3900 1554 temere

2334 1603 2395 1638 ea
2412 1601 2533 1656 quae
2558 1583 2855 1652 abundant,
2880 1582 3089 1639 aliunde
3114 1582 3269 1638 affert
3292 1593 3353 1636 ut
3376 1601 3493 1638 rara
3510 1623 3525 1648 ,
3562 1583 3738 1638 dicere
3764 1584 3898 1641 sole·

2334 1668 2480 1737 bant,
2508 1695 2531 1718 ι
2545 1681 2791 1726 noctuam
2810 1670 3073 1726 Athenas·
3085 1711 3102 1737 ,
3122 1681 3213 1726 aut
3232 1695 3253 1718 ι
3266 1669 3471 1724 buxum
3486 1670 3545 1724 in
3570 1671 3825 1743 Cytorum
3842 1697 3894 1738 .,

2333 1766 2425 1810 aut
2458 1781 2481 1804 ιι
2506 1756 2673 1829 pisces
2690 1757 2747 1811 in
2765 1757 3157 1830 Hellespontum
3178 1782 3201 1805 n
3213 1797 3230 1825 ,
3256 1774 3366 1829 quo
3384 1755 3549 1812 multo
3566 1758 3899 1830 prestantior

2333 1845 2599 1918 Bosporus
2612 1886 2628 1911 ,
2656 1847 2752 1918 per
2774 1863 2931 1918 quem
2954 1847 3128 1919 primo
3162 1846 3357 1919 pisces,
3381 1844 3711 1919 pastionibus
3736 1847 3895 1900 Ponti

2334 1933 2551 2004 pingues
2580 1933 2730 2001 sacti,
2758 1932 3083 1988 descendunt
3097 1973 3113 2001 ,
3132 1932 3325 1989 deinde
3346 1951 3413 1988 ex
3430 1933 3511 1986 his
3528 1973 3545 1998 ,
3568 1935 3660 2006 qui
3690 1937 3893 2008 Bospo-

2334 2037 2583 2074 ranorum
2642 2020 2959 2092 piscatorum
3012 2017 3224 2074 iasidias
3268 2019 3593 2090 effuget-imi,
3658 2019 3897 2076 latiorem

2337 2115 2607 2160 transeunt
2648 2105 3061 2180 Hellespontum.
3092 2106 3273 2177 Quid?
3311 2104 3458 2178 quod
3483 2124 3578 2161 sua
3619 2105 3899 2163 dulcedine

2336 2205 2546 2267 superat
2582 2205 2755 2250 cetera
2790 2195 2953 2249 maria
2968 2235 2983 2261 ,
3014 2205 3067 2250 et
3105 2213 3211 2248 suae
3243 2193 3537 2249 dulcedinis
3578 2194 3898 2252 fecunditate

2335 2279 2607 2336 contendit
2642 2299 2765 2336 cum
2788 2279 3111 2335 mirabilibus
3144 2281 3346 2346 fluviis,
3374 2282 3512 2335 inter
3537 2299 3672 2353 quos
3693 2283 3900 2339 excellit

2334 2367 2483 2421 Nilus
2500 2407 2517 2434 ,
2540 2367 2764 2440 AEgypto
2786 2366 2997 2440 quidem
3028 2365 3422 2421 soecunditatem
3455 2366 3589 2420 dans
3611 2408 3628 2433 ,
3648 2367 3743 2423 sed
3785 2387 3895 2425 non

2340 2461 2445 2506 tam
2472 2453 2581 2506 suis
2606 2453 2791 2506 nativis
2821 2453 2968 2524 aquis
2986 2493 3001 2517 ,
3026 2469 3184 2524 quam
3212 2452 3329 2506 coeli
3362 2463 3418 2506 ct
3442 2463 3594 2508 terrae
3616 2455 3895 2510 siticulosa!

2338 2551 2527 2596 natura
2541 2580 2558 2607 ,
2575 2539 2633 2595 id
2655 2539 2801 2613 quod
2818 2538 3227 2614 deprehenditur
3240 2558 3305 2595 ex
3320 2539 3502 2594 rivulis
3516 2538 3743 2596 fontium
3768 2546 3899 2598 Am·

2338 2627 2459 2696 biae,
2474 2627 2681 2695 Africa,
2700 2625 2908 2695 Medic,
2924 2625 3215 2701 Babylonia
3236 2627 3321 2682 :hi
3338 2628 3481 2681 enim
3505 2627 3641 2682 sicut
3652 2628 3805 2682 Nilus
3822 2631 3899 2682 vi-

2340 2715 2460 2770 cina
2475 2714 2609 2781 loca,
2626 2732 2745 2787 qun
2758 2713 2948 2768 alluere
2962 2724 3200 2788 possunt,
3216 2711 3405 2768 fertilia
3420 2712 3675 2768 efficiunt.
3738 2714 3897 2770 Unde

2340 2803 2600 2876 Byzantiis
2637 2803 2773 2873 agris
2802 2800 2979 2873 Libya
3000 2809 3105 2854 tam
3140 2799 3333 2854 nimia
3360 2798 3628 2866 fertilitas,
3658 2810 3719 2854 ut
3754 2811 3895 2855 terra

2338 2891 2579 2963 agricolis
2596 2889 2767 2946 snus
2788 2887 2975 2946 reddat
2992 2908 3117 2945 cum
3134 2889 3417 2944 centesima
3434 2887 3603 2960 fruge,
3619 2889 3801 2944 nisiex
3819 2891 3897 2944 vi·

2339 2979 2471 3034 cinis
2483 2977 2838 3033 mediocribus
2863 2977 3035 3032 fluviis
3048 2993 3295 3031 saxorum
3314 2975 3451 3030 mole
3464 2977 3700 3049 primum
3724 2987 3897 3032 reten-

2338 3069 2424 3134 tis,
2446 3065 2639 3121 deinde
2650 3084 2747 3140 per
2762 3064 2923 3120 fossas
2932 3063 3143 3119 divisis?
3156 3066 3305 3134 Quot
3322 3064 3380 3118 in
3402 3063 3571 3120 Gallia
3589 3063 3901 3122 delitescunt

2340 3154 2560 3209 fluuina
2575 3191 2593 3220 ,
2613 3169 2731 3224 qum
2746 3153 2791 3206 si
2806 3169 2901 3224 per
2914 3167 3095 3206 menas
3114 3147 3341 3204 mediam
3363 3161 3681 3222 occupantes
3690 3162 3901 3223 ,partem

2338 3241 2482 3296 orbis
2506 3239 2816 3306 transirent,
2837 3257 2945 3294 non
2964 3237 3283 3292 mediocrem
3310 3237 3483 3291 arenis
3505 3237 3898 3294 soecunditatem

2338 3326 2557 3383 darent?
2580 3329 2845 3399 Bosporus
2862 3343 2955 3380 sua
2971 3321 3245 3378 dulcedine
3260 3323 3485 3396 piscium
3506 3323 3899 3379 multitudinem

2336 3414 2548 3469 Niliacis
2572 3413 2744 3468 arenis
2766 3411 3179 3466 numerosiorem
3202 3409 3311 3475 alit,
3333 3427 3445 3464 non
3462 3409 3625 3464 modo
3646 3429 3678 3464 a
3696 3429 3753 3465 se
3773 3428 3899 3483 pro·

2337 3513 2635 3558 citatorum
2649 3542 2665 3568 ,
2690 3499 2784 3556 sed
2801 3501 2957 3555 etiam
2982 3499 3051 3553 ab
3069 3508 3297 3570 utroque
3322 3498 3489 3564 mari;
3516 3507 3631 3552 tum
3662 3499 3829 3554 mellis
3846 3511 3902 3555 et

2338 3608 2497 3655 ceras,
2535 3587 2785 3642 frumenti
2826 3596 2880 3641 et
2906 3585 3015 3640 vini
3050 3595 3449 3656 ceterarumque
3479 3603 3662 3639 rerum
3693 3587 3899 3658 copiam

2336 3676 2557 3748 largitur
2573 3692 2683 3730 non
2706 3671 2869 3728 modo
2886 3670 3197 3745 Bosporanis
3212 3709 3229 3737 ,
3254 3667 3348 3723 scd
3377 3670 3537 3724 etiam
3560 3669 3777 3725 infinitis
3804 3691 3899 3728 na·

2337 3762 2571 3819 tionibus
2594 3761 2891 3834 longinquis
2904 3798 2919 3826 ,
2956 3769 3111 3830 atque
3142 3754 3275 3811 adeo
3296 3756 3399 3829 ipsi
3422 3757 3545 3812 Nilo
3574 3757 3901 3831 AEgyptoque

2338 3849 2600 3924 permulta
2622 3847 2936 3920 impertitur.
2960 3847 3089 3898 Jure
3120 3843 3280 3914 igitur
3304 3845 3573 3916 Bosporus
3594 3843 3748 3915 vulgo
3774 3845 3902 3900 duti-

2338 3945 2428 3990 tur
2448 3945 2703 3990 autumno
2722 3949 2930 3997 aureus,
2958 3947 3079 3985 vere
3098 3937 3371 4000 argenteus
3384 3968 3401 3994 ,
3428 3929 3619 3982 rectius
3635 3929 3900 4002 appellau-

2340 4023 2441 4079 dus
2470 4021 2855 4096 Chrysorrhoas
2874 4036 3033 4092 quam
3049 4017 3327 4090 quisquam
3346 4015 3498 4081 alius,
3518 4017 3677 4076 etiam
3694 4018 3740 4071 si
3766 4029 3901 4074 esset

2340 4109 2726 4185 Chrysorrhoas
2760 4109 3128 4162 Damascenus.
3176 4102 3279 4156 Hic
3301 4103 3443 4157 enim
3475 4103 3631 4156 unius
3658 4105 3901 4160 Damasci

2340 4193 2679 4266 agrosirfigat
2686 4189 2959 4256 duntaxat,
2977 4199 3222 4262 praeterea
3232 4187 3365 4243 nihil
3384 4186 3503 4252 sert,
3515 4181 3895 4259 innavigabilis.

2339 4286 2461 4339 Jam
2498 4283 2759 4356 quispiam
2794 4279 2983 4335 coelum
3007 4278 3225 4353 Bospori
3252 4274 3525 4334 damnabit
3562 4286 3621 4330 ut
3654 4275 3901 4349 caligino-

2340 4388 2489 4438 sum,
2515 4367 2957 4442 Apolloniumque
2988 4367 3159 4437 (Arg.
3206 4383 3268 4433 1,
3312 4365 3479 4440 1114)
3520 4361 3729 4430 afferet,
3773 4382 3897 4420 cum

2342 4459 2529 4515 scribit
2549 4461 2877 4528 Argonautas
2894 4473 2963 4510 ex
2985 4454 3087 4509 alta
3119 4453 3325 4528 specula
3360 4451 3542 4506 insulae
3570 4453 3743 4523 Cyzici
3780 4470 3901 4525 pro·

2341 4547 2571 4620 spexisse
2600 4535 2777 4616 ἠερόεν
2810 4532 2981 4612 στόμα
3018 4533 3289 4613 Βοσπόρου
3334 4523 3470 4610 (οἷον
3514 4530 3741 4609 ἀερῶδες
3778 4531 3898 4604 ἤτοι

2342 4625 2632 4706 ὁμιχλῶδις
2662 4629 2954 4703 [Schol.]).
2978 4627 3042 4683 Id
3067 4629 3208 4683 enim
3231 4645 3341 4682 non
3377 4643 3443 4681 ex
3474 4627 3743 4698 Bosporici
3782 4627 3900 4681 coeli

2342 4732 2531 4777 natura
2544 4759 2561 4786 ,
2602 4717 2695 4773 sed
2716 4735 2781 4773 ex
2800 4716 2955 4787 longo
2985 4713 3255 4770 intervallo
3285 4710 3509 4780 accidit,
3539 4729 3647 4784 quo
3674 4713 3899 4786 amplius

2341 4809 2606 4879 octoginta
2638 4803 2804 4860 millia'
2836 4819 3083 4875 manum
3120 4820 3151 4856 a
3190 4801 3381 4875 Cyzico
3422 4798 3568 4854 abest
3612 4799 3895 4870 Bosporus.

2342 4897 2483 4950 Loca
2530 4891 2673 4947 enim
2707 4891 3018 4962 longinqua,
3047 4889 3143 4944 etsi
3180 4887 3297 4944 coeli
3335 4897 3523 4942 natura
3555 4882 3733 4939 lucida
3770 4886 3895 4951 sint,

2342 4989 2518 5034 tamen
2552 4996 2620 5034 ex
2652 4975 2939 5048 longinquo
2972 4975 3243 5031 intervallo
3274 4981 3553 5050 prospecta
3583 4969 3807 5024 obscura
3826 4971 3902 5024 vi·

2339 5067 2555 5123 dentur.
2578 5067 2696 5121 Erit
2716 5064 2846 5119 alius
2861 5104 2877 5130 ,
2898 5064 2990 5136 qui
3020 5081 3129 5117 non
3156 5063 3406 5136 probabit
3426 5057 3645 5131 Bospori
3669 5074 3809 5122 oras,
3838 5068 3900 5113 ut

2338 5173 2545 5230 asperas
2570 5164 2624 5208 et
2644 5153 2797 5227 plane
2815 5153 3093 5207 Thracicos
3104 5171 3120 5217 ς
3142 5163 3201 5210 at
3219 5155 3307 5220 lm
3335 5151 3454 5216 miti
3475 5145 3773 5210 amoenitate
3787 5162 3903 5199 eer-

2344 5253 2455 5299 tant
2466 5260 2573 5296 non
2587 5239 2753 5295 solum
2769 5257 2889 5293 cum
2904 5236 3152 5294 omnibus
3166 5233 3639 5318 Quztoribus,
3650 5227 3742 5282 sed
3753 5228 3911 5284 etiam

3649 5355 3696 5401 t.
