4584 6284
1794 489 2318 555 GEOGRAPHIAE
2359 494 2860 558 INFORMATlO.

3803 518 3916 571 ⁴⁸⁵

728 620 996 703 Ταινάρου
1046 622 1109 681 ἐκ
1160 620 1368 695 δεξιῶν,
1416 619 1545 701 ὅπερ
1583 620 1742 703 ὁρίζει
1788 623 1840 693 ἐξ
1871 622 2150 703 εὖωνῦμων
2188 624 2279 686 τὸν
2311 634 2322 707 Ι
2365 626 2660 691 Tanarum,
2703 628 2796 700 qui
2822 646 2854 683 a
2891 628 3106 685 sinistra
3133 633 3380 687 terminat
3423 634 3599 689 sinum
3637 638 3918 693 Messenia-

724 706 1100 781 Μεσσηνιακὸν
1141 708 1341 768 κόλπον
1362 754 1379 783 ,
1412 700 1473 767 οὗ
1514 712 1573 769 ἐκ
1616 709 1790 779 δεξιῶν
1841 710 2079 791 Ἀκρίτας
2123 711 2276 794 ἄκρα.
2363 730 2506 777 oum,
2530 711 2680 785 cujus
2703 732 2736 769 a
2761 714 2949 770 dextr·
2981 718 3188 771 Acritas
3225 722 3676 790 promontorium.
3725 724 3916 781 Postea

724 785 863 857 Εἶτα
890 796 1277 877 προπέπτωκιν
1305 799 1463 877 ἄκρον
1490 797 1694 878 Ἰχθὺς,
1727 800 1846 860 καθ’
1877 798 1935 859 ὃν
1968 807 2137 861 κεῖται
2171 800 2281 864 Ζά-

722 888 930 959 κυνθος,
959 882 1051 944 καὶ
1069 882 1245 965 ἕτερον
1268 888 1297 945 ὁ
1326 886 1660 953 Χελωνᾶτας·
1693 889 1988 947 τελευταῖον
2032 887 2087 947 δὲ
2118 888 2276 971 ἄκρον

665 994 693 1032 5
720 966 937 1052 Ἄραξος
976 973 1371 1053 ἀντιπρόσωπον
1401 972 1712 1054 Ἀκαρνανία
1732 996 1747 1012 ·
1782 974 1895 1053 μεθ’
1941 974 1999 1035 ὃν
2028 980 2057 1035 ὀ
2088 978 2273 1056 Κοριν-

723 1060 902 1128 θιακὸς
944 1063 1221 1143 ἀναχεῖται
1263 1060 1450 1126 κόλπος
1465 1105 1481 1134 ,
1527 1058 1569 1131 ζ’
1616 1063 1839 1123 σταδίων
1880 1060 2271 1141 συγκλειόμενος

722 1143 951 1220 στόματι
977 1143 1115 1201 κατὰ
1138 1146 1201 1205 τὸ
1227 1144 1373 1209 Ῥίον
1397 1148 1554 1227 ἄκρον
1572 1194 1590 1219 ,
1621 1146 1651 1208 ὃ
1685 1148 1793 1209 ἔστι
1820 1153 1911 1221 τῆς
1940 1148 2266 1222 Πελοποννή·

720 1250 833 1305 σου,
856 1230 918 1290 τὸ
948 1232 993 1289 δ’
1018 1230 1295 1314 Ἀντίρριον
1312 1238 1575 1315 Λοκρίδος.
1600 1235 1727 1296 Ἀπὸ
1744 1236 2005 1317 Ταινάρου
2033 1236 2119 1297 ἰπὶ
2150 1239 2267 1299 Φυ·

715 1326 911 1381 κοῧντα
943 1319 1144 1394 Λιόὖης
1172 1322 1231 1381 τὸ
1266 1321 1460 1403 δίαρμα
1495 1322 1772 1404 στάδιαΙγ.

715 1556 816 1593 nec
856 1558 965 1595 non
1006 1542 1183 1595 Livius
1230 1541 1506 1596 historicus
1551 1552 1603 1596 et
1640 1553 1825 1599 auctor
1860 1543 2077 1615 quidam
2112 1560 2269 1615 quem

713 1616 1017 1675 adhibuisse
1038 1620 1192 1675 debet
1221 1622 1513 1678 Pausanias.
1543 1625 1879 1696 Quapropter
1907 1624 2013 1677 veri
2053 1622 2271 1677 similius

715 1712 828 1749 esse
854 1696 983 1749 mihi
1008 1697 1211 1751 videtur
1234 1698 1343 1753 duo
1364 1702 1620 1755 exstitisse
1642 1700 1850 1774 Scyllam
1876 1704 2236 1774 promontoria
2250 1741 2267 1768 ‚

712 1772 932 1828 alterum
955 1774 1267 1829 hodiernum
1298 1784 1404 1851 Cap
1430 1779 1599 1849 sky-li,
1630 1781 1853 1836 alterum
1870 1796 2037 1853 prope
2058 1779 2270 1835 hodier-

712 1869 837 1906 num
867 1852 1012 1908 Arelli
1030 1865 1271 1928 portum,
1298 1858 1453 1911 sicuti
1479 1859 1771 1930 Bucephala
1794 1876 1879 1931 pr.
1918 1869 1971 1913 et
2001 1858 2069 1912 ad
2096 1860 2269 1913 sinum

706 1933 1012 1989 Saronicum
1035 1946 1148 1990 erat
1181 1945 1236 1991 et
1278 1938 1333 1991 in
1374 1955 1467 1992 ora
1507 1939 1867 1995 Hermionica.
1909 1937 2046 1993 Mela
2065 1954 2119 2005 a,
2154 1938 2205 2005 3,
2234 1940 2267 1994 8

704 2012 776 2067 ita
796 2012 954 2068 habet
978 2030 993 2067 ε
1020 2018 1171 2085 Inter
1188 2015 1460 2087 Scylloeum
1483 2028 1534 2071 et
1558 2016 1787 2073 Maleam
1803 2016 1954 2071 sinus
1976 2016 2265 2087 Argolicus.

702 2092 850 2147 Idem
866 2111 994 2148 vero
1017 2110 1031 2147 ι
1053 2092 1325 2148 Habitant
1346 2094 1415 2148 ab
1443 2094 1634 2149 isthmo
1650 2095 1727 2149 ad
1741 2096 2013 2165 Scylla-um
2036 2093 2274 2169 Epidau-

700 2170 776 2225 rii
804 2183 856 2225 et
885 2171 1214 2235 Troezeaii3..
1228 2214 1241 2229 .
1272 2170 1472 2248 oppida
1496 2184 1672 2227 autem
1696 2172 2006 2250 Epidaurus
2038 2186 2089 2228 ee
2130 2178 2269 2230 Troe-

702 2268 823 2303 zene
856 2264 905 2305 et
941 2250 1229 2305 Hermiona
1256 2251 1341 2307 lais
1374 2249 1621 2307 litoribus
1644 2252 1898 2327 apposita
1936 2265 2078 2309 sunt.
2104 2254 2271 2325 Igitur

702 2329 973 2401 Scyllaeum
994 2330 1062 2385 ab
1080 2332 1367 2386 Hermione
1386 2349 1565 2387 versus
1589 2350 1833 2387 oceasum
1858 2333 2017 2387 situm
2038 2350 2148 2387 esse
2170 2344 2271 2388 sta·

705 2411 825 2465 tuit.
854 2408 1086 2464 Eandem
1106 2410 1263 2465 Plinii
1276 2414 1586 2467 sententiam
1602 2411 1759 2467 fuisse
1777 2411 1933 2467 verba
1951 2410 2063 2484 ejus
2080 2411 2272 2468 docent

703 2484 817 2540 haec
843 2492 921 2555 (4,
949 2506 1004 2557 9,
1042 2492 1129 2559 17)
1156 2504 1171 2541 ε
1204 2488 1316 2561 Qui
1338 2489 1579 2562 sequitur
1596 2498 1735 2561 (post
1756 2491 2095 2557 Laconicum)
2120 2490 2269 2545 sinus

702 2564 781 2617 ad
801 2565 1070 2636 Scyllaeum
1106 2567 1391 2636 Argolicus
1414 2580 1669 2632 vocatur,-
1708 2567 1928 2643 Oppida
1960 2572 2111 2635 Bona,
2136 2568 2269 2644 Epi-

701 2642 903 2699 daur-us
916 2644 1124 2701 Limera
1132 2656 1234 2700 etc.
1248 2694 1255 2702 .
1267 2688 1281 2703 .
1292 2686 1307 2701 .
1323 2649 1379 2701 A
1388 2646 1601 2716 Serllaeo
1610 2646 1687 2700 ad
1694 2646 1953 2701 Isthmum
1970 2650 2273 2703 CLXXVII

702 2740 775 2779 m.
793 2741 889 2796 p.,·
905 2722 1105 2796 oppida
1122 2724 1430 2789 Hermione,
1461 2730 1668 2781 Troezen
1698 2736 1799 2782 etc.
1822 2727 2062 2798 Denique
2082 2728 2267 2782 Strabo

700 2817 756 2871 p.
788 2802 1011 2873 (317,12
1040 2801 1194 2872 Did.)
1243 2819 1258 2857 :
1295 2800 1355 2857 Ὅ
1390 2801 1695 2876 Ἐρμιονικδς
1734 2803 1919 2868 κόλπος
1943 2804 2145 2877 ἄρχεται
2170 2806 2266 2860 ἀπὸ

706 2876 859 2943 Ἁλίας
900 2880 1031 2952 (sive
1066 2879 1285 2949 Ἆλικῆς;
1316 2880 1477 2937 codd.
1510 2881 1687 2953 ἎΝης)
1728 2882 1990 2955 πολίχνης.
2026 2882 2174 2937 Idem
2204 2902 2262 2957 p.

698 2958 843 3025 (316,
870 2958 963 3031 24)
994 2974 1010 3012 τ
1049 2956 1109 3011 ‘0
1137 2959 1225 3030 μὲν
1254 2958 1567 3034 (Ἀργολικὸς
1587 2961 1793 3035 κόλπος)
1826 2962 1971 3034 μέχρι
1998 2966 2087 3015 τοῦ
2108 2962 2263 3017 Σκυλ·

694 3037 838 3091 λαίου
863 3038 1063 3093 πλέοντι
1090 3037 1210 3109 πρὸς
1231 3040 1301 3092 ἔω
1318 3039 1506 3102 καὶτὰς
1528 3040 1782 3103 Κυκλάδας
1797 3039 1863 3093 ·’6
1881 3040 1935 3094 si
1959 3038 2264 3112 Ἑρμιονικδς

694 3114 1020 3188 {wewam-apog
1038 3118 1213 3171 τούτου
1244 3118 1390 3189 μίχρι
1409 3118 1529 3189 πρὸς
1550 3116 1641 3185 τὴν
1662 3116 1879 3191 Αἴγιναν
1900 3118 1983 3172 καὶ
2004 3118 2094 3187 τὴν
2127 3119 2265 3178 Ἐπι-

690 3193 908 3267 ὃαυρίαν.
942 3194 1022 3249 Cf.
1061 3214 1115 3268 p.
1160 3199 1533 3263 484(416,22)
1566 3212 1581 3249 :
1611 3194 1644 3263 ἢ
1682 3196 1864 3265 Μῆλος
1901 3198 2134 3269 διέχουσα
2172 3206 2259 3255 τοῦ

698 3270 1017 3347 Ἑρμιονικοῦ
1040 3273 1345 3347 ἀκρωτηρίου
1369 3279 1457 3328 τοῦ
1474 3274 1757 3329 Σκυλλαίου
1776 3276 2001 3340 σταδίους
2015 3277 2083 3349 ψ’.
2105 3278 2259 3334 Adde

690 3351 836 3422 quod
878 3352 982 3408 alio
1012 3352 1131 3408 loco
1159 3354 1240 3425 (p.
1282 3354 1405 3419 321,
1458 3354 1548 3423 13)
1585 3353 1859 3427 Scyllaeum
1900 3355 2029 3409 dicit
2066 3374 2177 3411 esse
2204 3356 2255 3412 ἐν

700 3427 964 3505 Ἑρμιόνῃ,
988 3432 1045 3485 in
1083 3430 1287 3486 ditione
1324 3432 1695 3498 Hermionica3
1734 3433 1955 3487 minime
1990 3431 2095 3489 hoc
2118 3436 2257 3491 cadit

692 3509 751 3563 in
796 3515 903 3583 Cap
936 3509 1082 3579 sky-li
1098 3550 1113 3576 ,
1142 3510 1290 3582 quod
1315 3520 1429 3565 erat
1463 3512 1894 3578 Troezeniorum3
1945 3529 2116 3584 neque
2161 3514 2255 3569 ad-

694 3590 833 3645 mitti
854 3589 1007 3645 velim
1025 3588 1171 3663 quod
1190 3590 1404 3645 Curtius
1418 3590 1620 3665 (Pelop.
1642 3608 1696 3657 a,
1712 3609 1768 3665 p.
1781 3592 1907 3663 453)
1923 3602 2101 3647 censet
2113 3593 2256 3650 Stra·

694 3667 851 3723 bonis
885 3668 1055 3723 verbis
1078 3669 1308 3742 priscum
1332 3669 1554 3742 aliquem
1579 3690 1757 3727 rerum
1778 3682 1971 3727 statum
1998 3671 2219 3730 indicari
2235 3714 2253 3743 ,

691 3766 806 3820 quo
830 3750 1167 3806 Hermionica
1203 3750 1335 3805 ditio
1371 3750 1509 3806 ultra
1546 3754 1661 3826 Cap
1717 3752 1861 3821 sky-Ii
1898 3752 2253 3827 pertinuisset.

690 3827 882 3884 Obstat
902 3829 1046 3884 enim
1070 3829 1216 3904 quod
1238 3829 1378 3904 apud
1409 3832 1616 3886 Livium
1657 3849 1871 3906 quoque
1900 3832 2115 3905 legimus
2137 3836 2251 3905 (31,

694 3910 789 3979 44)
825 3925 840 3964 :
886 3909 1081 3966 elassis
1120 3928 1157 3964 a
1198 3915 1413 3983 ebt-cyra
1454 3911 1720 3985 prosecta,
1760 3912 1937 3970 Malea
1974 3927 2253 3987 superata,

692 3990 839 4044 circa
858 3990 1129 4063 Scyllaeum
1150 3990 1271 4061 agri
1292 3990 1589 4048 Hermionii
1613 3992 1802 4047 Attalo
1841 3991 1949 4061 regi
1975 3992 2089 4062 (qui
2131 4002 2258 4049 tunc

692 4067 748 4121 in
774 4068 1059 4124 Hermione
1088 4062 1220 4125 urbe
1243 4075 1375 4139 erat)
1400 4074 1677 4145 conjuncta
1707 4083 1805 4128 est.
1832 4072 2021 4127 Strabo
2046 4072 2257 4129 hodier-

690 4164 821 4202 num
846 4154 957 4223 &tp
971 4149 1115 4221 sky-li
1138 4159 1385 4222 tanquam
1398 4152 1601 4223 insigne
1616 4150 1828 4223 aliquod
1841 4152 2257 4223 promontorium

686 4228 911 4284 omnino
934 4246 1045 4283 non
1079 4230 1289 4285 novisse
1318 4230 1554 4299 videtur3
1578 4248 1703 4286 nam
1728 4247 1894 4304 quum
1920 4232 2093 4285 sinum
2126 4232 2259 4287 Her-

686 4308 983 4362 mionicum
1011 4325 1179 4381 usque
1204 4308 1273 4363 ad
1293 4308 1551 4382 Epidauri
1574 4311 1820 4366 viciniam
1837 4308 2085 4364 extendat
2104 4320 2259 4383 atque

682 4386 988 4441 Methanam
1017 4385 1069 4441 ἐν
1097 4391 1171 4461 τῷ
1212 4385 1518 4463 Ἑρμιονικῷ
1554 4389 1727 4463 κόλπῳ
1764 4389 1919 4444 sitam
1958 4406 2070 4443 esse
2112 4400 2262 4462 putet

684 4467 762 4537 (p.
794 4470 885 4537 49,
917 4468 1031 4536 27),
1058 4468 1349 4522 maximum
1394 4468 1545 4524 illum
1586 4486 1695 4524 orn
1729 4466 2059 4534 anfractum,
2101 4486 2257 4541 quem

682 4544 1002 4600 hodiernum
1029 4552 1137 4620 Cap
1160 4546 1305 4619 Sty-11·
1323 4546 1466 4614 facit,
1489 4549 1755 4619 ignorasse
1774 4545 2037 4605 debet.—
2052 4545 2259 4603 Accedo

686 4624 755 4677 ad
771 4626 1102 4680 Pausaniam.
1128 4626 1183 4679 is
1200 4626 1341 4680 enim
1361 4626 1442 4695 (a,
1468 4626 1563 4697 st.)
1580 4636 1865 4699 postquam
1886 4627 2025 4681 viam
2044 4643 2149 4698 qua
2164 4643 2261 4699 per

686 4702 1067 4759 mediterranea
1092 4704 1346 4759 Trrezene
1384 4704 1439 4757 in
1482 4704 1871 4759 Hermionicam
1900 4705 2001 4758 iter
2026 4713 2133 4769 est,
2164 4703 2257 4757 de·

685 4781 921 4853 scripsit,
948 4780 1163 4837 brevem
1189 4780 1457 4854 subjungit
1472 4800 1745 4837 recensum
1769 4784 2255 4856 promontoriorum

686 4861 1083 4934 insularumque
1104 4879 1223 4933 quae
1240 4863 1295 4917 in
1316 4880 1409 4917 ora
1431 4862 1695 4917 maritima
1714 4861 1979 4918 suntinde
1994 4880 2025 4915 a
2045 4862 2259 4935 Scyllaeo

684 4941 963 4996 'Pramnio
979 4958 1149 5013 usque
1165 4940 1233 4996 ad
1248 4942 1587 4997 Hermionem
1616 4940 1824 4998 urbem.
1844 4944 1967 4997 Post
1983 4941 2253 5015 Scyllaeum

684 5030 949 5074 memorat
967 5020 1314 5093 Bycephalam
1339 5038 1421 5094 pr.
1451 5030 1505 5075 et
1532 5031 1637 5075 tres
1662 5020 1854 5075 insulas
1886 5020 2179 5075 Haliussam
2199 5031 2253 5075 et

681 5098 982 5170 Pityussam
1003 5110 1057 5153 et
1083 5100 1342 5155 Aristeras
1358 5140 1373 5166 ,
1390 5110 1503 5153 tum
1519 5100 1843 5172 Colyergiam
1870 5118 1979 5173 pr„
1994 5098 2117 5154 dein
2134 5099 2255 5154 Tri·

680 5193 841 5229 crana
869 5176 1094 5231 insulam
1108 5216 1123 5241 ,
1142 5188 1263 5249 post
1282 5176 1419 5231 hanc
1437 5177 1825 5250 Buporthmum
1848 5186 2081 5231 montem
2100 5177 2255 5249 eique

678 5253 1011 5326 objacentem
1026 5258 1343 5329 Aperopiam
1364 5258 1609 5323 insulam,
1628 5274 1661 5311 a
1676 5274 1781 5329 qua
1799 5273 1906 5310 non
1931 5256 2083 5327 longe
2096 5254 2255 5310 distat

682 5334 894 5407 Hydrea
916 5336 1042 5401 ins„
1061 5345 1173 5390 tum
1200 5335 1429 5408 αἰγιαλὸν
1455 5337 1689 5409 μηνοειδῆ
1708 5376 1723 5402 ,
1749 5347 1861 5390 tum
1889 5331 2041 5401 ὀπτὴν
2071 5336 2125 5389 in
2149 5351 2253 5408 qua

2364 801 2626 874 prominet
2654 804 3082 875 promontorium
3107 804 3347 879 Ichthys,
3367 806 3521 879 juxta
3549 809 3696 882 quod
3719 812 3919 887 Zacyn-

2365 886 2486 941 thus
2507 886 2709 959 objacet
2722 927 2738 954 ,
2751 900 2806 944 et
2825 887 3048 943 alterum
3075 888 3416 959 Cholouata„
3442 904 3766 967 postremum
3791 916 3918 953 vero

2365 976 2794 1048 promontorium
2810 985 2888 1029 est
2905 978 3115 1033 Araxus
3130 1015 3147 1043 ,
3170 978 3331 1033 situm
3359 998 3424 1035 ex
3447 981 3668 1037 adverso
3689 988 3922 1047 Acarna·

2367 1064 2489 1117 nioe.
2536 1063 2666 1119 Inde
2699 1064 2848 1119 sinus
2885 1063 3260 1120 Corinthiacus
3289 1065 3610 1123 diffunditur
3637 1071 3922 1129 conclusus

2365 1152 2501 1208 ostio
2527 1163 2724 1224 septem
2767 1150 3059 1207 stadiorum
3097 1151 3236 1226 ipter
3270 1152 3466 1223 Rhium
3491 1156 3836 1231 Peloponnesi
3869 1172 3924 1217 et

2368 1240 2705 1296 Antirrhium
2751 1238 2994 1295 Locridis
3039 1242 3424 1314 promontoria.
3515 1248 3563 1299 A
3607 1246 3825 1304 Taenaro
3865 1248 3922 1303 in

2366 1328 2696 1407 Phycuntem
2711 1324 2904 1406 {liricae
2931 1324 3182 1397 trajectus
3201 1328 3340 1383 3000
3361 1326 3673 1387 stadiorum.

2363 1542 2488 1595 urbs
2514 1540 2817 1596 Hermione.
2837 1539 2910 1593 Ex
2931 1539 3015 1594 bis
3041 1539 3169 1594 locis
3195 1540 3408 1615 Hydrea
3435 1554 3513 1599 est
3542 1544 3798 1603 hodierna
3816 1552 3924 1620 Hr-

2357 1620 2478 1685 clm,
2491 1631 2543 1675 et
2557 1621 2808 1674 Tricrana
2821 1620 3155 1686 (fricat-enus
3171 1637 3257 1692 ap.
3270 1619 3436 1691 Plio.)
3451 1632 3628 1696 aperte
3639 1626 3924 1699 respondet

2358 1698 2625 1753 hodiernae
2649 1696 2869 1752 Trikeri.
2891 1697 3018 1751 Hoc
3037 1715 3162 1751 vero
3179 1697 3348 1753 insula
3367 1718 3533 1771 quum
3557 1700 3625 1755 ab
3647 1702 3827 1775 Hydra
3853 1706 3923 1761 sit

2358 1794 2534 1831 versus
2547 1793 2788 1831 occasum
2800 1775 3111 1841 brumalem,
3128 1794 3238 1831 non
3248 1777 3488 1849 intell1gis
3505 1781 3778 1852 quomodo
3797 1794 3922 1838 ante

2358 1856 2672 1927 Aperopiam
2703 1852 2900 1925 (Doko)
2935 1863 2988 1908 et
3005 1853 3280 1926 {lydi-eam
3316 1869 3778 1925 commemoretur,
3809 1860 3920 1917 imo

2357 1930 3508 2069 32¹3.¹.”;⁰2‘..¹:²5“33231ffi¹122.2”2.3.“;f.
3517 1934 3918 2072 ⁵3¹⁵12312¹1¹4T

2356 2107 2515 2163 quem
2539 2093 2596 2145 in
2613 2053 2802 2149 zabuli}
2822 2091 2930 2147 suis
2954 2091 3237 2165 Kiepertus
3263 2104 3471 2147 secutus
3487 2032 3592 2160 elit,
3608 2057 3920 2154 Pausaniam:

2356 2172 2560 2243 putavit
2583 2189 2613 2226 a
2635 2170 2849 2244 Scyllaeo
2866 2170 3164 2244 profectum
3190 2174 3647 2245 prseternavigasse
3667 2176 3918 2231 orientale

2356 2248 2579 2323 Hydrea
2610 2249 2793 2306 insula
2824 2251 3252 2325 promontorium
3275 2254 3353 2319 (C.
3381 2256 3430 2305 Z
3433 2252 3573 2323 urla)
3585 2292 3602 2319 ,
3627 2252 3789 2327 idque
3815 2258 3921 2310 Co—

2355 2329 2560 2402 lyergioe
2583 2330 2797 2386 nomine
2821 2329 3118 2402 designasse
3142 2332 3384 2403 mimque
3419 2350 3599 2388 ermre
3621 2351 3721 2407 pro
3747 2337 3917 2391 conti·

2357 2414 2536 2545 ΞἙΞ
2558 2408 3672 2563 ἔὲωὲἔΐέἧςέῃῗὲᾝοῖἶῗᾝεῖζὲ
3693 2416 3920 2551 ξ’,ἱῖὲῖἒξ

2354 2570 2641 2642 navigasse,
2667 2567 2812 2623 unde
2827 2566 3074 2641 deinceps
3091 2586 3251 2623 cursu
3272 2568 3484 2623 boream
3512 2588 3692 2626 versus
3709 2569 3916 2628 deflexo

2354 2649 2692 2705 Hermiouem
2719 2646 3039 2704 tetendisset.
3071 2651 3142 2704 At
3167 2646 3426 2721 ejusmodi
3452 2662 3807 2706 commentum
3844 2653 3914 2709 ab

2355 2728 2501 2783 omni
2545 2729 2652 2783 veri
2691 2732 2864 2799 specie
2899 2724 3186 2781 abhorrere
3225 2736 3366 2781 recte
3407 2726 3661 2783 intellexit
3701 2730 3916 2785 Curtius

2355 2806 2554 2881 (Pelop.
2574 2806 2718 2877 1.1.),
2731 2804 2956 2876 ideoque
2972 2802 3126 2859 aliam
3145 2822 3320 2859 rerum
3344 2803 3743 2867 adornationem
3765 2827 3918 2866 exeo-

2353 2886 2558 2957 gitavit,
2595 2902 2755 2958 quam
2793 2886 2958 2958 ipsam
2984 2900 3196 2956 quoque
3224 2883 3602 2955 improbamus.
3640 2886 3914 2960 Scyllaeum

2352 2962 2546 3019 scilicet
2556 2964 2746 3019 Ctzrtio
2763 2982 2870 3020 non
2885 2973 2964 3018 est
2978 2962 3106 3019 hod.
3135 2966 3188 3017 C.
3209 2961 3371 3033 Sisy-Ii,
3383 2962 3474 3017 sed
3488 2966 3913 3037 promontorIum

2351 3042 2515 3113 magis
2539 3060 2719 3097 versus
2744 3042 2960 3097 boream
2987 3040 3148 3094 situm
3175 3042 3258 3111 (C.
3294 3042 3357 3097 K
3356 3038 3592 3113 doner-ix
3631 3042 3778 3115 quod
3823 3046 3913 3101 vix

2351 3118 2653 3177 credideris.
2683 3120 2822 3176 Dein
2855 3116 3152 3191 Bucephala
3171 3128 3252 3173 est
3280 3121 3335 3173 C.
3373 3118 3569 3192 Spadi5
3601 3121 3839 3178 Haliussa
3860 3134 3916 3179 et

2349 3198 2586 3269 Pityussa
2621 3208 2748 3253 sunt
2791 3198 2975 3253 insulae
3001 3195 3147 3269 styli
3187 3200 3554 3269 promontorio
3596 3198 3906 3272 adjacentes.

2347 3275 2669 3349 Colyergiam
2707 3276 2871 3332 refert
2902 3274 2968 3330 ad
3005 3276 3268 3329 minutum
3297 3274 3465 3331 litoris
3506 3278 3708 3350 apicem
3745 3297 3913 3354 prope

2347 3354 2699 3410 Pharkarium
2710 3355 2870 3409 situm
2879 3354 2971 3425 qui
2985 3354 3042 3407 in
3064 3352 3254 3407 tabulis
3269 3354 3493 3408 nauticis
3514 3356 3730 3411 nomine
3748 3370 3908 3426 caret3

2345 3451 2658 3506 quamquam
2685 3434 2888 3505 insigne
2907 3430 3124 3503 aliquod
3149 3443 3202 3486 et
3223 3430 3574 3505 periculosum
3602 3448 3912 3506 promonto-

2346 3512 2484 3567 rium
2512 3523 2623 3567 tum
2648 3528 2840 3565 nomen
2863 3508 2976 3582 ejus
3005 3520 3120 3563 tum
3149 3509 3307 3563 verb·
3333 3512 3618 3577 Pausaniae,
3639 3513 3763 3584 ἄκρα
3800 3514 3910 3570 ἁνί-

2343 3609 2506 3664 χουσα
2531 3590 2586 3646 ἔκ
2607 3592 2695 3659 τῆς
2727 3587 2958 3663 ἠπείρου,
2986 3586 3222 3641 indicare
3245 3584 3510 3643 videntur.
3541 3589 3698 3643 Haud
3743 3594 3909 3663 magis

2345 3671 2618 3727 verisimile
2643 3680 2722 3724 est
2745 3670 3000 3724 Tricrana
3024 3666 3444 3727 esse-insululam
3469 3666 3546 3722 vol
3577 3685 3764 3742 rupem
3790 3688 3910 3745 qua

2342 3769 2506 3824 prope
2551 3748 2901 3809 Phurkan‘am
2925 3766 3033 3803 orae
3070 3745 3290 3819 adjacet.
3337 3748 3580 3822 Denique
3619 3767 3728 3823 quo
3755 3762 3908 3825 pacto

2343 3830 2622 3887 credideris
2635 3840 2904 3885 auctorem
2918 3830 2975 3884 in
2996 3828 3102 3883 hoc
3125 3826 3339 3900 paraplo
3361 3826 3628 3900 Hydreum
3652 3829 3901 3899 insulam,

2343 3929 2460 3985 quae
2495 3910 2618 3966 inde
2654 3929 2687 3966 a
2719 3908 2932 3984 Scyllaeo
2962 3907 3036 3963 ob
3081 3907 3262 3962 oculos
3291 3917 3435 3974 erat,
3468 3918 3588 3980 post
3627 3912 3905 3984 Aperopia

2343 3990 2560 4047 demum
2595 3992 2916 4047 mentionem
2940 3987 3299 4044 recensuisse?
3342 3986 3686 4043 statuendum
3729 3992 3908 4063 potius

2346 4073 2490 4127 hunc
2526 4072 2585 4126 in
2635 4068 2874 4126 modum.
2922 4068 3206 4125 Pausanias
3243 4068 3327 4121 via
3363 4066 3449 4121 illa
3487 4066 3868 4125 mediterranea
3883 4110 3902 4137 ‚

2343 4167 2502 4222 quam
2536 4148 2836 4223 deso-ipsit,
2863 4149 3118 4203 Troezene
3151 4146 3207 4201 in
3234 4146 3626 4201 Hermionicam
3667 4145 3868 4219 trajecit
3883 4170 3904 4227 5

2344 4228 2570 4284 eundem
2590 4238 2837 4302 praeterea
2860 4228 3015 4287 etiam
3042 4226 3165 4280 litus
3207 4225 3526 4278 maritimum
3553 4222 3678 4280 inde
3701 4244 3733 4279 a
3757 4227 3903 4299 Scyl-

2345 4307 2440 4362 loeo
2463 4308 2672 4379 legisse,
2703 4318 2762 4361 ut
2785 4304 2923 4361 nuda
2950 4305 3167 4359 nomina
3196 4304 3682 4375 promontoriorum
3712 4305 3905 4360 insula-

2343 4401 2566 4458 rumque
2591 4385 2740 4459 opcri
2761 4401 2858 4439 suo
2885 4384 3166 4448 insereret,
3187 4399 3436 4452 negamus
3451 4401 3467 4447 ;
3485 4382 3642 4435 istum
3667 4382 3902 4439 locorum

2344 4482 2616 4520 recensum
2633 4482 2664 4519 e
2681 4466 2876 4536 scripto
2901 4463 3079 4535 aliquo
3110 4461 3456 4533 geographico
3483 4472 3752 4516 mutuatus
3786 4473 3897 4529 est,

2344 4561 2516 4617 neque
2537 4542 2903 4599 animadvertit
2923 4543 2978 4596 in
3005 4560 3070 4597 eo
3095 4558 3254 4613 opere
3279 4539 3548 4613 Scyllaeum
3576 4552 3897 4619 promonto-

2343 4630 2482 4685 rium
2503 4647 2614 4685 non
2639 4646 2752 4683 esse
2777 4627 2905 4683 illud
2931 4626 3211 4683 ‘ru-menie
3234 4624 3421 4697 (Sbii)
3435 4662 3455 4693 ,
3481 4624 3575 4679 sed
3596 4627 3898 4683 Hermioni-

2346 4725 2470 4763 cum
2494 4706 2640 4781 quod
2659 4725 2692 4761 e
2707 4708 3002 4778 Pomponio
3017 4704 3177 4775 Mela,
3201 4704 3399 4770 Plinio,
3423 4703 3680 4759 Strabone
3701 4716 3752 4759 et
3775 4706 3899 4761 Tito

2345 4787 2496 4843 Livio
2521 4788 2783 4844 novimus.
2808 4788 2931 4855 Quo
2952 4783 3181 4840 admisso
3202 4784 3468 4838 Pausaniae
3485 4800 3666 4837 errore
3680 4824 3696 4850 ,
3722 4786 3900 4840 omnia

2345 4863 2582 4920 facillime
2591 4864 2930 4938 explicantur.
2947 4862 3218 4937 Scyllaeum
3231 4861 3392 4932 igitur
3398 4862 3465 4915 sit
3473 4863 3899 4936 promontorium

2342 4943 2488 5016 quod
2507 4952 2586 4998 est
2608 4962 2641 4999 a
2666 4942 2825 4999 borea
2845 4942 2998 5001 Kella·
3017 4942 3128 4998 sive
3155 4938 3309 5004 Ἁλίας
3328 4950 3532 5013 portus.
3561 4940 3811 5015 Sequitur
3832 4942 3900 4997 ab

2339 5024 2502 5079 altero
2521 5034 2705 5097 portus
2727 5023 2886 5079 latere
2909 5020 3202 5095 Bucephala
3221 5039 3328 5096 pr„
3357 5019 3426 5075 ad
3442 5020 3590 5093 quod
3611 5032 3690 5077 est
3707 5022 3894 5086 insula,

2317 5120 2461 5177 ‚quae
2481 5102 2549 5158 ab
2573 5100 2723 5157 Halia
2747 5102 3030 5157 vocabatur
3055 5099 3294 5155 Haliussa
3315 5101 3491 5171 (sicuti
3519 5100 3688 5155 insula
3717 5101 3897 5155 Maseti

2340 5182 2516 5255 portui
2553 5180 2889 5236 Hermionico
2933 5178 3138 5251 objecta
3181 5180 3394 5235 Masetis
3438 5178 3748 5246 dicebatur).
3803 5181 3896 5233 Se·

2340 5272 2576 5335 quuntur
2612 5260 2845 5333 Pityussa
2890 5270 2944 5314 et
2980 5259 3253 5326 Aristerae,
3281 5276 3398 5329 quae
3442 5255 3600 5313 hodie
3643 5256 3896 5312 dicuntur

2338 5340 2553 5416 Spezzia
2589 5351 2642 5395 et
2675 5337 3103 5413 ,spemin-Paulo.
3132 5341 3248 5394 Jam
3292 5338 3578 5412 Κωλυεργία
3619 5338 3744 5410 ἄκρα
3781 5338 3894 5393 ἀνί·
