4584 6284
1456 520 2048 614 PRISCIANI
2129 522 2873 621 PERIEGESIS.

543 980 759 1033 Naturae
783 976 1014 1051 genitor,
1042 992 1164 1049 quae
1191 973 1454 1030 mundum
1477 976 1709 1029 continet
1730 994 1968 1042 omnem,

545 1084 753 1134 annue,
775 1084 871 1122 rex
898 1065 1015 1121 coeli
1031 1106 1048 1130 ,
1081 1066 1317 1139 positum
1349 1063 1548 1119 telluris
1569 1076 1623 1119 et
1643 1064 1798 1119 undae
1814 1104 1830 1132 ,

545 1156 603 1210 in
626 1173 760 1228 quas
785 1154 1072 1227 imperium
1098 1151 1411 1207 mortalibus
1433 1152 1546 1225 ipse
1570 1150 1759 1206 dedisti
1777 1191 1793 1219 ,

545 1244 780 1300 materiae
801 1253 963 1297 tante
985 1260 1071 1297 me
1089 1259 1338 1314 promere
1363 1242 1596 1295 carmine
1613 1240 1793 1313 digno.

479 1342 514 1392 5
615 1329 886 1403 Incipiens
913 1340 1068 1383 terrae
1092 1338 1291 1382 tractus
1307 1366 1324 1393 ,
1353 1328 1611 1400 pontique
1638 1338 1867 1400 meatus,

445 1412 514 1491 μ)
545 1427 599 1471 et
623 1415 816 1469 fluvios
842 1430 1032 1468 canere
1052 1451 1068 1478 ,
1094 1422 1254 1485 atque
1281 1411 1438 1465 urbes
1465 1411 1791 1485 populosque
1809 1430 1906 1485 per
1928 1412 2112 1467 orbem

543 1500 829 1566 discretos,
851 1500 955 1567 late
983 1500 1213 1555 refluum
1245 1517 1541 1554 memorare
1566 1499 1762 1573 parabo

542 1592 848 1654 Oceanum,
877 1587 1031 1643 tellus
1055 1606 1166 1660 quo
1191 1587 1422 1659 cingitur
1447 1605 1658 1660 aequore
1685 1598 1793 1643 tota
1811 1630 1827 1655 ,

544 1676 713 1731 insula
739 1694 842 1731 ceu
861 1694 975 1731 sese
1002 1674 1314 1731 diffundens
1338 1675 1492 1730 litore
1517 1686 1684 1730 vasto.

439 1772 511 1823 to
541 1765 663 1819 Non
691 1774 868 1819 tamen
891 1762 1104 1817 assiduo
1127 1772 1264 1816 teres
1285 1760 1520 1834 undique
1543 1762 1778 1833 margine
1805 1762 2002 1816 circum

450 1840 511 1919 (o)
541 1849 808 1905 clauditur
833 1850 976 1916 haee,
1006 1846 1175 1904 bifido
1203 1847 1297 1903 sed
1320 1846 1534 1903 brachia
1557 1848 1708 1903 litore
1735 1848 1970 1922 pandens

541 1950 744 1995 artatur
763 1938 978 2012 rapidos
1000 1956 1186 1993 cursus
1205 1935 1273 1991 ad
1302 1936 1426 1992 solis
1448 1940 1698 2014 utrinque
1711 1976 1727 2003 ‚

540 2028 781 2083 assimilis
809 2027 1006 2083 sunda.
1032 2026 1138 2082 Sed
1161 2026 1403 2099 quamvis
1429 2043 1652 2099 corpore
1678 2036 1789 2080 toto

543 2134 650 2171 una
675 2117 744 2170 sit
767 2115 880 2171 baec
895 2156 914 2187 ‚
932 2114 1176 2171 homines
1197 2123 1304 2188 tres
1329 2112 1519 2167 dicunt
1537 2130 1648 2167 esse
1676 2112 1958 2185 diremptas
1984 2129 1997 2167 t

439 2222 508 2273 15
539 2216 595 2261 et
615 2206 842 2279 primam
871 2204 1073 2278 Libyen
1088 2243 1105 2272 ‚
1131 2214 1252 2277 post
1273 2204 1523 2276 Europen
1551 2202 1855 2274 Asiamque.

418 2290 507 2371 (to)
537 2293 642 2349 Sed
666 2294 889 2367 Libyam
910 2296 1138 2366 Europae
1161 2290 1414 2347 discernit
1435 2291 1630 2347 linibus
1647 2291 1832 2364 amplis

536 2384 676 2439 linea
694 2424 710 2451 ,
742 2402 903 2457 quam
928 2382 1208 2455 obliquant
1227 2380 1406 2437 Gades
1427 2392 1587 2453 atque
1613 2380 1747 2434 ostia
1771 2380 1874 2435 Nili
1908 2400 1922 2437 τ

535 2489 644 2544 qua
665 2471 841 2527 boreae
859 2469 1094 2525 excurrit
1115 2468 1422 2541 Memphitis
1445 2477 1588 2522 terra
1609 2466 1708 2521 sub
1738 2485 1887 2534 axes,

534 2564 693 2631 atque
713 2549 897 2613 locum
913 2558 1057 2611 vovit
1073 2556 1332 2629 Spartano
1351 2553 1489 2610 fama
1511 2554 1748 2625 Canopo.

429 2645 504 2697 20
531 2645 634 2701 Sed
660 2655 824 2701 terras
849 2644 1028 2717 aquilo
1049 2660 1155 2716 qua
1180 2641 1376 2714 frigore
1396 2639 1614 2696 damnat
1636 2641 1820 2713 iniquo
1836 2681 1851 2706 ,

533 2737 784 2807 Europen
802 2734 944 2788 Asiae
964 2733 1158 2787 Tanais
1181 2728 1437 2802 disjungit
1458 2729 1528 2785 ab
1549 2730 1658 2786 oris
1677 2769 1691 2793 ,

410 2814 426 2885 ί
437 2816 502 2893 15)
529 2822 866 2877 Sauromatas
887 2820 1130 2893 linquens
1150 2819 1418 2891 Scythiam
1442 2820 1534 2891 qui
1557 2818 1760 2890 gurgite
1787 2830 1931 2874 vasto

529 2911 835 2983 perstringit
850 2948 867 2976 ,
891 2926 1232 2983 praecepsque
1251 2909 1360 2962 ruit
1380 2905 1628 2961 Maeotida
1649 2923 1892 2978 poscens.

534 3002 607 3054 At
633 2995 842 3052 medius
863 2996 986 3051 finis
1008 2994 1120 3067 jam
1145 2992 1366 3048 declinis
1390 2992 1459 3047 ad
1491 3004 1732 3047 austrum
1751 3004 1856 3057 est,

429 3080 503 3131 25
533 3100 666 3155 quas
687 3082 1014 3154 Hellesponti
1039 3079 1211 3134 fauces
1233 3078 1418 3133 dixere
1442 3080 1678 3151 priorae3

536 3169 630 3224 sed
661 3169 825 3239 magis
852 3167 1093 3222 australis
1109 3176 1236 3220 sunt
1255 3166 1516 3219 terminus
1538 3166 1672 3219 ostia
1699 3164 1822 3221 Nili.

538 3261 640 3313 Per
667 3274 813 3312 mare
838 3255 916 3310 sic
941 3256 1238 3326 fluviosque
1263 3251 1402 3307 duos
1423 3252 1741 3307 discernitur
1766 3250 1930 3305 orbis.

549 3347 643 3399 Ast
663 3344 751 3398 alii
779 3332 934 3397 terris
957 3340 1162 3396 malunt
1190 3339 1490 3393 discernere
1518 3348 1702 3393 terras.

419 3427 509 3503 (au)
541 3431 763 3488 Finibus
790 3441 870 3486 αἱ
887 3432 1024 3486 Asine
1046 3470 1064 3496 ,
1094 3428 1232 3483 latus
1253 3438 1460 3491 artum,
1484 3426 1664 3499 lingua
1684 3427 1954 3501 supernis,

438 3517 511 3569 30
543 3522 764 3595 Caspia,
789 3538 952 3593 quam
983 3517 1215 3573 mediam
1252 3516 1452 3572 faciunt
1467 3527 1627 3589 atque
1651 3533 1861 3588 aequora
1881 3517 2036 3570 Ponti

542 3608 738 3663 Euxini
770 3626 785 3665 ε
810 3607 960 3662 locus
981 3605 1070 3661 hic
1088 3604 1375 3659 discrimen
1401 3602 1597 3657 dicitur
1613 3591 1724 3657 esse

541 3698 784 3769 Europes
806 3694 948 3750 Asia
970 3690 1276 3765 disjungens
1297 3690 1514 3745 ruribus
1531 3708 1673 3746 arva.

543 3794 640 3840 Ast
664 3784 794 3837 alius
821 3781 944 3837 finis
969 3780 1303 3853 longissimus
1325 3780 1432 3835 exit
1461 3780 1518 3834 in
1543 3788 1777 3842 austros,

541 3872 636 3943 qui
653 3880 795 3926 secat
810 3868 1022 3942 JEgypti
1053 3879 1220 3923 terras
1241 3884 1528 3940 aequorque
1556 3864 1796 3920 Sabaeum
1826 3882 1840 3919 2

439 3964 511 4017 35
541 3968 746 4032 separat
768 3957 857 4013 hic
884 3955 1086 4029 Libyen
1101 3996 1120 4022 ,
1141 3956 1282 4011 Asiae
1306 3954 1535 4009 confinia
1556 3970 1826 4025 rumpens.

419 4036 514 4113 (2⁶)
540 4048 686 4103 Talia
708 4044 954 4101 mortales
976 4044 1262 4119 perhibent
1293 4042 1600 4098 discrimina
1621 4052 1791 4096 terrae.

612 4137 815 4191 Circuit
835 4135 1016 4190 oceani
1050 4151 1239 4205 gurges
1261 4145 1434 4188 tamen
1461 4130 1702 4204 undique
1720 4140 1893 4185 vastus
1913 4170 1930 4196 ‚

543 4224 668 4295 qui,
696 4222 936 4295 quamvis
959 4238 1099 4276 unus
1121 4220 1190 4275 sit
1206 4261 1221 4286 ,
1241 4219 1469 4295 plurima
1501 4218 1718 4273 nomina
1740 4219 1927 4271 sumit.

409 4300 427 4383 (
438 4312 510 4377 ³⁰)
542 4311 762 4368 Finibus
786 4308 1053 4383 Hesperiis
1078 4307 1371 4365 Atlanticus
1395 4306 1480 4361 ille
1501 4315 1750 4371 vocatum

432 4391 509 4443 4⁰
540 4409 596 4455 at
615 4398 790 4454 horeae
811 4415 919 4470 qua
947 4413 1073 4468 gens
1099 4393 1307 4451 fervens
1332 4396 1611 4473 Arimaspe
1647 4392 1748 4447 sub
1773 4393 1960 4455 atmis,

541 4484 739 4539 dicitur
772 4484 860 4539 ille
883 4484 1058 4555 Piger,
1083 4500 1182 4537 nee
1207 4500 1317 4537 non
1341 4482 1620 4537 Saturnius
1639 4520 1653 4543 ,
1687 4477 1833 4534 idem

545 4574 791 4628 Mortuus
817 4581 898 4627 est
919 4571 1063 4638 aliis,
1087 4570 1309 4625 minimo
1331 4568 1478 4641 quod
1514 4568 1714 4624 lumine
1745 4566 1870 4621 solis

537 4658 835 4733 perfruitur
863 4678 878 4717 ς
909 4657 1058 4713 tarde
1083 4654 1260 4712 radios
1285 4673 1407 4711 nam
1425 4657 1644 4728 suspicit
1669 4666 1820 4711 ortus
1835 4694 1852 4721 ,

410 4739 507 4823 (35)
536 4748 776 4803 nubibus
807 4756 862 4801 et
887 4748 1072 4801 crassis
1087 4745 1347 4819 premitur
1371 4743 1673 4815 nimbisque
1696 4752 1962 4814 gravatur.

427 4840 504 4891 45
535 4834 699 4892 Unde
730 4847 906 4891 tamen
931 4834 1106 4908 primo
1124 4832 1431 4888 conscendit
1446 4832 1647 4886 lumine
1671 4833 1828 4885 Titan
1843 4870 1862 4901 ,

537 4926 822 4997 Eoumque
848 4932 1040 4979 vocant
1057 4932 1219 4993 atque
1237 4919 1433 4976 Indum
1456 4920 1672 4974 nomine
1698 4928 1946 4992 pontum.

533 5010 640 5066 Sed
671 5028 780 5084 qua
801 5008 1036 5065 devexus
1065 5006 1292 5063 calidum
1315 5006 1468 5079 polus
1499 5006 1692 5077 excipit
1718 5016 1956 5059 austrum
1978 5043 1994 5068 ,

530 5097 958 5170 AEthiopumque
979 5094 1140 5149 simul
1174 5094 1388 5168 pelagus
1413 5092 1762 5163 Rubrumque
1789 5102 2030 5156 vocatur,

402 5190 496 5261 (40)
531 5202 640 5256 qua
666 5182 877 5238 deserta
913 5192 1057 5255 patet
1091 5180 1245 5235 tellus
1269 5179 1460 5234 ardore
1482 5188 1715 5251 perusta.

420 5279 497 5329 50
529 5270 736 5326 Circuit
767 5286 999 5325 oceanus
1019 5268 1096 5322 sic
1127 5278 1298 5321 totum
1324 5267 1586 5320 maximus
1611 5264 1792 5319 orbem
1811 5304 1826 5331 ,

2204 978 2512 1034 nominibus
2543 981 2699 1035 variis
2725 979 3015 1036 celebratus
3042 993 3097 1036 et
3126 999 3339 1056 aequore
3361 992 3530 1038 tanto.

2276 1067 2419 1122 Hinc
2446 1077 2603 1139 atque
2628 1066 2753 1124 inde
2774 1070 2920 1125 sinus
2945 1070 3283 1145 penetrabilis
3308 1069 3472 1125 efficit
3500 1070 3583 1125 ille
3596 1110 3612 1134 ,

2203 1158 2425 1228 exiguos
2451 1157 2647 1213 multos
2663 1198 2679 1225 ,
2704 1156 2959 1213 dirimens
2987 1176 3133 1213 mare
3154 1199 3171 1226 ,
3199 1169 3455 1232 quattuor
3482 1157 3705 1231 amplos.

2203 1246 2449 1300 Persecat
2474 1245 2784 1319 Hesperiam
2806 1248 3041 1319 primus,
3072 1248 3167 1319 qui
3201 1246 3446 1319 porgitur
3478 1244 3635 1301 undis
3652 1286 3669 1313 ,

2201 1331 2659 1406 Pamphylumque
2685 1333 2821 1389 latus
2845 1334 3025 1407 Libyae
3050 1332 3315 1407 pertendit
3334 1333 3403 1389 ab
3430 1336 3561 1389 oris.

2201 1420 2322 1473 Hoc
2344 1420 2521 1473 minor
2542 1430 2623 1473 est
2638 1460 2653 1485 ,
2678 1420 2893 1492 reliquis
2914 1419 3102 1491 major,
3124 1437 3285 1491 quem
3309 1422 3497 1492 Caspia
3520 1419 3671 1474 tellus

2200 1508 2420 1579 suscipit
2450 1507 2737 1561 intrantem
2756 1507 2913 1561 vastis
2930 1506 3191 1578 aquilonis
3212 1504 3456 1561 abundis
3471 1548 3488 1570 ‚

2199 1594 2419 1647 nomine
2443 1593 2656 1647 Saturni
2682 1591 2831 1665 quod
2855 1592 3054 1665 Tethys
3078 1590 3314 1665 possidet
3335 1610 3517 1665 aequor
3541 1610 3559 1647 z

2200 1680 2421 1754 Caspius
2447 1682 2543 1735 iste
2564 1680 2709 1733 sinus
2735 1679 2897 1735 simul
2912 1682 3298 1753 Hyrcanaeque
3324 1692 3567 1736 vocatur.

2200 1770 2272 1821 At
2297 1766 2409 1823 duo
2432 1769 2525 1841 qui
2560 1768 2779 1822 veniunt
2800 1768 3039 1822 australis
3060 1766 3127 1822 ab
3152 1786 3365 1841 aequore
3389 1770 3571 1842 ponti,

2198 1854 2286 1908 hic
2310 1872 2471 1927 supra
2490 1872 2710 1909 currens
2726 1872 2873 1909 mare
2894 1853 3124 1909 Persidis
3146 1853 3306 1909 efficit
3324 1854 3488 1910 altum
3502 1895 3518 1923 ‚

2197 1959 2228 1995 e
2248 1943 2469 2013 regione
2487 1944 2617 1997 situs
2644 1959 2751 2015 qua
2771 1942 2959 2017 Caspia
2990 1941 3219 1996 volvitur
3241 1940 3413 2009 unda3

2199 2030 2421 2085 fluctuat
2442 2041 2523 2085 ast
2546 2030 2679 2085 alter
2702 2029 3063 2103 Panchaeaque
3086 2030 3241 2085 litora
3271 2030 3477 2104 pulsat,

2197 2118 2395 2173 Euxini
2422 2128 2609 2173 contra
2632 2118 2845 2191 pelagus
2866 2127 3145 2191 protentus
3173 2117 3229 2171 in
3254 2128 3482 2174 austros.

2196 2206 2371 2260 Hosce
2403 2206 2550 2259 sinus
2572 2204 2853 2278 perhibent
2877 2222 3014 2277 quos
3039 2196 3275 2278 Tethyos
3301 2202 3463 2259 efficit
3490 2204 3635 2259 unda

2197 2293 2423 2366 majores
2450 2310 2465 2348 ε
2492 2311 2618 2348 nam
2643 2304 2771 2349 sunt
2804 2292 2892 2348 alii
2916 2292 3176 2367 multique
3198 2294 3451 2350 minores.

2272 2382 2433 2437 Nunc
2462 2382 2623 2437 maris
2658 2380 2893 2455 Hesperii
2915 2380 3152 2437 lustrabo
3178 2380 3415 2435 carmine
3442 2390 3639 2435 tractus
3654 2419 3673 2449 ,

2199 2469 2423 2525 flexibus
2446 2471 2503 2525 in
2526 2470 2683 2525 variis
2706 2470 2801 2543 qui
2831 2467 3093 2541 frangitur
3114 2485 3329 2542 aequore
3358 2480 3589 2541 pontus,

2195 2558 2291 2613 has
2320 2562 2581 2632 stringens
2609 2559 2793 2633 pelago
2819 2569 2985 2614 terras
3001 2597 3019 2626 ,
3045 2558 3392 2613 circumfluus
3419 2557 3521 2613 illis
3538 2598 3559 2629 ‚

2197 2648 2473 2704 montibus
2496 2658 2551 2704 et
2570 2646 2763 2703 radens
2788 2658 3177 2721 suppostasque
3198 2646 3425 2702 urbibus
3448 2666 3589 2703 oras.

2196 2734 2357 2792 Adsis
2372 2776 2389 2803 ,
2418 2754 2453 2791 o
2476 2754 2673 2791 numen
2689 2774 2706 2802 ,
2736 2733 3037 2790 studIorum
3057 2734 3251 2808 praesul
3268 2745 3322 2790 et
3340 2736 3468 2790 artis
3482 2774 3499 2803 ,

2196 2822 2389 2878 ordine
2404 2824 2725 2896 principium
2745 2821 2957 2895 capiens
2978 2820 3203 2877 Atlantis
3220 2820 3287 2876 ab
3307 2820 3480 2887 unda,

2197 2908 2461 2964 Herculeo
2486 2908 2751 2963 celebrant
2770 2926 2877 2980 qua
2898 2918 3051 2963 metae
3075 2924 3297 2962 munere
3324 2906 3500 2963 Gades
3513 2948 3529 2973 ‚

2198 2995 2549 3069 coelilerasque
2568 3007 2748 3051 tenens
2767 2995 2913 3051 Atlas
2936 3005 3039 3050 stat
3060 3006 3241 3051 monte
3260 2996 3555 3054 columnas.

2269 3086 2375 3139 Est·
2389 3084 2593 3157 primus
2614 3083 2769 3137 vastis
2796 3083 2889 3153 qui
2910 3092 3107 3155 pontus
3130 3082 3365 3136 Ibericus
3386 3082 3545 3136 undis

2199 3167 2395 3224 dividit
2416 3171 2665 3241 Europen
2687 3167 2879 3239 Libya,
2910 3168 3209 3221 communis
3233 3169 3461 3239 utrique.

2201 3258 2345 3312 Hine
2366 3267 2523 3329 atque
2547 3256 2673 3310 binc
2696 3265 2879 3309 statuae
2903 3264 3055 3321 sunt,
3078 3254 3245 3309 amhae
3264 3254 3419 3309 litora
3436 3266 3663 3310 cernunt
3678 3296 3695 3325 ‚

2201 3345 2317 3401 haec
2336 3344 2546 3418 Libyes,
2569 3344 2683 3398 haec
2705 3345 2965 3416 Europes,
2991 3340 3207 3396 adversa
3226 3340 3447 3397 tuendo.

2202 3430 2433 3485 Gallicus
2452 3430 2580 3486 hinc
2601 3448 2787 3503 gurges
2804 3472 2821 3499 ,
2848 3431 2941 3503 qui
2966 3428 3161 3485 Celtica
3182 3429 3337 3484 litora
3360 3430 3532 3501 pulsat
3548 3469 3563 3493 ‚

2201 3518 2415 3591 excipit.
2447 3518 2587 3573 Hinc
2610 3518 2849 3591 sequitur
2866 3518 3130 3589 ,Ligurum
3158 3516 3471 3589 cognomine
3488 3514 3662 3571 dictus
3679 3555 3696 3582 ,

2202 3622 2308 3677 qua
2329 3604 2532 3660 domini
2560 3622 2737 3659 rerum
2758 3604 2913 3658 terris
2935 3620 3147 3658 crevere
3166 3603 3369 3659 Latinis
3385 3642 3402 3670 ,

2200 3692 2271 3747 ad
2296 3696 2505 3749 Petram
2531 3696 2739 3749 Leucen
2766 3691 3037 3764 aquilonis.
3051 3690 3120 3747 ab
3140 3708 3239 3745 axe
3264 3690 3495 3745 reductis
3511 3729 3527 3756 ,

2199 3798 2320 3853 quae
2344 3779 2476 3835 freta
2500 3779 2716 3835 Sicaniae
2740 3777 3011 3835 concludit
3029 3778 3183 3833 litore
3205 3795 3390 3835 curvo.

2196 3866 2379 3922 Insula
2400 3866 2493 3922 sed
2513 3870 2715 3941 Cyrnos
2734 3866 2964 3941 propriis
2984 3864 3224 3939 pulsatur
3248 3864 3317 3920 ab
3342 3864 3502 3919 undis
3520 3904 3537 3930 ‚

2198 3953 2340 4007 iuter
2365 3952 2681 4009 Sardonium
2708 3952 2919 4026 pelagus
2939 3950 3248 4023 Cellumque
3272 3950 3480 4005 refusis.

2199 4037 2333 4094 Inde
2351 4039 2470 4094 salis
2492 4038 2726 4095 tumidus
2747 4037 3015 4111 Tyrrheni
3040 4037 3269 4093 volvitur
3292 4048 3449 4091 aestns
3466 4078 3483 4105 ,

2197 4126 2266 4181 ad
2292 4139 2469 4201 partes
2496 4145 2709 4199 vergens
2732 4125 3001 4181 australes.
3032 4127 3245 4199 Excipit
3270 4126 3431 4180 istum

2197 4213 2414 4269 Sicaniae
2437 4232 2621 4287 gurges
2637 4254 2653 4282 ,
2683 4213 2807 4269 solis
2834 4212 3068 4267 deflexus
3090 4212 3156 4266 ad
3180 4224 3330 4267 ortus
3346 4251 3362 4278 ,

2137 4339 2141 4342 -
2197 4302 2289 4374 qui
2316 4302 2502 4375 procul
2526 4301 2723 4357 effusus
2746 4302 2974 4375 Pachyni
2996 4298 3313 4355 distenditur
3332 4302 3440 4355 oris
3454 4341 3473 4371 ,

2197 4388 2264 4445 ad
2285 4392 2455 4446 Cretae
2473 4409 2734 4445 summam
2754 4408 2873 4463 quae
2894 4390 3163 4463 prominet
3188 4408 3402 4461 aequore
3423 4408 3649 4465 rupem3

2196 4497 2305 4552 qua
2335 4480 2577 4553 Gortyna
2600 4490 2785 4553 potens
2802 4517 2818 4544 ,
2850 4475 3036 4532 mediis
3066 4496 3171 4549 qua
3198 4478 3438 4533 Phaestus
3459 4480 3517 4534 in
3538 4480 3701 4540 arvis.

2195 4566 2392 4622 Arietis
2415 4566 2553 4621 hane
2572 4582 2762 4637 rupem
2801 4563 3135 4619 simulantem
3158 4565 3352 4619 vertice
3378 4564 3608 4619 frontem

2194 4671 2297 4727 pro
2322 4653 2515 4707 merito
2539 4652 2686 4707 Graii
2714 4650 2845 4706 Griu
2867 4649 3049 4705 dixere
3070 4660 3344 4722 metopon.

2195 4742 2316 4796 Hoc
2337 4759 2483 4795 mare
2504 4739 2734 4811 Gargani
2758 4737 3030 4793 concludit
3051 4737 3259 4809 Iapygis
3286 4754 3403 4792 ora.

2193 4828 2349 4885 Illinc
2374 4828 2629 4900 incipiens
2654 4825 2955 4881 extenditur
2978 4822 3175 4878 Hadria
3201 4834 3377 4878 vastus
3392 4863 3409 4889 ‚

2195 4914 2266 4969 ad
2294 4915 2509 4970 boream
2532 4923 2810 4986 penetrans
2830 4909 3013 4983 pelago
3040 4910 3308 4981 solemque
3326 4908 3604 4964 cadentem

2193 5002 2381 5057 Ionius
2406 5000 2601 5074 pariter
2618 4998 2763 5053 sinus
2784 4996 2873 5052 bic
2892 4996 3202 5069 perhibetur
3227 4994 3296 5049 ab
3322 4994 3453 5050 orbe
3466 5036 3484 5060 ,

2195 5083 2391 5140 dividit
2412 5094 2470 5139 et
2492 5084 2722 5157 geminas
2748 5080 2969 5136 diversis
2990 5080 3232 5153 partibus
3255 5097 3377 5134 oras
3391 5118 3409 5145 ,

2195 5192 2328 5245 quas
2355 5183 2530 5228 tamen
2552 5182 2809 5226 extremas
2830 5168 3107 5242 conjungit
3132 5180 3391 5223 terminus
3411 5184 3569 5221 unus.

2196 5260 2282 5317 Ad
2307 5260 2543 5317 dextram
2562 5270 2761 5333 partem
2780 5255 3119 5331 protenditur
3143 5256 3315 5329 Illyris
3336 5254 3499 5317 alma3

2139 5362 2250 5417 190

3811 1238 3907 1319 (σε)

3800 5273 3913 5325 100

4503 3735 4505 3811 ᾼῂ-
4496 3399 4505 3681 ᾼῃ-ᾼᾼι-
