4584 6284
1777 355 1874 414 DE
1913 352 2272 414 DIONYSIO
2304 351 2754 415 PERIEGETE.
3707 375 3866 418 κων

848 490 924 552 89
979 485 1151 549 nullo
1206 487 1463 566 praefixo
1513 483 1732 557 titulo,
1771 482 1962 546 habes
2025 483 2235 547 locum

848 572 1088 655 polybii
1107 572 1508 653 περὶδιαφόρων
1527 575 1796 632 πολιτειῶν
1831 570 1960 652 (lib.
1993 575 2054 646 6,
2085 589 2140 634 c·
2166 575 2239 636 3·-

846 667 946 742 58,
972 681 1036 744 p.
1067 663 1331 726 338-374
1359 659 1460 724 ed.
1491 660 1719 742 Didot).
1745 661 1964 724 Postea
2007 660 2235 734 iterum

843 770 1037 814 vacua
1095 749 1250 814 olim
1311 749 1556 813 fuerant
1605 749 1750 812 folia
1813 753 2025 824 90-92,
2091 768 2234 832 quae

849 829 1070 901 eadem
1113 855 1370 916 manus,
1419 856 1458 900 a
1499 856 1620 919 qua
1659 838 1764 900 fol.
1810 840 1881 900 71
1929 835 2234 920 scriptum

845 932 972 1004 est,
1002 923 1283 1006 implevit
1310 924 1448 990 loco
1475 924 1709 1005 Polyhii
1745 924 1872 1000 (lib.
1908 928 2006 1003 18,
2037 944 2094 989 c.
2129 928 2238 988 11-

850 1013 972 1097 16).
1004 1013 1240 1078 Titulus
1280 1011 1664 1097 praeflgitur.
1704 1013 1968 1075 Πολυὸίου
1999 1014 2104 1074 ἀπὸ
2143 1019 2236 1074 τοῦ

853 1101 922 1176 ιη’
951 1103 1108 1182 λόγου
1133 1100 1255 1184 περὶ
1282 1101 1594 1181 συγκρίσεως
1621 1101 1686 1173 ἣν
1657 1110 1940 1163 νποιιῑται
1959 1107 1988 1162 ὁ
2009 1124 2236 1182 συγγρα-

849 1191 942 1273 φευ
945 1217 968 1256 ς
993 1195 1098 1251 τῶν
1128 1193 1408 1270 ῥωμαῖκων
1449 1189 1540 1248 καὶ
1581 1191 1933 1267 μακεδονικῶν
1978 1213 2232 1271 στρατω·

851 1306 924 1358 μα
893 1280 1048 1339 σίτων.
1077 1279 1171 1341 Ad
1199 1280 1336 1342 haec
1367 1276 1673 1361 quidam
1657 1297 1722 1340 in
1749 1277 2026 1361 margine
2057 1285 2236 1341 nota-

848 1368 994 1430 rit·
978 1414 994 1430 .
1062 1388 1091 1427 α
1133 1365 1274 1430 Vid.
1324 1366 1521 1430 codex
1572 1369 1750 1441 2149,
1799 1387 1831 1426 ι)
1875 1365 1982 1450 qui
2013 1365 2232 1430 eadem

847 1461 1131 1538 excerpta
1161 1454 1483 1518 continere
1511 1453 1774 1518 videtur.

729 1547 824 1606 32.
867 1546 938 1605 N.
993 1547 1150 1608 2858
1207 1543 1334 1626 (Ν),
1387 1560 1532 1607 saec.
1581 1544 1736 1617 XVI,
1792 1543 2012 1618 chart„
2056 1543 2227 1606 olim.

839 1630 1410 1695 FonteblandensiS.
1443 1633 1809 1694 eustathius.

722 1723 816 1782 33.
861 1718 1067 1782 Codex
1101 1717 1361 1781 Firmini
1402 1717 1621 1795 Didot‚
1655 1718 2048 1782 Euseathium
2081 1737 2234 1782 con-

834 1807 1055 1870 tinens.

1133 1973 1208 2035 11.
1253 1973 1476 2038 Germ
1517 1992 1769 2040 comens,

756 2140 882 2201 Hos
936 2156 1130 2220 quum
1205 2138 1340 2220 ipse
1393 2158 1520 2202 non
1577 2139 1872 2216 viderim,
1925 2138 2232 2224 plurimos

683 2245 898 2291 eorum
925 2225 1268 2289 recensebo
1293 2228 1638 2292 secundum
1668 2249 1772 2307 ea,
1797 2247 1938 2313 quae
1969 2247 2231 2309 conges-

685 2321 894 2378 serunt
915 2313 1354 2396 Bernhardyus
1381 2321 1444 2378 et
1465 2317 1806 2381 Passovius.

723 2407 820 2465 34.
866 2403 1278 2465 Berolinemis
1327 2403 1551 2482 (nobis
1579 2428 1634 2480 ε,
1666 2403 2067 2484 Bernhardyo
2113 2405 2229 2482 Χ),
2283 2467 2289 2473 .

840 2513 870 2550 (ι
901 2489 1420 2554 Santenianorum
1445 2510 1595 2554 mss.
1627 2491 1693 2554 in
1721 2492 1892 2574 regia
1926 2490 2083 2554 bibl.
2115 2491 2234 2554 Be—

835 2578 1134 2641 rolinensi
1197 2585 1581 2642 servatorum
1635 2581 1709 2644 N.
1756 2583 1854 2645 81.
1907 2579 2012 2643 Isti
2061 2580 2234 2644 volu-

831 2665 1018 2742 mini,
1052 2665 1224 2748 quod
1265 2665 1464 2729 varias
1509 2667 1808 2731 lectiones
1853 2687 1888 2732 e
1923 2668 2112 2732 codd.
2144 2668 2232 2730 la-

829 2754 974 2818 tinis
1001 2772 1152 2818 cura
1169 2755 1242 2816 N.
1271 2753 1508 2818 Heinsii
1527 2757 1846 2820 confectas
1863 2761 2064 2833 tenet,
2089 2755 2230 2819 talis

827 2841 1015 2906 index
1032 2841 1433 2924 praemittitur
1455 2845 1822 2924 :Dionysius
1841 2861 1989 2908 cum
2008 2843 2230 2908 codice

829 2929 1125 2994 Vaticano
1172 2929 1240 2992 in
1285 2931 1394 2993 fol.
1435 2949 1650 3014 papyr.
1699 2931 1872 2994 circa
1921 2951 2068 2996 soec.
2121 2933 2231 2996 XII

835 3019 1092 3084 collatus
1143 3018 1221 3082 ad
1272 3019 1372 3083 ed.
1431 3019 1725 3102 Antverp.
1793 3023 1970 3085 1575.
2019 3021 2230 3084 Codex

831 3108 1082 3188 optimae
1105 3113 1299 3184 notae,
1335 3107 1442 3190 qui
1471 3127 1638 3190 saepe
1661 3126 1808 3172 cum
1839 3109 1874 3170 b
1908 3107 2112 3192 (nobis
2156 3109 2227 3189 C)

830 3197 1038 3273 faciat,
1105 3196 1216 3258 sed
1277 3195 1674 3260 vitiosissime
1757 3197 2130 3281 descriptus.
2189 3220 2222 3258 n

831 3287 1196 3349 Bnauumr
1221 3303 1284 3367 p.
1311 3287 1600 3348 xxxvn.

715 3379 812 3440 35.
857 3377 1216 3438 Dresdensis
1241 3375 1314 3438 N.
1349 3378 1466 3439 175
1498 3373 1698 3456 (nobis
1719 3375 1786 3451 b,
1817 3374 2226 3457 Bernhardyo

831 3463 945 3545 D),
1002 3485 1032 3524 «
1071 3463 1464 3540 chartaceus,
1513 3461 1716 3526 forma
1755 3468 1976 3548 quarta
1991 3509 2008 3538 ,
2051 3482 2090 3526 a
2129 3461 2230 3526 di-

831 3551 1027 3616 versis
1118 3551 1447 3634 perspicua
1527 3551 1765 3615 ratione
1840 3550 2188 3633 descriptus
2207 3597 2224 3627 ,

835 3640 1067 3724 quippe
1111 3641 1291 3722 cujus
1335 3639 1486 3704 folia
1536 3644 1720 3705 14-37
1766 3639 1847 3703 ad
1904 3657 2050 3704 saec.
2095 3642 2230 3704 xvl

837 3730 1214 3813 pertineant,
1246 3729 1326 3792 ad
1371 3746 1515 3792 saec.
1547 3730 1654 3791 XV
1681 3728 1961 3811 reliqua,
2000 3727 2232 3811 glosse-

840 3818 1020 3882 matis
1048 3817 1212 3882 inter
1243 3836 1459 3882 versus
1501 3818 1842 3898 interjectis
1858 3865 1877 3896 ‚
1911 3836 2058 3881 cum
2107 3821 2234 3882 Eu-

842 3906 1050 3969 statkii
1086 3912 1358 3987 epitome.
1392 3907 1463 3968 In
1504 3907 1626 3968 flue
1654 3905 1822 3988 quod
1865 3905 1932 3968 in
1955 3903 2228 3969 Vindob.

841 3999 869 4057 1
901 3993 1073 4058 idem
1095 3999 1292 4057 exstat
1309 3992 1614 4057 monitum
1641 3993 1818 4062 Ζτίλος
1837 3993 2030 4074 στίχων
2049 3995 2234 4075 χιλίων

838 4081 1116 4142 διακοσίων
1159 4081 1316 4142 ἑπτά.
1357 4081 1645 4144 Pleniora
1671 4081 1928 4145 tradidit
1971 4084 2236 4149 Ebertus

837 4166 1142 4249 Descript.
1171 4166 1324 4238 bibl.
1359 4185 1489 4248 reg..
1516 4167 1737 4232 Dresd.
1769 4187 1834 4251 p.
1859 4172 1999 4233 246.
2021 4171 2238 4236 Varie-

837 4263 1029 4322 tatem
1052 4273 1130 4320 ex
1152 4273 1228 4320 eo
1255 4257 1582 4338 proposuit
1609 4257 1964 4336 Passovius3
1991 4277 2106 4322 nos
2126 4259 2238 4323 du-

837 4346 1070 4429 plicem
1145 4344 1548 4408 adhibuimus
1626 4345 2059 4429 collationem,
2127 4349 2236 4414 sed

841 4436 1098 4498 alteram
1171 4434 1635 4516 imperfectam,
1708 4435 2023 4517 integrum
2088 4457 2237 4502 vero

843 4522 1233 4606 perlustravit
1269 4522 1546 4586 Matthaei
1573 4523 1652 4586 ad
1685 4522 1786 4586 ed.
1813 4526 1884 4587 R.
1913 4524 2232 4606 Stephani.

845 4611 960 4674 Hic
987 4617 1158 4675 tanto
1186 4628 1494 4674 consensu
1533 4628 1678 4674 cum
1700 4611 1970 4676 Vindob.
2000 4617 2032 4676 1
2075 4613 2239 4696 (par-

851 4699 963 4763 tim
990 4716 1134 4763 cum
1157 4698 1462 4764 Vat.-Pal.
1482 4697 1619 4782 139)
1643 4699 1993 4782 conspirat,
2013 4708 2084 4765 ut
2112 4703 2239 4765 dis-

853 4786 1168 4869 crepantia
1208 4787 1261 4850 si
1313 4806 1434 4870 qua
1477 4786 1998 4870 deprehenditur,
2043 4791 2240 4872 possit

2483 501 2627 545 cum
2656 481 2910 545 scholiis
2938 488 3001 546 et
3036 485 3429 566 paraphrasi,
3462 504 3604 548 saec.
3640 488 3767 561 ΧΠ,
3805 493 3873 549 ut

2481 568 2745 646 videtur,
2768 568 2919 632 olim
2934 569 3250 634 Gudianus
3274 571 3419 654 (Cat.
3439 574 3595 636 Gud.
3619 593 3681 654 p.
3704 575 3865 654 541),

2482 656 2707 719 deinde
2730 655 3273 737 Guelferbytanus,
3303 658 3567 723 Parisios
3594 677 3694 724 an.
3718 665 3869 727 1807

2478 744 2773 826 abreptus
2802 751 2865 807 et
2892 743 3221 824 insignitus
3248 748 3319 808 N.
3352 749 3533 828 2772,
3566 747 3676 812 sed
3708 757 3873 830 post-

2481 832 2722 897 liminid
2778 833 3114 897 restitutus.
3184 836 3591 900 contulerunt
3642 839 3876 902 Bredo-

2478 922 2613 1070 {ius
2666 927 2730 984 et
2776 924 3093 1003 Kriigerus
3146 922 3213 986 in
3256 942 3441 987 usum
3497 925 3789 991 Passovii.
3834 950 3867 988 n

2531 1025 2709 1072 saun.

2363 1099 2461 1159 37.
2511 1097 3368 1176 Heidelberqensis-Palatinus
3392 1100 3551 1163 Ν.40
3575 1098 3775 1182 (nobis
3790 1105 3867 1180 o).

2490 1205 2521 1244 α
2550 1183 2989 1266 bombycinus,
3021 1184 3223 1248 forma
3243 1193 3465 1269 quarta
3484 1232 3499 1260 ,
3540 1205 3683 1250 saec.
3715 1190 3868 1251 x1v.

2479 1270 2727 1336 Parisiis
2768 1271 3247 1355 Heidelbergam
3293 1293 3440 1338 eum
3489 1281 3872 1356 reportatum

2481 1359 2753 1424 Matthias
2794 1359 3029 1424 curavit
3066 1362 3537 1426 conferendum.
3570 1365 3643 1424 V.
3684 1363 3761 1426 de
3798 1383 3875 1428 eo

2482 1447 2731 1511 Wilken
2776 1451 2823 1512 G
2828 1449 2986 1514 esch.
3020 1451 3131 1512 der
3170 1451 3586 1530 Heidelberqer
3612 1453 3871 1514 Bucher-

2478 1539 2819 1617 sammlimq
2836 1583 2853 1618 ,
2880 1557 2943 1620 p.
2970 1541 3109 1601 276.
3134 1559 3167 1598 n
3196 1540 3263 1600 B.

2360 1625 2457 1686 38.
2503 1625 2871 1686 Monacensis
2929 1623 3135 1704 (nobis
3180 1624 3259 1698 d,
3312 1623 3713 1705 Bernhardyo
3766 1627 3871 1704 Μ),

2486 1733 2519 1770 α
2546 1710 2609 1772 in
2640 1711 2853 1774 charta
2898 1709 3175 1788 dentata,
3208 1729 3395 1776 mauu
3430 1731 3557 1776 rec.
3592 1732 3736 1777 saec.
3767 1716 3873 1777 XV

2482 1805 2743 1862 exeunte
2812 1799 3110 1882 scriptus,
3160 1798 3415 1863 Hesiodi
3468 1799 3869 1881 theogonium

2478 1905 2625 1950 cum
2674 1886 2929 1950 scholiis
2982 1886 3237 1951 ineditis
3286 1894 3349 1951 et
3401 1889 3660 1951 Scutum
3726 1907 3869 1953 cum

2484 1975 2871 2039 enarratione
2916 1977 3015 2040 Jo.
3069 1975 3355 2053 Diaconi,
3403 1975 3765 2058 Dionysium
3812 1987 3873 2042 et

2482 2062 2787 2127 Eustathii
2814 2063 3299 2128 commentarios
3329 2082 3475 2128 cum
3513 2065 3871 2147 paraphrasi

2478 2150 2855 2234 scholiisque
2882 2152 3246 2236 complexus
3262 2199 3279 2229 ,
3304 2151 3417 2216 sed
3441 2152 3681 2216 lacunis
3704 2172 3871 2237 saepe

2479 2237 2780 2304 desectus.
2813 2241 3162 2305 Clausulam
3204 2240 3455 2304 exhibet
3494 2241 3681 2304 talem
3714 2263 3728 2306 :
3760 2245 3869 2306 Μι-

2478 2331 2677 2409 χαῆλος
2704 2328 3022 2402 'Amastris'
3050 2329 3327 2400 Βυζάντιος
3368 2329 3503 2408 μετὰ
3546 2331 3641 2404 τὴν
3676 2331 3869 2392 ἅλωσιν

2482 2419 2575 2486 τῆς
2607 2419 2750 2494 ἱερᾶς
2779 2417 3029 2497 πατρίδος
3058 2419 3219 2479 αὐτοῦ
3245 2417 3399 2498 πενίᾳ
3428 2421 3595 2488 συζῶν
3633 2419 3726 2479 καὶ
3752 2419 3868 2481 τόδε

2475 2500 2537 2562 τὸ
2566 2499 2763 2580 βιθλίον
2798 2500 3099 2586 {Ei-(pusiam,
3128 2505 3250 2565 ἄνω
3290 2504 3470 2582 μέντοι
3512 2511 3700 2582 μισθοῦ
3718 2551 3737 2586 ,
3769 2525 3870 2570 se-

2477 2587 2809 2670 quentibus
2846 2588 3087 2672 aliquot
3127 2590 3407 2655 versibus
3444 2590 3739 2674 politicis.
3776 2597 3865 2658 cf.

2482 2677 2644 2739 Bast.
2667 2677 2783 2758 Ep.
2814 2678 2952 2741 crit.
2984 2697 3047 2760 p.
3074 2681 3214 2742 249.
3240 2679 3533 2743 codicem
3554 2679 3708 2743 bibl.
3736 2683 3868 2746 Mo-

2478 2765 2763 2828 nacensis
2788 2783 2955 2848 saepe
2973 2784 3118 2830 cum
3142 2764 3361 2829 Aldina
3380 2769 3869 2834 consentientem

2478 2851 2559 2915 ad
2588 2852 2687 2914 ed.
2720 2852 2913 2917 Oxou.
2949 2856 3104 2918 1710
3128 2854 3388 2917 contulit
3412 2855 3477 2918 C.
3497 2858 3567 2916 T.
3601 2859 3869 2920 Ammon

2478 2957 2579 3003 an.
2620 2942 2799 3020 1786,
2828 2939 2997 3004 unde
3027 2941 3385 3004 varietatem
3424 2939 3491 3002 in
3522 2940 3868 3024 periegesin

2480 3025 2721 3108 accepit
2740 3027 2891 3090 satis
2908 3033 3163 3091 tenuem
3182 3027 3733 3106 Schoenemannus,
3758 3030 3867 3093 sed

2477 3112 2940 3178 accuratissime
2964 3117 3052 3178 Io.
3098 3115 3322 3177 Bernh.
3362 3113 3691 3178 Koehlerus
3737 3117 3873 3180 uni-

2477 3220 2651 3266 versa
2693 3203 2807 3264 Ms.
2831 3209 3195 3283 argumenta
3234 3202 3310 3266 ad
3340 3202 3441 3265 ed.
3470 3204 3543 3265 R.
3574 3203 3871 3285 Stephani

2474 3307 2575 3352 an.
2608 3293 2763 3354 1773
2806 3289 3042 3368 exegit,
3094 3289 3271 3373 isque
3323 3295 3491 3353 tanta
3554 3288 3874 3369 diligentia

2479 3375 2796 3457 negotium
2861 3376 3341 3452 administravit,
3397 3381 3469 3440 ut
3520 3377 3720 3458 major
3780 3376 3871 3442 illi

2478 3465 2635 3530 fides
2676 3464 2755 3530 sit
2792 3464 3081 3530 habenda
3110 3483 3299 3548 quam
3334 3465 3617 3530 Harlesio
3638 3513 3654 3540 ,
3692 3467 3871 3547 cujus

2478 3554 2874 3618 collationem
2888 3555 3207 3636 usurpavit
3225 3553 3567 3618 Passorius.
3584 3575 3615 3612 n
3636 3555 3869 3618 Bam.

2316 3647 2417 3709 39.
2468 3643 2932 3705 Vindobonensis
2971 3646 3003 3705 1
3054 3641 3255 3724 (nobis
3294 3642 3368 3722 r),
3403 3643 3478 3705 N.
3521 3645 3638 3705 122
3683 3641 3869 3706 codd.

2476 3731 2696 3795 histor.
2738 3749 2925 3811 graee.
2959 3729 3113 3794 bibl.
3159 3731 3455 3798 Caesareae
3495 3729 3875 3811 vindobon„

2486 3842 2519 3880 α
2541 3817 2903 3883 chartaceus
2922 3867 2938 3895 ,
2979 3818 3182 3881 forma
3222 3823 3469 3899 quarta,
3510 3817 3874 3900 Dionysium

2480 3911 2707 3989 praeter
2755 3907 2875 3970 alia
2938 3912 3109 3970 tenet
3157 3906 3433 3969 lacerum
3495 3923 3639 3969 cum
3693 3925 3875 3988 para-

2478 3992 2710 4074 phrasi.
2742 4013 2773 4052 n
2812 3995 2879 4054 B.

2318 4085 2419 4146 40.
2474 4081 2937 4145 vindobonensis
2978 4085 3017 4142 2
3059 4079 3259 4158 (nobis
3295 4079 3377 4157 s),
3410 4080 3483 4140 N.
3532 4081 3649 4142 198
3686 4079 3869 4144 codd.

2484 4166 2765 4249 ejusdem
2794 4167 2946 4230 bibl.
2969 4166 3191 4251 philol.
3215 4165 3469 4248 philos.‚
3489 4166 3869 4243 chartaceus,

2482 4255 2735 4321 Hesiodi
2764 4257 2967 4340 Opera
3008 4263 3073 4320 et
3118 4254 3281 4331 dies,
3312 4252 3565 4318 Pindari
3594 4254 3868 4335 olymp„

2484 4342 2763 4426 Dionysii
2816 4343 3109 4426 quaedam
3167 4344 3508 4424 fragmenta
3562 4360 3708 4405 cum
3758 4344 3877 4407 Eu-

2484 4431 2712 4496 stathio
2756 4431 2916 4496 mira
2966 4430 3381 4513 corruptionis
3421 4429 3664 4492 ratione
3700 4448 3875 4494 com·

2485 4519 2723 4600 plexus.
2787 4517 2981 4583 Malos
3042 4519 3292 4582 codices
3375 4515 3456 4580 ad
3533 4516 3869 4580 editionem

2486 4606 2755 4671 Passovii
2801 4606 3001 4688 exegit
3051 4608 3097 4670 1.
3139 4609 3215 4668 H.
3260 4603 3569 4668 Schubart
3614 4604 3879 4686 diligen·

2491 4697 2846 4779 gentissime
2899 4697 3268 4781 copiamque
3316 4697 3626 4762 varietatis
3692 4697 3874 4761 nobis

2484 4787 2874 4869 perofficiose
2906 4783 3334 4869 suppeditavit.
3360 4805 3393 4845 s
3420 4787 3491 4848 B.

849 4875 914 4938 in
937 4874 1372 4957 negligentiam
1395 4873 1720 4938 doctorum
1742 4875 2070 4938 hominum
2093 4894 2238 4940 con·
2325 4879 2423 4940 41.
2478 4875 2978 4938 Vratislom'ensis-
2978 4874 3431 4953 Rkedtqeranus
3458 4873 3532 4935 N.
3564 4877 3639 4937 63
3672 4873 3874 4953 (nobis

849 4961 1019 5024 ferri.
1045 4982 1078 5021 n
1108 4965 1334 5026 Enna.

730 5055 826 5115 36.
877 5048 1376 5132 Guelferbytanus
1403 5051 1476 5113 N.
1508 5053 1588 5114 46
1619 5049 1820 5127 (nobis
1847 5067 1910 5130 c,
1934 5050 2238 5114 Bernhar-

849 5136 969 5219 dyo
1005 5139 1111 5220 G),
1149 5160 1182 5200 c
1199 5138 1739 5216 membranaceus,
1767 5137 1968 5202 forma
1991 5144 2230 5222 quarta,

2482 4982 2515 5026 e
2525 4960 2957 5043 ,Bernhardyo
2970 4961 3070 5043 Ie),
3096 4961 3689 5035 «membranaceus,
3711 4959 3875 5023 foliis

2484 5049 2967 5133 quadruplicatis
2995 5049 3384 5144 maioribus,
3409 5067 3511 5116 an.
3542 5049 3699 5110 1488
3734 5047 3883 5107 scri·

2483 5147 2661 5221 ptus,
2682 5137 3057 5201 Vratislaviae
3081 5137 3163 5200 ad
3190 5145 3416 5221 aedem
3432 5140 3500 5204 S.
3519 5131 3886 5194 Elisabethae

3602 5238 3644 5274 (ὅ.
