4584 6284
780 476 893 529 5⁴2

774 588 879 651 ἔσω
923 588 1159 669 Θαλάσσῃ
1194 589 1408 668 κειμένη
1426 634 1443 663 ,
1475 587 1674 666 κτίσμα
1710 589 1851 649 ἐστὶν
1881 590 2170 673 Ἀσδρούὸα
2188 639 2203 665 ,
2236 598 2330 652 τοῦ

775 676 1197 759 [δια]δεξαμένου
1228 677 1444 758 Βάρκαν
1464 720 1484 755 ,
1503 676 1592 737 τὸν
1619 677 1828 736 Ἀννίὸα
1859 678 2087 759 πατέρα.

852 785 921 827 tn.
963 762 1093 826 “Ort
1120 763 1307 845 σχεδὸν
1339 772 1488 823 πᾶσα
1526 768 1562 836 ἡ
1597 762 1637 824 ’l
1648 763 1810 844 δηρία
1838 763 2077 843 μέταλλα
2104 770 2329 827 παντοῖα

767 853 877 935 ἔχει
897 898 915 931 ,
948 852 1182 931 μάλιστα
1211 850 1266 911 δὲ
1289 858 1492 933 χρυσοῦ
1513 875 1571 912 τε
1598 850 1692 911 καὶ
1720 852 1970 933 ἀργύρου.

854 963 921 1003 ta.
964 940 1095 1003 “Ort
1143 938 1250 1001 ἀπὸ
1279 940 1507 1001 σταδίων
1545 940 1627 1000 κδ’
1669 944 1764 1013 τῆς
1818 939 1964 1009 Νέας
1994 940 2336 1022 Καρχηδόνος

763 1030 915 1104 νῆσός
943 1033 1081 1090 ἐστιν
1099 1074 1118 1105 ,
1151 1033 1187 1100 ἡ
1228 1029 1523 1103 καλουμένη
1553 1027 1905 1110 Σκομὸραρία
1935 1028 2043 1087 ἀπὸ
2074 1033 2178 1088 τῶν
2205 1029 2331 1087 ἁλι-

764 1118 1035 1195 σκομένων
1076 1116 1389 1197 σκόμὸρων,
1435 1114 1487 1185 ἐξ
1534 1106 1607 1175 ὧν
1660 1115 1722 1176 τὸ
1766 1116 1978 1198 ἄριστον
2025 1116 2336 1187 σκευάζεται

762 1206 923 1285 γάρον
944 1229 958 1243 ·
983 1206 1121 1266 οὕτω
1154 1209 1280 1286 γοῦν
1308 1196 1451 1265 εἶπεν
1476 1207 1505 1263 δ
1535 1204 1793 1286 Στράὸων
1824 1204 1884 1264 τ“ο
1906 1203 2089 1286 γάρον.

843 1316 919 1357 20.
963 1292 1098 1356 Ὅτι
1127 1292 1267 1353 κατα
1308 1292 1401 1359 τὰς
1447 1290 1669 1360 έκὸολὰς
1708 1298 1795 1353 τοῦ
1822 1288 2040 1374 ’Ῑὸηρος
2090 1294 2335 1368 ποταμοῦ

763 1383 891 1466 πρὸς
918 1380 1067 1443 νότον
1095 1384 1295 1441 κεῖνται
1332 1382 1388 1441 αἱ
1433 1380 1749 1462 Βαλιαρίδες
1783 1384 1938 1453 ν’ἦσοι
1966 1380 2251 1459 ἀξιόλογοι,
2281 1379 2336 1449 ἐξ

764 1462 836 1531 ὧν
874 1472 967 1531 καὶ
1008 1471 1065 1531 τὸ
1093 1471 1315 1550 πέλαγος
1356 1468 1677 1551 Βαλιαρικὸν
1695 1516 1714 1548 ,
1746 1469 1807 1536 ἃς
1830 1468 2334 1549 ἝλληνεςΓυμνη-

765 1559 883 1628 σίας
912 1562 1154 1621 καλοῦσι.
1239 1557 1543 1639 Κάνταὸροι
1572 1556 1627 1619 δὲ
1654 1558 1915 1637 ἐπίσημον
1955 1560 2097 1626 ἔθνος
2131 1557 2336 1634 ’16ηρι-

764 1646 890 1721 κὸν,
924 1650 1016 1730 ἀφ’
1042 1638 1101 1706 οὗ
1131 1650 1161 1706 δ
1196 1644 1551 1728 περικείμενος
1596 1646 1823 1715 ὠκεανὸς
1860 1647 2193 1729 Καντάὸριος
2232 1671 2334 1707 κα-

766 1760 957 1798 Λειται.

846 1846 920 1888 et.
962 1823 1091 1886 'Ort
1121 1826 1175 1885 ἐν
1206 1824 1417 1906 Ἰὅηρία
1454 1824 1704 1907 κάστορες
1731 1822 1829 1902 μὲν
1856 1824 2044 1885 πολλοὶ
2069 1824 2328 1905 γίνονται,

766 1916 887 1975 ἀλλ’
914 1919 1009 1975 οὐκ
1031 1913 1145 1996 ἔχει
1165 1914 1226 1974 τὸ
1254 1914 1529 1995 καστόριον
1548 1914 1645 1986 τὴν
1665 1911 1828 1987 αὖτὴν
1855 1913 2073 1992 δύναμιν
2095 1916 2172 1996 τῷ
2193 1916 2336 1975 Πον-

764 2007 897 2086 τικῷ
914 2028 928 2044 ·
956 2005 1200 2086 καθάπερ
1226 2002 1316 2064 καὶ
1343 2008 1372 2064 ὃ
1394 2002 1629 2085 Κύπριος
1657 2002 2043 2091 μόνοςιχαλκὸς
2065 2006 2208 2087 φέρει
2236 2002 2333 2077 τὴν

766 2091 1014 2171 Καδμίαν
1044 2091 1183 2151 λίθον
1212 2090 1384 2151 καὶτὸ
1411 2089 1705 2171 χαλκανθὲς
1732 2089 1829 2152 καὶ
1854 2090 1916 2152 τὸ
1938 2092 2174 2153 σπόδιον.
2222 2091 2334 2153 Καὶ

764 2184 811 2242 οἳ
856 2184 962 2241 τῶν
1006 2180 1353 2262 Κελτιὸήρων
1381 2177 1568 2253 ἵπποι,
1614 2180 1879 2262 ὑπόψαροι
1922 2180 2095 2256 ὄντες,
2122 2180 2332 2241 ἐπειδὰν

763 2271 839 2338 εἷς
884 2269 982 2341 τὴν
1033 2267 1133 2339 ἔξω
1179 2271 1515 2349 μεταχθῶσιν
1544 2268 1812 2349 Ἰδηρίαν,
1848 2268 2196 2348 μεταὸάλλειν
2234 2269 2333 2341 τήν

760 2357 927 2438 χρόαν
955 2356 1216 2437 λέγονται.

842 2466 917 2507 22.
957 2443 1091 2506 Ὅτι
1117 2446 1167 2504 οἳ
1201 2442 1505 2524 Κάνταὸροι
1535 2443 1627 2504 καὶ
1655 2446 1703 2502 οἳ
1737 2442 1937 2513 τούτοις
1963 2443 2329 2525 πλησιόχωροι

764 2534 901 2615 οὔρῳ
941 2531 1187 2594 λούονται
1219 2536 1273 2594 ἐν
1301 2531 1607 2609 δεξαμεναῒς
1648 2531 2052 2612 παλαιουμένῳ·
2085 2532 2176 2593 καὶ
2211 2532 2333 2600 τοὺς

758 2622 973 2688 ὀδόντας
999 2618 1297 2701 σμήχονται
1333 2622 1412 2701 τῷ
1441 2620 1586 2699 αὐτῷ
1618 2618 1758 2701 οὔρῳ
1794 2618 1886 2679 καὶ
1921 2619 2071 2681 αὐτοὶ
2098 2621 2187 2681 καὶ
2220 2620 2328 2700 [αἱ]

754 2732 1014 2788 γυναικες.

834 2816 911 2857 2³.
954 2793 1087 2856 Ὀτι
1114 2797 1163 2854 οἱ
1198 2794 1499 2863 Οὖέττωνες
1526 2791 1745 2875 Ἴθηρες
1762 2838 1782 2873 ,
1810 2796 1898 2856 ὅτε
1928 2800 2137 2875 πρῶτον
2168 2798 2241 2863 εἷς
2264 2794 2329 2856 τὸ

754 2886 857 2943 τῶν
894 2882 1181 2961 Ῥωμαίων
1210 2885 1479 2963 παρῆλθον
1517 2882 1899 2964 στρατόπεδον,
1951 2883 2145 2952 ἰδόντες
2185 2883 2331 2954 τινὰς

754 2975 857 3032 τῶν
884 2971 1187 3052 ταξιαρχῶν
1218 2971 1661 3047 ἀνακάμπτοντας
1689 2973 1745 3030 ἐν
1773 2978 1889 3039 ταῖς
1923 2972 2062 3040 ὁδοῖς
2092 2995 2155 3031 πε
2166 2971 2325 3055 ριπά·

752 3082 842 3121 του
868 3059 1023 3141 χάριν
1042 3102 1060 3133 ,
1088 3057 1281 3137 μανίαν
1303 3057 1571 3118 ὖπέλαὸον
1593 3056 1690 3130 τὴν
1719 3057 1837 3118 ὁδὸν
1858 3060 2033 3127 αὐτοῖς
2050 3049 2215 3119 εἶναι·
2239 3058 2329 3119 ἰπὶ

754 3146 849 3216 τὰς
878 3145 1098 3220 σκηνάς·
1124 3148 1195 3214 ὣς
1221 3146 1336 3205 δέον
1365 3144 1402 3217 ἢ
1424 3144 1598 3224 μένειν
1629 3148 1748 3206 καθ’
1767 3146 2001 3227 ἡσυχίαν
2026 3146 2330 3228 ἱδρυθέντας

752 3234 787 3306 ἢ
828 3233 921 3311 μά·
944 3238 1118 3293 εσθαι·
1147 3237 1392 3293 τοσοῦτον
1422 3233 1598 3300 αὖτοῑς
1645 3230 1708 3292 τὸ
1735 3234 1988 3315 θηριῶδες
2014 3231 2106 3293 καὶ
2133 3233 2333 3311 ἀνήμε-

753 3344 839 3404 ρον
874 3258 965 3395 ἧς..
1054 3320 1163 3382 Καὶ
1212 3325 1267 3380 αἱ
1314 3329 1552 3402 γυναῖκες
1598 3321 1643 3379 δ’
1699 3324 1877 3388 αὐτοῖς
1911 3318 2115 3399 κόσμου
2172 3318 2332 3401 χάριν

752 3410 1141 3494 περιτραχήλια
1169 3409 1363 3491 σιδηρᾶ
1390 3406 1607 3493 ἐφόρουν
1621 3452 1640 3483 ,
1661 3408 1896 3490 κόρακας
1918 3409 2159 3491 σιδηροῦς
2180 3408 2330 3493 (προ-

759 3499 1062 3567 νενευκότας
1088 3503 1184 3559 τοῦ
1201 3497 1489 3580 προσώπου
1506 3495 1685 3577 πολὺ)
1711 3496 1903 3579 ἔχοντα
1923 3495 2332 3575 καμπτομένους

752 3588 884 3671 ὑπὲρ
933 3592 1163 3670 κορυφῆς
1208 3588 1303 3649 καὶ
1358 3587 1757 3669 προπίπτοντας
1789 3587 1901 3670 πρὸ
1942 3593 2033 3648 τοῦ
2082 3584 2332 3663 μετώπου

752 3675 905 3737 πολύ.
994 3674 1153 3738 Κατὰ
1176 3674 1375 3737 τούτων
1395 3675 1451 3735 δέ
1478 3678 1585 3735 τῶν
1609 3673 1854 3757 κοράκων
1868 3719 1886 3755 ,
1915 3676 2004 3737 ὅτε
2036 3676 2330 3756 βούλονται,

753 3764 1031 3827 κατέσπων
1050 3764 1112 3826 τὸ
1130 3764 1393 3845 κάλυμμα
1411 3808 1428 3840 ,
1451 3761 1590 3825 ὥστε
1614 3764 1943 3842 ἔμπετασθὶν
1962 3768 2040 3847 τῷ
2065 3763 2332 3849 προσώπῳ

752 3854 1037 3916 καλύπτειν
1065 3854 1223 3915 αὗτό·
1258 3854 1529 3915 καὶτοῦτο
1558 3850 1761 3933 κόσμον
1794 3852 2055 3931 ἐνόμιζον.
2136 3850 2331 3924 Ἄλλας

752 3942 810 4003 δέ
834 3967 964 4025 φασι
994 3946 1290 4023 τυμπάνων
1312 3942 1674 4023 περικεῖσθαι,
1702 3941 1832 4021 πρὸς
1860 3941 1958 4021 μὲν
1991 3946 2069 4023 τῷ
2098 3942 2213 4025 ἰνίῳ
2234 3966 2331 4003 πε-

757 4031 951 4115 ριφερὲς
978 4031 1072 4091 καὶ
1099 4031 1317 4113 σφίγγον
1342 4028 1441 4103 τὴν
1478 4028 1716 4111 κεφαλὴν
1764 4030 1923 4111 μέχρι
1952 4034 2058 4091 τῶν
2084 4032 2329 4109 παρωτί-

756 4122 857 4180 δων
874 4168 889 4193 ,
910 4124 981 4189 εἰς
1006 4120 1135 4202 ὕψος
1168 4118 1223 4179 δὲ
1260 4119 1353 4178 καὶ
1390 4116 1589 4187 πλάτος
1619 4116 2029 4198 έξυπτιασμένον
2066 4117 2184 4177 κατ’
2208 4119 2326 4178 ὀλί-

757 4231 848 4288 γον
863 4231 878 4246 ·
904 4208 1066 4275 ἄλλας
1093 4206 1148 4267 δὲ
1172 4206 1242 4267 τὰ
1270 4207 1541 4288 προκόμια
1563 4208 1751 4291 ψιλοῦν
1782 4206 1870 4267 ἰπὶ
1886 4214 2164 4280 τοσοῦτον,
2186 4204 2326 4266 ὥστε

763 4296 1099 4357 ἀποστίλὸειν
1145 4301 1236 4357 τοῦ
1277 4295 1523 4375 μετώπου
1562 4298 1768 4375 μᾶλλον
1784 4319 1800 4337 ·
1843 4293 1939 4365 τὰς
1982 4296 2039 4356 δὲ
2068 4293 2186 4355 ὅσον
2230 4318 2326 4355 πο-

763 4386 925 4445 διαῖον
951 4384 1011 4445 τὸ
1029 4383 1155 4468 ὕψος
1181 4385 1488 4462 ἐπιθεμένας
1509 4383 1789 4444 στυλίσκον
1819 4383 2155 4464 περιπλέκειν
2176 4384 2324 4465 αύτῷ

760 4470 857 4545 τὴν
902 4473 1095 4552 χαίτην
1112 4518 1128 4547 ,
1171 4463 1281 4532 εἶτα
1346 4471 1622 4555 καλύπτρᾳ
1670 4471 1894 4551 μελαίνῃ
1940 4470 2322 4553 περιστέλλειν.

764 4558 909 4642 Πρὸς
930 4558 987 4620 δὲ
1007 4565 1074 4641 τῇ
1104 4559 1318 4641 ἀληθείᾳ
1338 4563 1404 4639 τῇ
1432 4559 1645 4639 τοιαύτῃ
1664 4557 1841 4619 πολλὰ
1860 4558 1954 4620 καὶ
1983 4557 2211 4641 έώραται
2229 4557 2324 4617 καὶ

762 4646 1086 4725 μεμύθευται
1110 4646 1233 4727 περὶ
1268 4645 1477 4708 πάντων
1516 4652 1665 4729 κοινῇ
1694 4650 1799 4708 τῶν
1830 4647 2110 4729 Ἰὅηρικῶν
2135 4648 2325 4717 ἐθνῶν,

760 4734 1114 4819 διαφερόντως
1140 4734 1195 4795 δὲ
1217 4738 1322 4795 τῶν
1348 4735 1683 4819 προσὸόρων,
1710 4739 1787 4804 οὗ,
1796 4736 1953 4815 μόνον
1969 4735 2041 4796 τὰ
2077 4733 2205 4815 πρὸς
2231 4734 2326 4792 ἂν·

759 4824 970 4907 δρείαν,
1011 4821 1150 4884 ἄλλα
1174 4821 1266 4883 καὶ
1304 4821 1373 4883 τὰ
1425 4823 1555 4906 πρὸς
1590 4822 1843 4903 ὡμότητα
1885 4822 1978 4884 καὶ
2015 4820 2319 4903 θηριωδίαν.

758 4911 873 4973 Καὶ
903 4911 1009 4993 γὰρ
1038 4910 1201 4971 τέκνα
1250 4910 1469 4993 μητέρες
1499 4910 1767 4991 ἔκτειναν,
1805 4910 1929 4993 πρὶν
1961 4912 2163 4971 ἁλῶναι
2184 4906 2325 4969 κατὰ

752 4999 842 5059 τὸν
873 5000 1134 5075 πόλεμον·
1152 4996 1243 5060 καὶ
1262 4998 1470 5060 παιδίον
1498 5000 1584 5075 δὲ,
1612 5003 1715 5060 τῶν
1747 4998 1937 5079 γονέων
1964 4998 2057 5060 καὶ
2084 4997 2321 5079 ἀδελφῶν

747 5178 801 5223 et
835 5170 919 5223 18.
958 5186 1015 5241 p.
1060 5170 1185 5225 158.
1220 5170 1244 5239 ΙΙ
1273 5198 1348 5210 -
1381 5186 1465 5240 19.
1498 5186 1555 5241 p.
1588 5169 1707 5239 159,
1736 5173 1809 5225 D.
1848 5172 1871 5241 ΙΙ
1897 5200 1966 5211 -
1997 5186 2085 5225 20.
2110 5187 2165 5243 p.
2199 5140 2319 5235 167⁸,

749 5251 853 5301 BC.
887 5250 1166 5321 Κάνταυροι
1188 5259 1243 5302 et
1274 5248 1568 5321 Κανταύριος
1598 5248 1786 5305 codex.
1831 5251 1854 5321 ss
1882 5278 1953 5292 —
1980 5264 2068 5304 21.
2105 5267 2163 5323 p.
2198 5249 2320 5311 163,

750 5330 860 5382 CD.
904 5328 1143 5399 σπόδιον]
1171 5328 1406 5383 σπόνδιον
1451 5328 1639 5387 codex.
1672 5330 1693 5400 ss
1734 5360 1809 5371 —
1838 5345 1926 5383 22.
1962 5346 2021 5402 p.
2075 5332 2201 5397 168,
2242 5333 2318 5383 A.

2051 466 2732 531 CHRESTOMATHIAE

2421 594 2519 646 sita
2537 632 2552 658 ,
2579 592 2793 647 condita
2815 604 2893 647 est
2916 593 2983 647 ab
3011 592 3304 649 Asdrubale
3331 596 3418 650 illo
3444 598 3546 669 qui·
3575 598 3744 655 Baroe
3777 603 3970 658 Hanni·

2420 680 2548 735 balis
2567 684 2704 755 patri
2721 683 2988 737 successit.

2496 771 2579 824 18.
2619 769 2872 841 Hispania
2918 767 3082 823 ferme
3117 779 3228 824 tota
3270 772 3444 825 omnis
3485 776 3686 843 generis
3701 815 3719 843 ,
3753 780 3974 835 maxime

2423 873 2548 910 vero
2567 856 2682 910 auri
2709 866 2763 909 et
2787 857 2987 927 argenti
3005 897 3021 920 ,
3051 857 3256 911 metalla
3274 857 3452 915 babet.

2499 961 2584 1017 19.
2621 944 2813 1000 Stadiis
2837 946 3019 1017 viginti
3041 956 3313 1018 quatuora
3337 948 3648 1019 Carthagine
3665 953 3812 1007 Nova
3835 954 3976 1011 abest

2423 1031 2624 1099 insula,
2669 1051 2698 1087 a
2726 1032 3017 1099 scombris,
3061 1033 3154 1105 qui
3181 1033 3288 1087 illie
3323 1034 3625 1107 capiuntur,
3654 1038 3977 1097 Scombraria

2426 1118 2565 1173 dicta
2579 1158 2596 1184 ,
2647 1138 2679 1173 e
2730 1119 2923 1191 quibus
2969 1120 3231 1193 optimum
3275 1138 3460 1191 garum
3512 1134 3861 1196 praeparatum
3905 1132 3978 1183 sic

2423 1208 2608 1261 Strabo
2641 1218 2782 1262 certe
2817 1206 2953 1263 dixit
2975 1207 3033 1263 τδ
3063 1208 3238 1280 γάρον.

2495 1310 2585 1349 20.
2630 1296 2712 1349 Ex
2738 1294 2960 1349 adverso
2999 1294 3257 1349 ostiorum
3284 1294 3424 1349 Iberi
3457 1296 3604 1350 fluvii
3621 1337 3638 1363 ,
3677 1315 3853 1353 versus
3889 1319 3981 1356 au·

2423 1410 2592 1453 strum
2607 1440 2624 1465 ,
2651 1397 2887 1454 Baleares
2903 1409 3029 1453 sunt
3050 1399 3160 1453 sitae
3176 1438 3192 1463 ,
3220 1417 3328 1453 non
3349 1401 3748 1456 contemnenda!
3768 1403 3948 1458 insulae
3963 1446 3977 1469 ,

2423 1523 2456 1558 a
2479 1503 2670 1575 quibus
2711 1522 2855 1557 mare
2879 1501 3081 1558 dictum
3113 1516 3193 1559 est
3214 1504 3570 1573 Balearicum3
3602 1510 3772 1564 Graeci
3811 1512 3984 1585 appel-

2425 1607 2533 1661 lant
2555 1608 2881 1679 Gymnnoeias.
2985 1606 3232 1662 Cantabri
3264 1626 3386 1663 vero
3405 1610 3626 1681 insignis
3647 1626 3725 1669 est
3745 1632 3868 1687 gens
3891 1618 3986 1670 Hi-

2425 1712 2645 1783 spaniae,
2677 1730 2708 1765 a
2739 1729 2843 1784 qua
2869 1730 3097 1767 oceanus
3133 1713 3476 1769 Cantabricus
3501 1728 3579 1771 est
3612 1718 3806 1777 dictus».

2494 1842 2581 1880 21.
2622 1829 2684 1879 In
2713 1827 2965 1899 Hispania
2989 1836 3218 1883 castores
3249 1829 3402 1884 multi
3425 1832 3734 1907 gignuntur,
3769 1834 3863 1889 sed
3888 1838 3986 1891 ni-

2422 1915 2696 1987 spanicum
2729 1913 3013 1968 castorium
3065 1932 3175 1969 non
3227 1915 3387 1971 habet
3438 1918 3658 1974 eandem
3711 1921 3819 1975 rim
3863 1940 3983 1977 cum

2421 2002 2674 2067 Pontic03
2735 1999 3182 2073 quemadmodum
3221 2005 3379 2059 etiam
3425 2024 3494 2060 aes
3520 2007 3775 2081 Cyprium
3813 2010 3984 2067 solum

2423 2088 2695 2145 Cadmiam
2725 2087 2852 2155 sert,
2880 2098 2934 2144 et
2960 2088 3229 2145 vitriotum
3257 2102 3310 2146 et
3333 2092 3600 2166 spodium.
3695 2096 3981 2153 Celtibero·

2421 2198 2542 2236 rum
2579 2179 2702 2252 equi
2720 2218 2736 2245 ,
2792 2196 2958 2251 quum
2985 2181 3092 2237 sint
3118 2178 3416 2247 subalbidi,
3445 2181 3540 2236 ubi
3571 2184 3626 2237 in
3669 2187 3986 2241 exteriorem

2421 2267 2723 2341 Hispaniam
2753 2265 2978 2322 traducti
3004 2267 3232 2334 fuerint,
3283 2267 3512 2323 colorem
3552 2281 3758 2326 mutare
3793 2271 3984 2327 dicun·

2423 2366 2527 2411 tur.

2492 2462 2581 2503 22.
2621 2449 2866 2503 Cantabri
2911 2460 2965 2504 et
3017 2452 3110 2524 qui
3153 2449 3296 2505 hisce
3332 2461 3457 2505 suut
3493 2450 3704 2506 finitimi
3733 2455 3886 2507 urina
3929 2454 3984 2505 iu

2420 2562 2658 2616 eisternis
2716 2564 3005 2618 inveterata
3048 2564 3313 2632 lavantur,
3358 2582 3524 2637 eaque
3571 2575 3681 2620 tum
3727 2566 3827 2639 ipsi
3873 2576 3988 2620 tum

2419 2694 2606 2731 eorum
2632 2696 2825 2733 uxores
2851 2678 3035 2734 dentes
3061 2678 3387 2751 abstergunt.

2491 2800 2582 2853 23.
2620 2800 2900 2865 Vettones,
2933 2817 3100 2872 quum
3133 2801 3372 2873 primum
3411 2810 3580 2855 castra
3623 2803 3988 2855 Romanorum

2421 2889 2642 2959 ingressi
2687 2886 2945 2961 quosdam
2982 2890 3318 2944 centuriones
3356 2887 3792 2943 deambulationis
3823 2891 3988 2961 gratia

2422 2975 2560 3028 viam
2586 2975 2862 3031 deflectere
2883 2987 3162 3033 cernerent
3176 3017 3192 3044 ,
3222 2978 3452 3033 insanire
3477 2977 3718 3033 homines
3737 2979 3988 3051 suspicati

2419 3071 2544 3115 sunt
2559 3102 2576 3128 ‚
2615 3080 2680 3116 ac
2711 3063 2934 3137 proinde
2971 3064 3039 3119 iis
3068 3064 3414 3137 pra-cedentes
3444 3065 3594 3121 viam
3628 3064 3704 3119 ad
3743 3066 3988 3120 taberna·

2420 3148 2542 3201 cula
2569 3162 3040 3205 commonstrat-unt
3052 3170 3074 3211 ,⁰
3102 3150 3360 3224 putabant
3381 3152 3526 3206 enim
3553 3162 3644 3206 aut
3667 3151 3724 3205 in
3748 3152 3990 3206 taberna·

2421 3235 2541 3290 culo
2589 3238 2764 3309 quiete
2807 3237 3131 3294 manendum
3172 3250 3264 3294 aut
3303 3239 3643 3313 pugnandum
3682 3258 3824 3305 esseg
3877 3252 3985 3295 tam

2424 3319 2544 3377 seris
2561 3322 2633 3377 illi
2661 3336 2822 3396 atque
2838 3325 3201 3380 immansuetis
3235 3326 3472 3381 moribus
3493 3336 3660 3381 erant.
3733 3327 3986 3382 Mulieres

2420 3428 2606 3465 eorum
2649 3422 2868 3467 ornatus
2901 3414 3066 3485 gratia
3104 3413 3374 3487 gestabant
3414 3414 3580 3468 ferrea
3609 3414 3822 3468 monilia
3850 3414 3991 3469 collo

2387 3505 2393 3511 '
2423 3497 2762 3568 circumdata,
2791 3518 2978 3557 corvos
2999 3499 3198 3557 remos
3213 3500 3458 3557 babentia
3473 3542 3490 3568 ,
3511 3502 3741 3575 quiante
3755 3499 3986 3557 frontem

2421 3586 2628 3660 longius
2661 3587 3068 3660 procumbentes
3113 3606 3271 3662 supra
3314 3590 3563 3643 verticem
3591 3598 3740 3643 erant
3777 3589 3988 3647 reflexi.

2421 3675 2591 3746 Super
2614 3673 2698 3728 his
2729 3676 2925 3740 corvis,
2955 3692 3125 3748 quum
3165 3674 3373 3745 vellent,
3399 3675 3747 3730 demittebant
3774 3675 3983 3744 velum,

2421 3773 2483 3817 ut
2504 3773 2816 3836 praetentum
2863 3763 3013 3819 faciei
3047 3764 3214 3836 ipsam
3247 3774 3470 3835 tegeret3
3511 3774 3668 3835 atque
3694 3763 3800 3818 hoc
3830 3774 3987 3836 puta-

2419 3849 2548 3904 bant
2569 3868 2680 3908 esse
2699 3860 2965 3905 ornatum.
3039 3850 3180 3905 Alias
3205 3848 3354 3921 ajunt
3373 3850 3736 3923 tympanulum
3756 3851 3988 3905 cimm-

2412 3936 2615 4008 jectum
2655 3936 2847 3991 babere
2885 3935 2954 3990 ad
2987 3937 3201 4010 occiput
3229 3936 3522 3992 rotundum
3539 3978 3556 4003 ,
3581 3948 3635 3991 et
3655 3936 3986 4007 adstringens

2417 4034 2573 4095 caput
2595 4025 2767 4096 ipsum
2801 4041 2964 4095 usque
2985 4022 3056 4077 ad
3084 4022 3373 4089 auriculas,
3409 4024 3467 4076 in
3489 4022 3816 4078 altitudinem
3855 4040 3988 4077 vero

2417 4121 2470 4165 et
2489 4109 2817 4165 latitudinem
2843 4110 3096 4183 paulatim
3123 4111 3456 4184 supinatum,
3497 4109 3621 4165 alias
3647 4110 3836 4166 frontis
3861 4128 3985 4183 par·

2417 4208 2522 4251 tem
2550 4214 2668 4270 quat
2694 4196 2760 4251 ad
2785 4214 2991 4251 comam
3013 4198 3273 4269 pertinet,
3307 4198 3380 4252 ita
3403 4196 3709 4268 deglabrare
3729 4206 3793 4251 ut
3815 4196 3982 4268 magis

2415 4302 2574 4357 quam
2615 4285 2730 4358 ipsa
2753 4282 2908 4339 facies
2941 4285 3104 4339 niteat
3117 4305 3134 4351 ς
3177 4284 3303 4339 alias
3323 4301 3508 4338 rursus
3545 4283 3860 4339 columnella
3882 4300 3981 4357 pe·

2415 4370 2517 4425 dali
2541 4371 2700 4445 capiti
2717 4371 2961 4445 imposita
2983 4382 3142 4443 atque
3169 4370 3225 4425 in
3249 4369 3472 4425 sublime
3496 4381 3687 4436 erecta,
3717 4371 3980 4425 caesariem

2415 4459 2487 4514 illi
2510 4460 2886 4516 circumtexere
2901 4498 2918 4525 ,
2949 4458 3144 4513 deinde
3169 4459 3323 4529 nigro
3343 4457 3456 4513 velo
3474 4458 3823 4514 circumdare.
3841 4459 3984 4513 Ρη·

2416 4556 2498 4600 ter
2515 4545 2652 4612 haee,
2685 4564 2802 4619 quae
2827 4564 2953 4600 sane
2972 4545 3254 4601 insolentia
3273 4556 3428 4611 sunt,
3455 4545 3712 4619 permulta
3739 4545 3840 4600 alia
3871 4545 3979 4598 visa

2415 4644 2539 4688 sunt
2557 4644 2612 4689 et
2636 4632 2808 4687 efficta
2827 4631 2896 4686 de
2917 4631 3169 4687 omnibus
3193 4632 3546 4687 communiter
3562 4631 3858 4703 Hispanicis
3883 4650 3986 4703 po-

2415 4722 2570 4795 pulis,
2597 4733 2710 4777 tum
2729 4723 2990 4795 precipue
3007 4720 3076 4775 de
3085 4719 3595 4794 septentrionalibus,
3611 4734 3664 4773 et
3680 4738 3789 4773 non
3806 4718 3978 4773 50111111

2416 4810 2484 4865 de
2529 4812 2766 4885 ipsorum
2805 4808 3148 4875 fortitudine,
3180 4808 3272 4865 sed
3308 4820 3362 4864 et
3387 4808 3456 4863 de
3481 4807 3788 4863 crudelitate
3819 4817 3872 4862 et
3905 4805 3988 4861 fe-

2416 4902 2660 4967 rocitate3
2687 4900 2946 4973 siquidem
2967 4911 3158 4955 matra
3170 4899 3306 4955 filios
3321 4898 3649 4962 occiderunt,
3669 4898 3977 4969 priusquam

2417 4994 2470 5047 in
2487 4991 2623 5048 bello
2646 5004 2955 5065 caperentur
2971 5013 2986 5059 ;
3007 5003 3061 5047 et
3084 5009 3216 5064 puer
3233 4989 3468 5063 quidam,
3485 5006 3647 5061 quum
3670 4997 3911 5061 parentes
3926 4996 3982 5041 et

2425 5166 2446 5236 ΙΙ
2473 5196 2546 5207 -
2575 5166 2664 5220 23.
2705 5182 2761 5236 p.
2817 5168 2932 5227 164,
2980 5166 3138 5217 BCD.
3187 5159 3373 5216 Strabo
3415 5176 3428 5213 :
3477 5159 3588 5221 τοὶις
3631 5156 3930 5218 Οὗέττωνας.
3959 5192 3984 5208 .

2417 5246 2594 5317 μανίαν
2634 5242 2969 5305 ὓπολαθόντας
3007 5240 3240 5313 ἡγεῖσθαι
3279 5236 3368 5306 τὴν
3413 5238 3530 5292 ὁδὸν
3573 5236 3736 5301 αὗτοῖς
3776 5234 3857 5290 ἐπὶ
3897 5233 3988 5296 τὰς

2413 5327 2625 5396 σκηνάς,
2653 5325 2792 5380 unde
2816 5335 2996 5379 nostro
3018 5322 3136 5379 loco
3159 5322 3392 5393 Corayus
3411 5318 3592 5373 dedit:
3619 5314 3722 5390 [καὶ
3737 5314 3980 5389 ἡγοῦντο]
