4584 6284
654 504 771 557 548

726 646 797 687 2³.
840 623 970 687 Ὅτι
999 621 1196 701 μεταξὺ
1219 622 1439 703 Λιγύων
1464 621 1556 683 καὶ
1599 627 1694 695 τῆς
1728 622 2049 692 Μασσαλίας
2084 624 2215 685 οἰκεῖ

646 714 707 776 τὸ
739 718 843 774 τῶν
878 710 1102 775 Σαλόων
1131 713 1274 781 ἔθνος
1300 710 1584 791 παράλιον,
1625 708 1721 777 τὰς
1744 708 1951 777 Ἄλπεις
1988 711 2083 779 τὰς
2105 734 2213 771 πα-

648 802 853 886 ραλίους
883 803 1075 861 οἰκοῦν.
1158 800 1311 861 Φασὶ
1342 799 1397 859 δὲ
1429 798 1489 858 τὸ
1510 798 1635 881 ὕψος
1664 802 1769 859 τῶν
1790 800 1949 879 ὀρέων
1978 790 2108 865 εἶναι
2121 846 2139 876 ,
2174 792 2215 877 ᾗ

642 890 888 957 ὀξύτατόν
908 892 1047 967 ἐστι,
1066 888 1257 949 στάδια
1287 888 1354 969 ρ’,
1378 887 1470 948 καὶ
1498 894 1742 949 τοσοῦτον
1765 879 1907 956 αὖθις
1932 886 2026 961 τὴν
2051 886 2210 949 κατά·

646 978 817 1040 6ασιν.

722 1085 796 1127 24.
838 1062 969 1126 Ὅτι
998 1068 1059 1126 ἐκ
1094 1071 1203 1127 τῶν
1222 1064 1463 1127 Ἄλπεων
1487 1070 1565 1149 ῥεῖ
1601 1064 1634 1125 ὅ
1656 1088 1711 1125 τε
1740 1063 1921 1139 Ῥῆνος
1939 1065 2028 1127 καὶ
2064 1067 2095 1125 ὃ
2118 1061 2209 1127 ''1-

645 1177 795 1236 στρος
820 1153 913 1213 καὶ
943 1156 971 1213 ὅ
996 1153 1177 1221 Πάδος
1202 1154 1295 1213 καὶ
1318 1156 1347 1212 ὃ
1368 1151 1635 1221 Ῥοδανός.

726 1260 799 1303 25.
844 1238 979 1301 Ὅτι
1022 1244 1051 1300 ὁ
1097 1239 1278 1308 Πάδος
1323 1240 1557 1318 ποταμὸς
1594 1238 1836 1300 ἁπάντων
1876 1238 1987 1299 ἐστὶ
2024 1239 2211 1317 μείζων

645 1332 749 1389 τῶν
776 1331 831 1389 ἐν
868 1329 1109 1409 Εὐρώπῃ
1154 1333 1410 1406 ποταμῶν
1454 1329 1580 1410 πρὸς
1622 1332 1733 1396 ταῖς
1772 1328 2009 1395 ὶκὸολαῖς
2049 1330 2209 1387 αὐτοῦ

644 1418 784 1492 πλὴν
816 1417 979 1495 μόνου
1015 1422 1105 1479 τοῦ
1128 1415 1359 1499 Ἴστρου.

730 1505 938 1567 2ε.”Οτι
961 1506 1082 1587 περὶ
1109 1505 1205 1575 τὰς
1232 1506 1445 1575 Ἄλπεις
1471 1505 1563 1568 καὶ
1600 1506 1673 1566 τὰ
1694 1504 1920 1586 δυσμικὰ
1948 1511 2040 1579 τῆς
2069 1505 2207 1567 Ἰτα-

645 1595 768 1664 λίας
793 1598 830 1667 ἡ
856 1595 971 1661 ὁδὸς
1010 1595 1367 1676 χαλεπωτάτη
1396 1595 1506 1657 ἐστὶ
1540 1594 1632 1656 καὶ
1656 1594 1991 1673 κρημνώδης,
2024 1597 2095 1663 ὡς
2120 1594 2210 1655 καὶ

650 1690 774 1749 τοῖς·
798 1682 989 1762 μικρὸν
1030 1682 1346 1754 ὀλισθήσασι
1391 1681 1621 1743 κίνδυνον
1664 1673 1795 1741 εἶναι
1839 1683 1910 1748 εἰς
1938 1680 2211 1763 φάραγγας

650 1770 909 1839 aedoeon<
930 1775 1331 1852 κατενεχθῆναι·
1356 1771 1416 1838 ἃς
1437 1776 1465 1832 ὃ
1490 1770 1783 1852 Αὔγουστος
1807 1770 2062 1836 δαπάναις
2086 1772 2213 1829 πολ-

648 1860 767 1927 λαῖς
795 1856 1038 1919 άνέκτισε
1067 1860 1160 1919 καὶ
1186 1859 1324 1919 κατὰ
1344 1861 1406 1919 τὸ
1434 1860 1645 1921 δυνατὸν
1671 1857 1971 1919 ἐπλάτυνεν.
2052 1858 2213 1940 Ἔχει

652 1947 713 2007 δέ
737 1971 791 2008 τι
818 1946 1109 2029 παράδοξον
1137 1948 1231 2008 καὶ
1270 1946 1441 2030 ἕτερον
1473 1952 1509 2023 ἡ
1550 1948 1717 2031 χώρα·
1744 1948 2069 2028 κρυστάλλου
2110 1948 2213 2029 γὰρ

649 2039 849 2107 πλάκες
890 2036 1135 2118 μέγισται
1175 2037 1236 2095 ἐκ
1273 2040 1376 2098 τῶν
1426 2041 1717 2119 ἀκρωρειιῦν
1759 2037 2212 2118 ἀπορρηγνύμεναι

651 2126 935 2209 διέφθειρον
962 2124 1083 2193 τοὺς
1100 2124 1295 2194 ὁδίτας.

730 2236 802 2277 27.
841 2212 970 2276 Ὅτι
1000 2213 1111 2273 ἐστὶ
1129 2211 1264 2282 λέξις
1285 2217 1331 2274 οἶ
1350 2214 1689 2290 δημοσιῶναι,
1716 2209 1894 2295 ὥσπερ
1917 2214 1964 2272 οἱ
1990 2214 2207 2272 σιτῶναι

651 2305 742 2364 καὶ
772 2308 969 2383 βοῶναι
1004 2302 1095 2363 καὶ
1122 2303 1339 2383 ὄψῶναι.

731 2413 803 2454 28.
843 2390 971 2453 Ὀτι
1017 2390 1273 2471 Στράὸων
1326 2394 1353 2449 ὁ
1395 2392 1697 2474 γεωγράφος
1740 2388 1826 2451 ἐπὶ
1870 2389 2103 2471 Νέρωνος
2140 2387 2212 2461 ἤ-

650 2486 819 2560 κμαζε
836 2524 855 2555 ,
877 2484 972 2539 τοῦ
998 2478 1281 2553 Ῥωμαίων
1315 2478 1708 2559 αὖτοκράτορος.

730 2592 813 2634 2ο.
854 2567 987 2631 Ὀτι
1029 2571 1086 2627 αἱ
1106 2564 1317 2635 ΙἈλπεις
1360 2566 1658 2649 ἶδιόμορφόν
1696 2590 1745 2625 τι
1782 2568 1909 2646 ζῷον
1947 2562 2211 2642 γεννῶσιν,

650 2656 943 2741 ἐλαφοειδὲς
975 2654 1035 2715 τὸ
1076 2659 1261 2735 σχῆμα
1300 2655 1447 2728 πλὴν
1476 2655 1693 2735 αὖχὲνος
1729 2652 1817 2715 καὶ
1859 2650 2207 2733 τριχώματος·

646 2754 812 2807 ταῦτα
840 2747 887 2804 δ’
917 2741 1137 2805 ἐοικέναι
1176 2740 1395 2823 κάπρῳ,
1438 2741 1540 2802 ὑπὸ
1568 2741 1623 2801 δὲ
1649 2744 1725 2822 τῷ
1760 2738 1972 2821 γεννείῳ
1998 2742 2207 2820 πυρῆνα

645 2833 812 2916 ἴσχειν
856 2833 976 2893 ὅσον
1010 2836 1371 2911 σπιθαμιαῖον,
1402 2830 1694 2910 ἅκρόκομον
1707 2874 1723 2901 ,
1750 2829 1985 2900 πωλικῆς
2020 2828 2208 2909 κέρκου

642 2923 705 2983 τὸ
728 2921 805 2983 πά
847 2945 922 2989 ος.

724 2946 978 3073 εο.χ”οτι
1020 3005 1151 3087 φησὶ
1190 3003 1450 3073 Πολῦὅιος
1487 3007 1607 3065 κατ’
1636 3004 1914 3079 Ἀκυληίαν
1941 3008 2211 3084 εὑρεθῆναι

641 3105 859 3179 χρυσεῖα
875 3096 1111 3175 μέταλλα
1134 3093 1295 3162 οὕτως
1314 3096 1475 3175 εὐφυῆ
1486 3140 1504 3168 ,
1528 3094 1665 3154 ὥστε·
1678 3094 1764 3153 ἐπὶ
1783 3092 1874 3151 δύο
1896 3090 2062 3157 πόδας
2079 3094 2211 3149 ἀπο-

644 3185 856 3268 σύραντι
889 3183 981 3255 τὴν
1023 3183 1283 3255 ἐπιπολῆς
1314 3186 1411 3258 γῆν
1442 3181 1590 3250 εὐθὺς
1625 3180 1841 3261 ὀρυκτὸν
1886 3180 2211 3259 εὑρίσκεσθαι

643 3273 851 3355 χρυσόν·
872 3271 934 3330 τὸ
958 3273 1003 3331 δ’
1032 3269 1239 3350 ὄρυγμα
1278 3268 1353 3346 μὴ
1391 3268 1646 3329 πλειόνων
1674 3266 1927 3347 ὑπάρχειν
1962 3266 1999 3337 ἢ
2028 3290 2210 3328 πεντε·

646 3358 865 3419 καίδεκα
883 3360 1081 3417 ποδῶν.
1168 3346 1326 3417 Εἶναι
1347 3354 1401 3413 δὲ
1433 3359 1525 3416 τοῦ
1550 3361 1749 3436 χρυσοῦ
1769 3355 1858 3414 τὸν
1883 3354 1981 3432 μὲν
2003 3354 2213 3413 αὐτόθεν

646 3445 873 3528 καθαρὸν
891 3491 910 3521 ,
944 3444 1151 3523 κυάμου
1196 3442 1408 3521 μέγεθος
1452 3442 1491 3515 ἢ
1521 3444 1747 3526 θέρμου,
1778 3449 1870 3502 τοῦ
1898 3440 2083 3521 ὀγδόου
2124 3442 2214 3519 με’-

654 3556 769 3615 ρους
795 3532 949 3615 μόνον
994 3531 1359 3614 ἀφεψηθέντος·
1405 3529 1493 3591 τὸν
1535 3530 1591 3589 δὲ
1619 3532 1816 3590 δεῖσθαι
1864 3529 1958 3607 μὲν
1990 3528 2212 3609 χωνείας

653 3624 888 3691 πλείονος
903 3667 920 3695 ,
950 3620 1154 3705 σφόδρα
1178 3619 1231 3680 δὲ
1254 3621 1575 3688 λυσιτελοῦς.

1318 3819 1580 3841 -ΦΟΦ-ῠ

978 3999 1890 4083 ΧΡΗΣΤΟΜΑΘΕΙΑΙ

727 4186 835 4247 ΕΚ
878 4184 1037 4246 ΤΩΝ
1078 4181 1544 4245 ΣΤΡΑΒΩΝΟΣ
1590 4160 2135 4240 ΓἘΩΓΡΑΦῙΚΩΝ

1260 4341 1507 4392 Rumor
1538 4337 1609 4389 E'.

738 4494 780 4536 ι.
824 4470 954 4535 Ὅτι
978 4472 1038 4532 τὸ
1058 4471 1282 4531 παλαιὸν
1307 4470 1511 4533 Ἰταλία
1546 4469 1779 4531 ἐκαλεῖτο
1801 4474 1835 4540 ἡ
1864 4466 2209 4549 περιεχομένη

643 4560 799 4642 χώρα
822 4558 930 4621 ὖπό
956 4584 1017 4619 τε
1036 4564 1131 4633 τῆς
1152 4564 1243 4619 νῦν
1268 4559 1524 4639 Μεγάλης
1540 4558 1795 4625 Ἑλλάδος
1822 4556 1910 4617 καὶ
1932 4556 2211 4639 Ἰαπυγίας

643 4650 736 4709 καὶ
767 4650 1189 4712 Ποσειδωνιάτου
1210 4649 1405 4709 κόλπου
1424 4673 1439 4686 ·
1482 4647 1690 4729 ὕστερον
1717 4648 1772 4708 δὲ
1802 4646 1887 4706 διὰ
1915 4646 1974 4706 τὸ
2005 4645 2211 4728 εὐτυχὲς

641 4742 736 4797 τοῦ
759 4735 1016 4815 ὀνόματος
1038 4737 1363 4818 ἐπεκράτησε
1387 4738 1476 4798 καὶ
1501 4736 1596 4805 ἕως
1622 4736 1830 4817 Οὐάρου
1852 4742 2093 4813 ποταμοῦ
2119 4733 2211 4794 καὶ

643 4829 733 4884 τοῦ
766 4824 1095 4906 Ἀδριατικοῦ
1120 4830 1290 4905 μυχοῦ
1316 4826 1407 4885 καὶ
1425 4828 1528 4885 τῶν
1553 4823 1790 4884 Ἄλπεων
1816 4821 2014 4883 Ἰταλία
2032 4822 2209 4880 καλεῖ-

644 4918 784 4975 σθαι.

1904 490 2485 556 ·ΟΗΒΕ8ΤΟΜΑΤΗ
2491 495 2594 556 1AE

2375 627 2463 682 23.
2519 629 2667 682 Inter
2711 629 2928 701 Liguroe
2969 640 3025 685 et
3067 633 3354 688 Massiliam
3389 634 3632 695 habitant
3661 642 3854 715 Salyes,

2305 734 2429 787 gens
2465 714 2759 783 maritima,
2779 717 2937 791 Alpes
2981 722 3115 773 mari
3153 722 3349 777 vicinas
3393 735 3600 783 tenens.
3689 736 3858 805 AJunt

2303 806 2632 862 altitudinem
2649 805 2860 860 illorum
2888 810 3150 864 montium
3174 812 3464 869 rectissimo
3481 815 3761 875 adscensus
3779 832 3858 877 ta-

2303 895 2516 950 diorum
2547 911 2660 948 esse
2683 905 2892 949 centum
2907 934 2924 960 ,
2961 914 3024 950 ac
3043 896 3266 952 totidem
3289 900 3580 957 stadiorum
3603 923 3713 961 ease
3738 907 3858 963 des·

2302 1000 2533 1038 censum.

2380 1074 2470 1135 24.
2497 1070 2579 1123 Ex
2611 1067 2830 1142 Alpibus
2856 1068 3032 1126 fluunt
3055 1070 3302 1145 Rhenus,
3345 1074 3649 1142 Danubius,
3687 1079 3859 1137 Padus

2303 1169 2357 1212 et
2373 1155 2678 1212 Rhodanus.
2945 1150 2962 1171 ‘
3185 1157 3194 1167 '

2374 1244 2465 1301 25.
2493 1242 2666 1299 Padus
2689 1246 2928 1299 omnium
2962 1247 3128 1300 totius
3157 1248 3383 1321 Europae
3417 1250 3722 1326 fluminum,
3751 1273 3860 1311 uno

2306 1331 2552 1385 Danubio
2575 1342 2793 1403 excepto
2811 1372 2827 1397 ,
2865 1334 3126 1388 maximus
3165 1345 3266 1407 est,
3293 1337 3386 1391 ubi
3423 1339 3481 1392 in
3511 1357 3656 1395 mare
3679 1361 3860 1397 emm-

2305 1419 2402 1491 pit.

2378 1510 2470 1559 26.
2502 1504 2656 1560 Circa
2683 1506 2839 1579 Alpes
2863 1508 2919 1560 in
2953 1506 3179 1563 occiduo
3203 1509 3364 1565 Italiae
3387 1511 3550 1567 latere
3572 1515 3864 1573 admodum

2306 1590 2534 1647 difficilis
2555 1603 2610 1647 et
2633 1610 2862 1666 praeoeps
2879 1596 2981 1661 via,
3003 1605 3064 1648 ut
3077 1596 3242 1667 siquis
3269 1595 3350 1651 vel
3367 1599 3620 1671 pusillum
3635 1601 3860 1671 labatur,

2306 1679 2598 1753 periodum
2634 1680 2703 1734 sit
2727 1698 2796 1735 ne
2837 1681 2891 1735 in
2928 1680 3369 1753 profundissimas
3395 1684 3663 1742 deferatur
3689 1690 3863 1747 valles.

2308 1766 2522 1836 Quibus
2549 1768 2606 1821 in
2649 1766 2778 1822 locis
2801 1770 3070 1840 Augustus
3100 1770 3300 1841 ingenti
3321 1783 3502 1827 sumtu
3535 1776 3644 1829 vias
3669 1778 3867 1832 instau-

2282 1854 2441 1929 ravit
2465 1865 2518 1908 et
2556 1865 2818 1927 quantum
2843 1854 2994 1910 licuit
3027 1856 3320 1931 ampliavit.
3351 1860 3452 1915 Sed
3496 1872 3551 1915 et
3587 1863 3727 1918 aliud
3754 1865 3868 1919 haec

2305 1942 2448 2012 regio
2473 1940 2710 1996 mirabile
2732 1941 2919 2009 haben
2954 1942 3152 1999 etenim
3186 1944 3378 2001 tabule
3401 1946 3581 2017 glaciei
3603 1952 3862 2017 maximae,

2305 2030 2580 2173 Σοῗὲιὲιῑιιιιίε
2595 2030 2875 2088 verticibus
2891 2030 3148 2104 abrupte,
3165 2044 3545 2105 praetereuntee
3564 2038 3864 2093 interimere

2377 2222 2466 2275 27.
2491 2204 2806 2279 Δημοσιῶναι
2837 2226 2936 2263 vox
2964 2220 3042 2263 est
3079 2208 3148 2263 ad
3175 2210 3398 2265 modum
3429 2229 3617 2267 vocum
3641 2217 3870 2280 σιτῶναι,

2311 2294 2515 2365 βοῶιαι,
2547 2294 2756 2369 ὀψῶναι.

2378 2388 2468 2441 28.
2494 2386 2681 2441 Strabo
2717 2387 3039 2460 geographus
3063 2386 3164 2441 sub
3183 2388 3396 2442 Nerone
3422 2388 3605 2443 floruit
3631 2392 3870 2446 Romano

2307 2474 2639 2545 imperatore.

2306 2588 2482 2707 ιωῖξζ
2497 2576 2540 2627 Α
2529 2571 2752 2696 diffini*
2740 2572 2961 2714 {33:13
2981 2572 3870 2709 ἒὲῗὲῗίεω.ἆῗῗῗῗωῗ“ξὲἷῖἓάῗιῖξί

2307 2722 2450 2767 taxat
2483 2723 2537 2767 et
2575 2713 2707 2766 villis
2751 2714 3011 2785 exceptis,
3056 2714 3250 2785 quibus
3295 2732 3458 2787 capro
3501 2732 3755 2786 perquam
3791 2727 3870 2770 est

2303 2782 2513 2847 similis,
2540 2801 2602 2837 ac
2627 2783 2726 2838 sub
2746 2794 2922 2838 mento
2955 2784 3127 2837 carnis
3151 2783 3365 2855 globum
3403 2786 3536 2856 gerit
3571 2786 3730 2857 palmi
3757 2806 3871 2841 ma-

2305 2852 2578 2926 gnitudine
2596 2894 2610 2917 ,
2663 2854 2965 2927 capillosum
2982 2895 2998 2920 ,
3057 2854 3457 2909 crassitudinem
3518 2854 3698 2909 caudae
3741 2857 3867 2928 pulli

2303 2924 2482 2994 equini
2509 2924 2808 2981 habentem.

2375 3019 2462 3074 30.
2494 3018 2742 3091 Polybius
2764 3020 2836 3073 ait
2853 3016 3008 3090 juxta
3041 3017 3334 3091 Aquilejam
3358 3018 3682 3074 aurifodinas
3712 3021 3870 3075 fuisse

2305 3110 2540 3162 inventas
2571 3115 2759 3159 natura
2775 3103 2908 3159 adeo
2930 3104 3232 3169 excellenti,
3258 3115 3323 3159 ut
3339 3122 3509 3177 quum
3537 3124 3570 3160 a
3597 3106 3866 3179 superficie

2307 3205 2456 3249 terrae
2482 3192 2549 3246 ad
2581 3191 2718 3246 duos
2751 3190 2906 3265 pedes
2929 3191 3100 3246 solum
3128 3191 3444 3256 den-axeris,
3481 3190 3655 3245 fossile
3691 3192 3872 3247 confe-

2305 3282 2428 3334 stim
2471 3296 2664 3333 aurum
2697 3278 2957 3343 invenias3
2995 3276 3185 3331 fossam
3227 3288 3404 3331 autem
3447 3294 3554 3331 non
3593 3278 3870 3351 plusquam

2307 3364 2501 3438 pedum
2521 3382 2632 3421 esse
2652 3362 2973 3437 quindecim.
3046 3365 3252 3417 Aurum
3281 3364 3453 3436 ipsum
3475 3364 3668 3435 partim
3695 3366 3870 3419 statim

2307 3470 2500 3526 purum
2532 3470 2674 3517 esse,
2723 3451 2853 3507 fabae
2889 3461 2982 3507 aut
3025 3451 3194 3525 lupini
3221 3452 3392 3518 mole,
3439 3462 3624 3507 octava
3663 3463 3869 3508 tantum

2307 3552 2454 3615 parte
2475 3542 2726 3607 decoeta;
2751 3541 2941 3613 partim
2977 3539 3214 3613 pluscula
3234 3538 3473 3612 indigere
3507 3541 3866 3608 concoctione,

2309 3630 2401 3684 sed
2419 3648 2480 3684 ea
2501 3626 2785 3684 admodum
2809 3628 2942 3683 utili.

2947 3822 3204 3845 ψ

2653 3989 3518 4073 CHRESTOMATHIAE

2434 4172 2480 4230 Ε
2519 4168 2944 4231 STRABONIS
2986 4165 3710 4229 GEOGRAPHICORUM

2938 4326 3130 4378 leto
3161 4328 3226 4377 V.

2382 4492 2428 4528 1.
2469 4473 2612 4526 Italia
2651 4471 2776 4527 olim
2815 4470 2957 4525 dicta
2999 4480 3080 4523 est
3103 4486 3165 4522 ea
3191 4468 3366 4538 regio,
3417 4483 3534 4538 quae
3570 4465 3869 4519 continetur

2303 4586 2492 4654 Magna
2526 4601 2671 4637 nune
2697 4582 2898 4637 Graecia
2922 4580 3064 4635 dicta
3086 4590 3142 4634 et
3171 4580 3384 4652 Iapygia
3409 4588 3464 4632 et
3497 4578 3620 4632 sinu
3647 4574 3864 4632 Posido-

2305 4699 2462 4751 niate.
2558 4692 2901 4751 Postmodum
2929 4693 3001 4749 ob
3026 4693 3324 4748 felicitatem
3359 4692 3590 4747 nominis
3616 4690 3862 4746 obtinuit.

2307 4812 2365 4856 ut
2379 4800 2446 4855 ad
2463 4800 2669 4854 Varum
2706 4816 2871 4870 usque
2899 4798 3097 4851 flumen
3137 4806 3192 4850 et
3215 4797 3393 4850 sinum
3432 4793 3760 4849 Adriaticum
3787 4800 3842 4845 at

2305 4924 2410 4978 que
2431 4903 2497 4959 ad
2527 4904 2686 4976 Alpes
2713 4903 2862 4957 Italia
2889 4900 3259 4975 appellaretur.

646 5054 735 5134 2⁶3.
768 5098 824 5152 p.
857 5082 983 5145 203,
1015 5086 1185 5137 ACD.
1232 5082 1503 5153 ὀξύτατον]
1543 5080 1838 5135 εὖθῦτατονὲ
1872 5078 2213 5151 ὀρθιώτατονῖ
2260 5104 2266 5117 ·
2307 5082 2400 5151 (p.
2439 5095 2556 5149 171,
2588 5078 2617 5130 5
2649 5075 2734 5129 ed.
2763 5074 2925 5128 Didot
2939 5078 2979 5139 ).
3011 5074 3033 5143 ΙΙ
3067 5100 3140 5112 -
3175 5074 3264 5127 28.
3298 5069 3484 5125 Glossa
3517 5068 3603 5121 ad.
3639 5074 3700 5138 p:
3740 5068 3859 5130 206,

643 5160 831 5214 Strabo
856 5177 870 5213 ε
899 5160 959 5214 τὸ
986 5166 1111 5234 γοῦν
1136 5161 1434 5235 ὄρθιώτατον
1456 5162 1613 5216 αὖτῶν
1635 5160 1748 5234 ὕψος
1769 5161 1978 5214 σταδίων
2004 5162 2047 5231 ρ’
2077 5158 2212 5231 ἔχειν

642 5241 761 5313 φασὶ
782 5240 873 5309 τὴν
896 5240 1159 5298 ἀνάδασιν.
1186 5244 1208 5314 ΙΙ
1232 5274 1305 5285 -
1326 5248 1514 5309 alf-26.
1541 5260 1593 5315 p.
1622 5247 1741 5306 204.
1771 5242 1793 5313 ΙΙ
1822 5272 1893 5283 -
1916 5258 2004 5311 27.
2028 5241 2213 5296 Glossa

628 5333 723 5384 „est
764 5322 831 5378 ad
882 5342 1065 5378 vocem
1108 5326 1455 5396 δημωσιώναις
1495 5327 1549 5377 in
1597 5322 1840 5377 strabon.
1884 5341 1939 5395 p.
1992 5322 2115 5387 205,
2146 5325 2207 5376 B.

2305 5166 2360 5216 D
2389 5161 2408 5232 (
2433 5175 2552 5229 172,
2590 5174 2656 5211 ιο
2685 5154 2909 5223 Didot).
2947 5154 2968 5223 1!
3002 5182 3076 5193 -—
3119 5168 3209 5221 29.
3243 5168 3299 5223 p.
3350 5166 3476 5221 2ο7,
3515 5156 3586 5206 D.
3630 5152 3752 5212 208,
3784 5152 3860 5205 A.

2305 5240 2498 5313 ἴσχειν]
2524 5238 2659 5309 ἴσχει
2679 5237 2862 5293 codex.
2901 5238 2922 5308 ΙΙ
2948 5266 3021 5276 —-
3047 5235 3132 5291 30.
3158 5251 3213 5306 p.
3239 5237 3364 5298 208,
3399 5236 3454 5286 C.

2375 5321 2542 5373 Lunna
2571 5319 2641 5371 V.
2669 5348 2740 5359 —
2769 5334 2813 5370 1.
2845 5334 2900 5388 p.
2925 5333 3050 5386 209,
3080 5319 3148 5371 D.
3183 5314 3204 5385 ΙΙ
3230 5330 3376 5367 -2,
3408 5330 3464 5385 p.
3491 5327 3615 5378 210,
3641 5314 3707 5365 D.
3733 5325 3860 5375 211,
