4584 6284
1737 409 1838 470 DE
1879 403 2670 468 PSEUDOPLUTARCHO.
3743 405 3825 483 ΙΙΙ]

629 554 830 618 menis
859 553 1101 628 laudat,
1135 553 1289 615 dum
1317 549 1382 614 in
1410 548 1721 613 parallelis
1749 545 1974 611 nostris
1999 543 2178 608 Euri·

625 641 808 723 pides
843 641 906 703 in
949 639 1308 704 Erechtheo
1346 637 1554 701 fabula
1593 635 1766 700 testis
1808 634 2053 710 citatur,
2111 631 2175 694 id

629 729 784 794 nihil
812 727 1008 792 habet
1044 726 1215 810 quod
1249 724 1571 802 miremur,
1601 740 1790 806 quum
1817 726 2021 804 pateat
2059 720 2179 782 Pa·-

627 817 874 880 rallelas
920 815 1249 891 historias,
1297 813 1512 898 quales
1561 830 1675 876 nos
1745 811 1808 872 in
1860 807 2176 874 Plutarchi

625 903 958 969 codicibus
978 901 1312 977 habemus,
1345 918 1469 965 non
1495 898 1682 964 modo
1703 898 1914 963 multis
1935 899 2000 962 in
2019 898 2177 962 locis

631 994 989 1057 decurtatus
1041 990 1166 1055 sive
1209 994 1553 1053 contractas
1597 1006 1761 1065 esse,
1794 987 1906 1052 sed
1947 987 2176 1070 saepius

635 1081 822 1147 etiam
850 1085 998 1144 nota
1042 1078 1412 1161 scriptorum
1461 1074 1711 1141 nomina
1747 1075 1812 1138 in
1837 1075 1916 1140 iis
1943 1075 2181 1138 substi-

633 1173 766 1233 tuta
799 1186 936 1232 esse
979 1164 1432 1232 obscurissimis
1471 1163 1596 1228 illis
1623 1164 2010 1240 auctoribus,
2044 1165 2180 1247 qui·-

631 1257 750 1320 bus
799 1257 865 1320 in
915 1254 1176 1320 citandis
1221 1252 1826 1336 Pseudoplutarchus
1875 1253 1997 1317 sibi
2043 1253 2182 1337 pla-

631 1352 730 1410 cet
758 1343 860 1428 (1).
893 1344 994 1409 Sic
1020 1343 1202 1407 istam
1224 1341 1304 1406 de
1325 1342 1654 1406 Erechthei
1685 1341 1958 1406 facinore
1985 1342 2181 1407 histo·

629 1434 852 1498 riolam
882 1431 1276 1514 integriorem
1321 1431 1615 1507 servavit,
1652 1435 2000 1513 testemque
2026 1449 2176 1494 nar·

630 1523 888 1586 rationis
926 1539 1046 1584 non
1089 1517 1486 1601 Euripidem,
1525 1516 1637 1582 sed
1675 1521 2073 1583 Demaratum
2111 1520 2178 1582 in

627 1610 1110 1694 Tragodumenis
1152 1607 1426 1672 laudavit
1451 1607 1735 1672 Stobaeus
1765 1607 1830 1670 in
1877 1606 2173 1690 Florileg.

627 1705 706 1765 39
723 1745 739 1774 ,
765 1703 842 1764 33
871 1717 887 1761 t
916 1697 1238 1778 Δημαράτου
1260 1700 1316 1758 ἕν
1336 1695 1495 1778 τρίτῳ
1521 1695 1752 1778 (πρώτῳ
1765 1696 1960 1760 Clem.
1991 1695 2178 1776 )Τρα·

621 1786 982 1868 γωδουμίνων.
1013 1785 1298 1862 Ἀθηναίων
1328 1785 1458 1868 πρὸς
1504 1784 1788 1863 Εὔμολπον
1824 1785 1913 1844 τὸν
1943 1788 2176 1866 Θρακῶν

627 1877 850 1956 βασιλέα
878 1875 1110 1954 πόλεμον
1154 1875 1386 1956 Ιχόντων
1406 1918 1423 1945 ,
1452 1872 1730 1955 Ἐρεχθεὺς
1761 1876 1790 1932 ὁ
1823 1877 1916 1948 τῆς
1941 1872 2180 1945 Ἀττικῆς

625 1963 1006 2047 προϊστάμενος
1029 1962 1273 2045 χρησμὸν
1317 1961 1504 2022 ἔλαθεν
1521 2005 1538 2038 ,
1567 1959 1648 2022 ὅτι
1691 1959 1892 2034 νικήσει
1921 1959 2042 2029 τοὺς
2079 1963 2178 2040 ἒχ-

623 2057 796 2134 θροὺς,
951 2053 1048 2125 τὴν
1091 2049 1462 2132 πρισὸυτᾶτην
1503 2051 1606 2108 τῶν
1644 2049 1943 2129 θυγατέρων
1973 2052 2179 2128 Περσε-

623 2143 752 2224 φόνῃ
785 2139 940 2220 θύσῃ.
959 2137 1398 2220 Παραγενόμενος
1415 2138 1463 2197 δ’
1485 2140 1556 2206 εἷς
1579 2137 1791 2209 Ἀθήνας
1817 2136 2084 2218 Πραξιθέᾳ
2108 2141 2177 2218 τῇ

623 2226 831 2307 γυναικὶ
858 2225 954 2300 τὴν
993 2223 1361 2306 πυθόχρηστον
1407 2226 1656 2304 μαντείαν
1704 2227 2018 2305 ἀπήγγειλεν
2035 2248 2051 2265 ·
2085 2217 2180 2284 εἶθ’

627 2315 767 2376 οὕτω
799 2313 894 2384 τὴν
929 2313 1090 2393 κόρην
1119 2311 1476 2393 προσαγαγὼν
1499 2319 1604 2380 τοῖς
1629 2317 1822 2392 βωμοῖς
1848 2313 2022 2374 ἀνεῖλε
2035 2357 2052 2387 ,
2087 2311 2180 2372 καὶ

628 2400 918 2480 συμόαλὼν
943 2403 1032 2461 τὸν
1055 2400 1289 2477 πόλεμον
1316 2400 1570 2480 ἐγκρατὴς
1593 2401 1806 2476 ἔγόνετο.

687 2629 757 2695 (1)
782 2629 912 2680 Fuso
936 2627 1000 2679 de
1031 2627 1114 2680 his
1149 2626 1374 2694 exposuit
1401 2626 1676 2681 Her-cherua
1702 2627 1736 2680 l.
1775 2628 1808 2679 l.
1839 2641 1886 2694 p.
1915 2634 2008 2690 ιο,
2051 2627 2183 2682 unde

620 2699 731 2752 haec
758 2711 1000 2764 apponere
1023 2697 1171 2750 liceat
1205 2719 1219 2749 ι
1259 2719 1283 2742 ιι
1307 2699 1656 2750 parallelorum
1685 2699 1883 2766 vulgata
1912 2698 2184 2751 insolentias

621 2769 830 2822 debetur
869 2767 1072 2830 librarii,
1105 2769 1192 2832 qui
1221 2768 1491 2820 orationem
1534 2768 1784 2820 Plutarchi
1826 2769 1890 2821 ad
1924 2769 2182 2821 arbitrium

620 2854 772 2893 snum
813 2837 1118 2890 confirmare
1155 2851 1310 2902 qnam
1359 2839 1584 2890 accurate
1621 2839 1944 2892 hansa-ibere
1985 2839 2180 2892 maluit.

617 2914 717 2964 Pro
749 2907 994 2975 apparatis
1021 2909 1154 2960 enim
1177 2909 1432 2960 vocabulis
1469 2909 1740 2974 supinum
1777 2910 1942 2963 minus
1969 2913 2184 2977 quauta

621 2994 680 3032 ac
701 2991 842 3046 punc
867 2992 926 3030 es
943 2978 1092 3030 trivio
1117 2983 1312 3046 arrepta
1340 2979 1613 3044 nubantuit,
1639 2995 1738 3032 non
1761 2995 1945 3046 paucas
1955 2980 2185 3034 historio-

617 3051 694 3103 las
717 3048 954 3101 contraxit
969 3087 983 3111 ,
1009 3049 1268 3100 nonnullas
1296 3049 1462 3110 etiam,
1497 3049 1604 3102 sive
1635 3049 1772 3114 quod
1815 3051 1970 3102 terme
2003 3049 2180 3104 iisdem

621 3119 782 3172 verbis
805 3117 990 3184 quihus
1014 3119 1258 3184 parallelas
1283 3122 1496 3170 narrato
1527 3124 1707 3180 essent,
1736 3120 1840 3171 sive
1869 3119 2010 3184 quod
2032 3121 2084 3170 in
2118 3121 2180 3172 iis

620 3191 875 3244 materiam
898 3191 978 3241 vd
995 3190 1163 3253 pueris
1189 3189 1500 3242 decantumi
1515 3191 1714 3242 tractari
1737 3189 1944 3252 videret,
1981 3189 2180 3241 omnino

621 3265 684 3314 de
711 3261 873 3314 medio
897 3260 1113 3312 sustulit.
1135 3262 1300 3324 Atque
1323 3259 1600 3313 historiolae
1625 3260 1822 3326 quidem
1849 3260 1900 3311 in
1913 3263 2178 3326 angustum

623 3335 816 3386 coactas
847 3332 981 3396 larga
1007 3343 1158 3381 manu
1199 3330 1328 3382 infra
1367 3345 1636 3398 apponam3
1665 3343 2040 3396 suppresseram
2081 3329 2178 3382 tria

625 3405 815 3456 exstant
848 3401 1078 3466 exempla,
1115 3413 1231 3466 qnae
1271 3401 1372 3454 hoc
1407 3401 1516 3454 loco
1559 3401 1778 3467 proferro
1796 3399 1954 3463 Juvat.
1989 3403 2178 3452 Horum

623 3471 835 3538 primum
859 3470 1036 3536 legitur
1061 3483 1106 3521 ο.
1135 3475 1168 3523 9
1191 3489 1206 3521 2
1235 3473 1264 3522 ὁ
1290 3473 1394 3539 περὶ
1420 3477 1502 3523 τοῦ
1529 3472 1733 3538 Ἰκαρίου
1761 3473 1922 3534 μῦθος,
1947 3471 1990 3535 ᾧ
2015 3471 2180 3522 Διὸνυ·

621 3542 1000 3604 exsuffla·
1029 3540 1361 3606 Ἐρατοσθένης
1391 3545 1438 3594 ἐν
1457 3543 1694 3608 Ἠριγόνῃ.
1723 3541 1947 3594 muium
1993 3541 2178 3593 sabula

620 3618 776 3671 habes
792 3655 806 3679 ‚
843 3626 944 3664 nnn
976 3612 1134 3678 ipsam
1161 3612 1394 3665 fabulam.
1440 3614 1659 3666 Alterum
1698 3611 1972 3676 exemplum
2001 3611 2180 3678 legitur

622 3703 668 3740 ρ,
711 3691 767 3739 14
804 3700 821 3731 ι
847 3683 926 3734 Ἐν
961 3683 1124 3734 Αὐλίδι
1165 3689 1248 3744 τῆς
1283 3685 1516 3742 Βοιωτίας
1556 3684 1618 3734 τὰ
1651 3684 1754 3748 περὶ
1791 3685 1877 3741 τήν
1903 3683 2174 3745 Ἰφιγένειαν

625 3757 870 3821 ὁμοίως
895 3756 1076 3820 ἱστορεῖ
1107 3757 1340 3819 Μὲρυλλος
1368 3757 1416 3804 ἐν
1438 3756 1482 3804 α’
1507 3757 1824 3806 Βοιωτιακῶν.
1852 3755 1912 3804 In
1928 3751 2009 3804 his
2027 3753 2178 3804 verba

627 3832 676 3881 ἐν
691 3827 851 3880 Αὐλίδι
883 3833 966 3888 τῆς
987 3827 1215 3882 Βοιωτίας
1251 3825 1448 3877 initium
1485 3825 1666 3876 fabule
1685 3823 1838 3875 ruinae
1867 3823 1918 3874 ln
1946 3826 2176 3890 promptu

624 3902 724 3961 est,
772 3910 926 3962 quam
958 3909 1049 3948 cur
1077 3895 1350 3946 describere
1387 3895 1647 3962 neglexerit
1677 3893 1966 3960 epitomator
2005 3892 2177 3946 lectori

625 3969 832 4036 probare
859 3965 1027 4020 studet
1053 3964 1148 4016 hac
1173 3964 1341 4018 addita
1375 3967 1611 4019 seusana
1637 3985 1652 4017 ι
1682 3968 1742 4016 τὰ
1773 3966 1877 4030 περὶ
1911 3964 2178 4030 Ἰφιγένειαν

623 4039 867 4104 ὁμοίως
885 4041 1062 4100 ἱστορεῖ
1097 4039 1164 4087 ai.
1202 4039 1298 4088 etc.
1337 4035 1564 4089 Similiter
1574 4035 1895 4102 judicandum
1927 4033 1991 4086 de
2015 4035 2179 4088 verbis

621 4123 667 4161 c.
700 4117 760 4162 26
787 4121 804 4152 τ
839 4109 972 4172 Ἄρης
988 4107 1174 4170 uzecia
1196 4108 1394 4166 συνῆλθε
1415 4109 1495 4156 καὶ
1523 4109 1786 4170 Πολίαγρον
1805 4107 2083 4168 ἐποιήσατο,
2107 4109 2170 4163 ὥς

624 4179 874 4246 Εὐριπίδης
901 4177 950 4228 ἂν
969 4177 1238 4243 Μελεάγρῳ.
1255 4176 1447 4228 Accidit
1461 4181 1624 4228 tamea
1649 4177 1854 4242 popltia
1881 4177 2102 4236 tortum,
2122 4179 2180 4228 ut

617 4248 962 4316 parallelorum
994 4244 1390 4310 bomnpartem
1425 4246 1842 4312 abepitomatoris
1879 4245 2078 4298 libidine
2112 4246 2183 4298 in-

621 4321 865 4372 columen
893 4315 1304 4368 nanciscerentur.
1357 4317 1582 4370 Stobaeus
1621 4318 1752 4369 enim
1785 4317 2178 4383 quattuordecim

620 4386 898 4440 historiola
923 4398 1122 4452 grecas,
1143 4399 1270 4452 quas
1301 4387 1688 4452 praestantissimi
1713 4385 1897 4438 codicis
1931 4385 2030 4439 tide
2062 4401 2176 4452 pro·

621 4463 821 4524 pagata
838 4459 1106 4522 acceperat,
1125 4456 1380 4523 Florilegio
1407 4470 1502 4509 suo
1515 4459 1618 4509 tam
1632 4455 1886 4522 diligenter
1911 4455 2180 4523 descriptas

621 4528 842 4590 inseruit,
857 4530 916 4579 ut
939 4527 1142 4594 singulis
1161 4529 1264 4580 tere
1289 4527 1515 4580 versibus
1539 4527 1788 4580 Plutarchi
1819 4527 2009 4580 indoles
2023 4541 2086 4579 ac
2111 4529 2182 4580 di-

625 4597 768 4650 cendi
779 4597 1082 4650 consuetudo
1093 4597 1248 4663 possit
1264 4598 1478 4664 agnosci.
1495 4597 1676 4650 stabat
1701 4597 1752 4649 in
1765 4597 2082 4662 excerpendis
2097 4613 2180 4664 pa-

625 4667 806 4718 rallelis
831 4665 1107 4732 religionem
1134 4667 1355 4719 mnulati
1380 4670 1497 4719 sunt
1527 4669 1739 4718 Joannes
1765 4666 1935 4731 Lydus
1953 4671 2004 4720 et
2030 4667 2177 4720 scho-

625 4739 771 4790 liasta
795 4735 1034 4800 Aristidis,
1064 4750 1276 4803 qnorum
1307 4735 1390 4788 ille
1423 4736 1770 4788 Parallelorum
1799 4739 1952 4801 caput
1994 4741 2055 4790 35
2087 4739 2171 4802 (v.

628 4809 806 4874 fragm.
821 4807 1010 4860 Gascol.
1029 4820 1080 4874 p.
1108 4813 1350 4860 1133385
1365 4807 1443 4858 ed.
1464 4807 1648 4858 Beklter
1664 4808 1702 4869 )‚
1719 4804 1802 4858 hic
1826 4806 2003 4871 cepitis
2030 4807 2176 4873 primi

621 4877 926 4932 historiolam
957 4891 1164 4944 gruem
1185 4877 1487 4942 transcripsit
1513 4879 1594 4943 (v.
1637 4879 1782 4930 Arist.
1813 4881 1936 4943 Opp.
1969 4881 2092 4930 tom.
2123 4884 2172 4942 3,

619 4963 672 5068 g.
708 4953 800 5002 12⁶
823 4947 904 5000 ed.
930 4947 1116 5011 Dinds„
1153 4949 1262 5000 coll.
1301 4949 1434 5082 διρὶέ.
1464 4949 2176 5080 ξῧτὶζίεέἐῶῧὲἓεὲωὲωοξ

619 5087 934 5140 inunicarnnt
957 5089 1152 5154 qualem
1163 5103 1218 5140 re
1230 5101 1348 5141 vera
1364 5101 1396 5140 a
1414 5087 1758 5140 Paranelormn
1774 5089 2010 5153 scriptore
2031 5089 2172 5140 emis·

619 5174 726 5212 sam
748 5157 973 5211 arbitror.
1018 5159 1223 5225 Reliqua
1245 5159 1612 5211 duumvirorum
1645 5163 1870 5226 escen-ma
1896 5173 1927 5210 a
1954 5157 2170 5211 Stohoea-

617 5231 696 5283 uis
721 5228 842 5280 nihil
857 5229 1112 5282 differunt.
1148 5252 1170 5275 ι

2348 541 2650 606 Similiter
2670 540 2807 604 aliis
2840 541 2996 604 locis
3024 540 3457 622 compluribus
3478 541 3827 625 pleniorem

2266 629 2541 695 auctoris
2590 629 3009 693 narrationem
3071 637 3395 694 servarunt
3438 629 3723 694 Stobaeus
3767 638 3830 695 et

2265 719 2537 782 Joannes
2578 715 2807 798 Lydus.
2856 715 2997 780 Alia
3032 715 3303 800 denique
3351 717 3831 800 Pseudoplutar·

2265 806 2425 870 chea
2462 805 2675 868 nescio
2708 823 2788 868 an
2818 822 3077 886 prorsus
3103 803 3482 882 interierint,
3514 806 3830 888 siquidem

2269 911 2411 975 quae
2432 891 2599 974 apud
2628 891 3011 956 Clementem
3041 891 3333 972 leguntur
3357 892 3424 956 in
3444 895 3831 979 Protreptico

2266 1001 2331 1064 p.
2358 985 2455 1057 12,
2488 985 2565 1046 16
2593 1000 2609 1043 :
2634 983 2880 1050 Φωκαεῖς
2906 979 2962 1041 &i
2996 983 3271 1054 Πυθοκλῆς
3294 984 3349 1043 ἓν
3376 981 3425 1062 γ’
3449 983 3572 1064 περὶ
3592 983 3835 1061 ὁμονοίας

2267 1075 2337 1153 τῇ
2362 1069 2695 1152 Ταυροπόλῳ
2728 1069 2779 1131 Ἀ
2788 1067 2997 1146 ρτέμιδι
3028 1067 3301 1150 ἄνθρωπον
3342 1071 3582 1131 ὁλοκαεῖν
3610 1073 3832 1154 ἱστορεῖ,

2269 1163 2333 1222 et
2359 1158 2423 1220 in
2464 1159 2691 1222 Strom.
2719 1160 2781 1238 1,
2815 1161 2919 1238 21,
2939 1176 3003 1240 p.
3052 1161 3193 1236 144,
3226 1161 3351 1220 243
3384 1157 3648 1238 Δωρόθεος
3676 1164 3730 1220 ἒν
3757 1163 3834 1241 τῷ

2268 1246 2466 1330 πρώτῳ
2490 1245 2775 1327 Πανδίκτῃ
2790 1245 3042 1316 ἀλκυόνος
3068 1245 3159 1306 καὶ
3176 1245 3411 1324 κορώνης
3432 1247 3727 1308 ἐπακοῦσαι
3744 1249 3832 1309 τὸν

2269 1335 2457 1416 Μόψον
2483 1336 2682 1417 ἱστορεῖ
2712 1353 2730 1397 t
2770 1353 2847 1398 ea
2888 1353 2963 1398 ex
3003 1334 3232 1400 eodem
3258 1334 3835 1416 Pseudoplutarcho

2271 1421 2464 1504 petita
2482 1439 2621 1486 esse
2660 1420 2964 1504 suspicor,
2994 1420 3155 1486 adeo
3174 1427 3246 1486 ut
3272 1419 3604 1504 Pythoclea
3630 1421 3737 1488 hic
3762 1443 3837 1488 ac

2237 1507 2245 1516 “
2269 1507 2619 1574 Dorotheus
2644 1508 2813 1574 haud
2846 1507 3075 1574 diversi
3100 1509 3225 1573 sint
3255 1509 3335 1574 ab
3358 1509 3435 1574 iis
3458 1530 3618 1595 quos
3646 1530 3837 1596 supra

2269 1619 2307 1664 e
2338 1599 2656 1662 Clemente
2684 1605 2751 1662 et
2774 1598 3113 1663 Plutarcho
3127 1599 3261 1680 jam
3284 1598 3631 1663 attulimus.

2346 1687 2637 1750 Ceterum
2676 1695 2911 1770 quanto
2942 1687 3157 1766 junior
3197 1686 3515 1750 Clemente
3563 1687 3839 1753 Pseudo-

2269 1773 2636 1856 plutarchus
2666 1773 2889 1849 fuerit,
2924 1775 3095 1839 haud
3123 1774 3344 1858 liquet.
3372 1777 3659 1840 Fortasse
3693 1779 3839 1840 Tra-

2259 1860 2393 1944 jani
2420 1862 2515 1926 vel
2542 1861 2836 1926 Hadriani
2857 1863 3245 1946 temporibus
3265 1910 3282 1940 ‚
3312 1863 3543 1946 quibus
3563 1865 3837 1929 Nicanor

2266 1953 2597 2033 cyrenaeus
2620 1951 3042 2029 Μιτωνομασίας
3056 1970 3199 2016 suas
3215 1952 3485 2034 scripsit,
3510 1953 3836 2034 assignan-

2269 2036 2421 2101 dum
2452 2055 2591 2101 esse
2638 2037 2930 2121 opinatur
2956 2039 3332 2104 Hercherus.
3366 2043 3497 2105 Nec
3524 2043 3725 2122 magis
3756 2042 3835 2106 de

2268 2126 2467 2208 patria
2496 2132 2756 2190 constat.
2800 2149 2829 2185 (ι
2862 2128 3049 2209 Cujus
3078 2128 3357 2209 regionis
3384 2131 3707 2212 popularis
3730 2148 3836 2194 eas

2268 2233 2463 2296 nugas
2512 2215 2969 2303 composuerit,
3012 2216 3453 2299 Bernhardyus
3496 2217 3713 2300 (Anal.
3770 2219 3837 2280 in

2267 2307 2489 2384 Geogr.
2542 2303 2695 2366 min.
2750 2322 2815 2384 p.
2847 2305 2961 2381 29)
3008 2304 3126 2385 ait,
3159 2323 3283 2368 non
3320 2313 3527 2370 tutum
3564 2313 3659 2370 est
3686 2307 3840 2370 divi-

2268 2409 2419 2455 nare
2434 2439 2451 2468 ‚
2482 2391 2603 2454 nisi
2625 2391 2767 2474 quis
2784 2409 2861 2454 ex
2884 2391 3068 2454 certis
3088 2392 3408 2474 scriptoris
3428 2393 3745 2458 vocabulis
3762 2413 3837 2460 ac

2271 2477 2721 2559 significatibus
2748 2479 2913 2541 ausit
2940 2479 3218 2559 cogitare
3235 2526 3253 2559 ,
3287 2486 3359 2543 ut
3388 2489 3501 2550 ταῖς
3547 2483 3837 2562 βασιλείαις

2271 2569 2397 2646 (De
2454 2569 2594 2629 fluv.
2642 2569 2751 2642 20,
2795 2567 2877 2648 4)
2904 2584 3079 2631 more
3136 2568 3361 2649 lapidis
3400 2570 3717 2634 Rosettani
3755 2571 3835 2635 de

2273 2653 2645 2719 diadematis
2694 2673 2913 2736 regum
2963 2655 3402 2722 Asiaticorum.
3450 2680 3481 2718 a
3541 2660 3837 2724 Attamen

2273 2762 2469 2827 quum
2497 2761 2716 2808 vocem
2756 2745 2937 2808 istam
2966 2745 3191 2810 eodem
3216 2765 3407 2812 sensu
3434 2753 3498 2811 et
3524 2746 3837 2813 Diodorus

2272 2835 2333 2908 1,
2363 2835 2441 2893 47
2472 2837 2537 2894 et
2556 2830 2926 2896 Plutarchus
2948 2831 3106 2896 Mor.
3136 2852 3199 2914 p.
3226 2837 3379 2912 358,
3400 2837 3451 2897 D
3474 2841 3539 2898 et
3559 2837 3838 2919 Porphy-

2272 2919 2404 2982 rius
2446 2918 2619 3001 apud
2666 2918 2890 2983 Euseb.
2945 2921 3045 2983 Pr.
3110 2923 3216 2986 Ev.
3267 2926 3328 2998 3,
3379 2927 3459 2987 12
3492 2933 3829 3006 usurpent,

2269 3006 2479 3090 ipsum
2504 3009 2799 3070 Nostrum
2817 3006 3305 3073 Alexandrinum
3329 3010 3519 3076 fuisse
3538 3011 3836 3094 colligere

2270 3093 2416 3156 inde
2440 3093 2539 3157 vix
2567 3095 2734 3158 licet.
2759 3095 3046 3160 Eundem
3072 3096 3137 3161 in
3164 3097 3342 3162 Italia
3369 3107 3830 3165 commoratum

2269 3178 2461 3242 fuisse
2520 3179 2839 3244 Parallelis
2894 3182 3045 3246 min.
3118 3182 3424 3248 declarari
3480 3187 3835 3254 Hercherus

2269 3272 2511 3344 censet,
2541 3267 2755 3330 nescio
2791 3287 2915 3350 quo
2945 3278 3153 3352 pacto.
3186 3272 3258 3334 In
3298 3272 3622 3337 Parallelis
3663 3277 3833 3339 enim

2269 3363 2489 3419 auctor
2514 3356 2639 3418 boc
2680 3357 2949 3420 maxime
2978 3357 3110 3438 agit
3146 3365 3215 3422 ut
3251 3359 3575 3424 veritatem
3612 3381 3834 3429 eorum

2267 3462 2411 3526 quse
2438 3443 2506 3507 in
2536 3445 2747 3527 prisca
2776 3447 3139 3510 Graecorum
3166 3446 3431 3513 historia
3458 3450 3669 3516 minus
3702 3472 3839 3520 cre·

2268 3531 2485 3596 dibilia
2530 3531 2691 3596 tradi
2730 3531 3079 3614 videantur,
3137 3536 3509 3619 comprobet
3546 3543 3834 3622 gemellis

2269 3621 2733 3684 narrationibus
2770 3639 2807 3684 e
2852 3621 3040 3686 rebus
3078 3623 3505 3691 Romanorum
3536 3634 3834 3714 tempori·

2267 3710 2509 3793 busque
2534 3710 2815 3775 historiae
2856 3710 2995 3774 luce
3040 3712 3227 3776 claris
3257 3713 3667 3801 depromptis.
3719 3725 3831 3787 Has

2266 3817 2413 3862 vero
2458 3816 2656 3883 quum
2696 3796 3088 3882 ineptissima
3118 3801 3243 3864 sint
3268 3805 3631 3884 mendacia,
3676 3829 3835 3893 quo-

2267 3903 2408 3948 rum
2436 3893 2627 3950 testes
2663 3885 2875 3949 laudat
2902 3905 3143 3969 graecos
3170 3889 3433 3955 Italicon
3458 3895 3828 3978 scriptores,

2265 3975 2365 4037 vix
2387 3975 2702 4058 quispiam
2740 3975 2886 4040 talia
2910 3977 3126 4042 Romae
3155 3979 3385 4063 scripta
3425 3989 3490 4046 et
3518 3985 3584 4048 in
3618 3986 3828 4052 lucem

2267 4060 2436 4124 edita
2463 4080 2599 4126 esse
2646 4062 2769 4126 sibi
2817 4066 3227 4144 persuaserit,
3274 4072 3387 4130 sed
3428 4090 3555 4153 quo
3584 4073 3833 4157 longius

2268 4149 2440 4228 regio
2464 4149 2672 4233 aliqua
2698 4151 2779 4214 ab
2808 4152 2981 4217 ltalia
3005 4153 3222 4218 dissita
3244 4155 3464 4235 fuerit,
3494 4166 3669 4225 tanto
3691 4183 3835 4245 pro-

2269 4235 2540 4300 babilius
2586 4237 2677 4300 ibi
2706 4241 3003 4304 Nostrum
3032 4242 3354 4325 scripsisse
3378 4263 3451 4309 ac
3486 4247 3701 4312 fallere
3736 4251 3829 4314 le-

2270 4331 2473 4390 ctores
2502 4326 2779 4407 potuisse
2809 4331 3174 4394 credideris.
3210 4332 3372 4408 Quid
3418 4335 3643 4416 probet
3677 4354 3824 4402 eum

2270 4416 2481 4478 Romae
2510 4433 2787 4499 unquam
2817 4417 3061 4499 degisse
3102 4420 3329 4483 frustra
3356 4419 3822 4504 circumspicio.

2348 4504 2417 4566 In
2446 4503 2643 4568 altero
2662 4504 2875 4569 libello
2899 4513 3115 4569 auctor
3136 4507 3464 4571 fluviorum
3490 4513 3833 4577 montium-

2267 4610 2392 4674 que
2414 4593 2613 4654 ssuviis
2639 4594 3135 4677 propinquorum
3158 4596 3415 4659 nomina
3442 4605 3578 4664 tum
3620 4602 3828 4685 prisca

2265 4686 2403 4742 tum
2422 4679 2791 4758 recentiora,
2810 4698 3151 4764 eorumque
3174 4683 3506 4750 nominum
3523 4689 3821 4771 origines»,

2266 4764 2497 4830 deinde
2524 4784 2667 4831 vero
2694 4767 2931 4849 plantas
2956 4776 3019 4833 et
3044 4770 3285 4854 lapides
3312 4773 3382 4837 in
3420 4775 3681 4860 singulis
3714 4779 3827 4842 ssu-

2263 4855 2380 4918 viis
2442 4855 2832 4920 montibusve
2888 4857 3105 4924 obvios
3158 4869 3345 4944 atque
3398 4866 3557 4931 vires
3601 4886 3824 4931 eorum

2266 4945 2585 5008 mirabiles
2627 4953 2925 5011 recenset.
2974 4951 3153 5025 Quod
3199 4954 3453 5036 antiqua
3494 4957 3821 5021 fluviorum

2263 5035 2517 5098 nomina
2545 5035 2797 5114 attinet,
2839 5036 3093 5102 aliunde
3134 5042 3425 5108 novimus
3476 5062 3619 5125 quse
3663 5064 3719 5109 c.
3782 5050 3822 5110 8

2263 5125 2342 5186 de
2368 5125 2583 5188 Eueno
2610 5123 2761 5187 olim
2786 5128 3089 5208 Lycorma
3114 5137 3180 5193 et
3202 5149 3259 5197 c.
3290 5138 3371 5202 20
3395 5130 3473 5196 de
3502 5133 3642 5198 Nilo
3668 5133 3821 5198 olim

2257 5215 2527 5294 AEgypto
2547 5219 2610 5276 et
2628 5213 2869 5278 Melane
2900 5215 3065 5279 dicto
3097 5216 3439 5304 leguntun
3462 5222 3690 5306 quibus
3716 5221 3827 5285 ad·
