4584 6284
848 492 962 543 526

2172 476 2450 538 '10¹1an
2494 477 2720 539 ORBIS

768 630 815 687 Α
917 614 1004 671 58.
1066 614 1195 668 Post
1233 613 1559 668 Pannoniam
1619 598 1909 665 Galliarum
1949 609 2237 681 provincia,
2278 626 2398 681 quae
2441 678 2446 689 Ι

2551 615 2638 665 60.
2666 608 2871 663 Deinde
2895 620 3110 683 gyrante
3138 612 3334 666 circulo
3367 630 3398 665 a
3427 612 3664 684 partibus
3696 617 3862 671 austri
3887 618 4031 672 inve·

840 704 1065 757 maxima
1090 712 1169 755 oet
1184 710 1239 754 et
1254 711 1470 772 propter
1488 701 1885 771 imperatorem,
1906 714 2013 767 quo
2036 714 2239 769 semper
2259 708 2392 768 eget,
2439 734 2446 745 .
2481 696 2591 749 nies
2613 696 2946 751 Mauritania
2967 707 3193 764 terram,
3220 699 3275 751 in
3301 715 3406 769 qua
3433 716 3560 769 gens
3579 699 3835 756 inhabitat
3862 702 4032 758 homi·

840 793 893 845 in
914 788 1251 845 multitudine
1277 788 1525 842 omnibus
1563 786 1717 840 bonis
1756 784 2021 851 abundat,
2052 784 2143 839 sed
2179 785 2444 880 plurimi
2479 800 2608 836 uum
2630 782 2976 837 barbarorum
3023 784 3182 838 vitam
3222 796 3274 839 et
3313 803 3485 839 mores
3529 785 3669 841 seros
3702 788 4028 847 habentium.

838 879 1017 951 pretii·
1046 876 1198 948 cujus
1227 876 1457 929 maxima
1484 875 1664 929 civitas
1697 874 1931 927 Triberis
1956 871 2168 941 dicitur,
2206 874 2264 926 in
2287 890 2443 952 qua
2437 856 2606 923 Haec
2627 868 2902 941 provincia
2927 870 2982 923 in
3005 871 3235 925 vatibus
3259 874 3553 941 negotiatur
3577 884 3630 927 et
3647 875 3702 929 in
3733 878 4030 949 mancipiis;

838 964 1083 1017 dominus
1133 962 1301 1033 gentis
1349 959 1631 1025 inhabitat3
1682 970 1761 1013 est
1805 960 1945 1012 enim
1993 956 2388 1014 mediterranea.
2435 955 2742 1057 f'rumento
2759 956 2928 1010 multo
2952 954 3207 1013 abundat.
3246 959 3418 1013 Habet
3455 970 3508 1013 et
3537 962 3800 1015 civitatem
3835 962 4030 1018 bonam

838 1049 1009 1103 Habet
1038 1048 1254 1103 alteram
1287 1046 1439 1119 J'uxta
1462 1063 1605 1099 mare
1638 1046 1803 1117 priori
1840 1044 2059 1098 similem
2085 1044 2384 1109 civitatem,

835 1153 994 1207 quam
1041 1134 1253 1190 Arelata
1295 1143 1512 1197 vocant,
1550 1149 1667 1204 quae
1702 1132 1958 1203 accipiens
2002 1131 2176 1185 omnia
2202 1124 2441 1185 mundi

838 1223 1043 1293 negotia
1085 1240 1243 1294 supra
1290 1220 1445 1275 dictae
1485 1220 1681 1273 civitati
1725 1219 1933 1274 emittit.
1989 1219 2173 1272 Omnis
2209 1228 2388 1272 autem

835 1310 980 1380 regio
1007 1310 1147 1363 viros
1174 1307 1335 1361 habet
1360 1305 1559 1361 fortes'
1544 1323 1599 1359 ιιι
1626 1304 1812 1377 proelio
1838 1314 1893 1358 et
1918 1303 2115 1358 nobiles
2148 1306 2203 1357 in
2238 1304 2386 1359 omni

836 1394 1191 1465 negotio.11is
1212 1390 1414 1463 adjaeet
1438 1408 1563 1463 gens
1586 1390 1747 1445 multa
1772 1389 2082 1445 Gothorum.

909 1480 997 1550 59.
1054 1482 1181 1534 Post
1233 1477 1427 1532 Gallias
1470 1477 1735 1550 Hispania,
1772 1486 1909 1531 terra
1954 1476 2092 1539 lata,
2140 1475 2287 1531 dives
2335 1488 2388 1531 et

836 1566 1093 1631 maxima,
1136 1565 1261 1619 viris
1287 1564 1455 1618 doctis
1486 1574 1541 1617 et
1568 1563 1811 1618 omnibus
1848 1563 2000 1618 bonis
2022 1574 2229 1628 ornata,
2268 1582 2387 1636 quae

836 1652 1083 1709 omnibus
1105 1652 1328 1722 negotiis
1345 1650 1532 1723 pollet,
1562 1649 1732 1705 oleum
1752 1668 1876 1705 vero
1899 1650 2121 1705 multum
2146 1660 2201 1705 et
2218 1651 2386 1723 liqua-

836 1757 960 1793 men
981 1739 1212 1808 emittit,
1243 1748 1437 1791 vestem
1479 1754 1686 1809 quoque
1706 1738 1903 1791 variam
1934 1749 1987 1792 et
2004 1736 2241 1809 jumenta
2282 1738 2382 1792 lar-

838 1826 1073 1899 dumque
1090 1835 1144 1879 et
1164 1836 1428 1897 spartum;
1455 1824 1723 1879 abundans
1742 1844 1848 1880 non
1863 1825 2029 1880 solum
2048 1827 2224 1881 omnia
2244 1825 2385 1881 bona

838 1914 932 1969 sed
948 1926 1001 1968 ct
1021 1914 1281 1985 praeoipua
1300 1911 1621 1967 babet.1nde
1638 1930 1861 1967 oceanus
1878 1930 1987 1967 esse
2008 1912 2217 1979 dicitur,
2236 1911 2386 1985 cujus

838 2004 1012 2071 partes
1049 1996 1221 2052 nullus
1262 1998 1539 2051 hominum
1594 1998 1767 2069 potuit
1805 2015 2077 2064 enarrare;
2123 2008 2201 2051 est
2242 1999 2384 2052 enim

837 2084 1000 2138 eremi
1028 2082 1257 2138 solitudo
1281 2093 1352 2147 et,
1383 2084 1517 2137 sicut
1539 2080 1703 2154 ajunt,
1724 2083 1799 2138 ibi
1824 2094 1902 2137 est
1925 2082 2043 2137 finis
2064 2082 2269 2141 mundi.

766 2252 806 2311 Β
836 2247 1117 2311 maximas,
1147 2246 1397 2300 Sirmium
1424 2262 1634 2317 quoque
1658 2255 1712 2299 et
1736 2245 2017 2311 Noricum;
2044 2244 2187 2299 unde
2210 2256 2264 2299 et
2297 2264 2382 2300 ve·

838 2334 931 2387 stis
967 2333 1160 2387 Norica
1184 2334 1327 2387 exire
1352 2331 1563 2387 dicitur.
1606 2334 1731 2387 Haec
1755 2334 2022 2388 Pannonia
2048 2333 2217 2404 regio.
2248 2336 2382 2402 Quae

836 2419 1036 2491 adjacet
1075 2431 1217 2475 trans
1265 2421 1461 2473 flumen
1507 2422 1806 2474 Danuvium
1858 2438 1981 2491 gens
2032 2420 2380 2477 barbarorum

833 2509 1123 2562 Sarmatam
1146 2517 1241 2562 est.

904 2597 997 2650 58.
1049 2597 1173 2650 Post
1217 2594 1541 2649 Pannoniam
1587 2594 1872 2648 Galliarum
1915 2596 2213 2666 provincia3
2262 2612 2382 2667 quae

830 2698 951 2734 cum
980 2682 1206 2735 maxima
1234 2681 1303 2735 sit
1328 2690 1382 2735 et
1407 2680 1773 2753 imperatorem
1804 2698 2011 2753 semper
2038 2692 2213 2753 egeat,
2236 2681 2382 2736 hunc

830 2786 895 2821 ex
917 2785 973 2821 se
997 2767 1173 2822 habet.
1216 2766 1319 2822 Sed
1341 2778 1559 2840 propter
1584 2766 1795 2839 majoris
1820 2768 2175 2840 praeustam,
2202 2769 2381 2823 omnia

828 2854 885 2906 in
910 2852 1245 2908 multitudine
1266 2851 1525 2919 abundat,
1554 2851 1646 2906 sed
1670 2852 1888 2926 plurimi
1909 2854 2083 2925 pretii.
2103 2855 2382 2909 Civitatem

827 2950 1001 2994 autem
1028 2942 1309 2995 maximam
1332 2938 1515 2995 dicunt
1536 2940 1729 2995 habere
1746 2958 1867 3012 quae
1892 2950 2106 2995 vocatur
2127 2941 2380 3007 Triveris,

826 3026 919 3081 ubi
946 3037 1001 3081 et
1029 3026 1265 3081 habitare
1288 3025 1534 3081 dominus
1560 3025 1773 3092 dicitur,
1804 3037 1859 3080 et
1884 3036 1963 3081 est
1978 3024 2380 3081 mediterranea.

827 3114 1071 3169 Similiter
1092 3124 1269 3168 autem
1285 3113 1447 3168 habet
1470 3113 1681 3167 alteram
1704 3114 1965 3167 civitatem
1992 3114 2049 3166 in
2071 3114 2318 3168 omnibus
2335 3116 2384 3167 ei

827 3198 1161 3270 adjuvantem
1195 3216 1312 3270 quae
1337 3210 1417 3254 est
1438 3216 1595 3271 super
1620 3217 1793 3266 mare,
1825 3216 1983 3269 quam
2008 3196 2194 3251 dicunt
2210 3198 2385 3253 Arela-

830 3295 975 3350 tum,
1004 3302 1121 3356 quae
1140 3284 1209 3338 ab
1226 3285 1372 3337 omni
1396 3281 1599 3338 mundo
1616 3286 1825 3355 negotia
1846 3284 2103 3355 accipiens
2126 3282 2387 3355 praedictae

828 3370 1025 3424 civitati
1050 3370 1259 3424 emittit.
1284 3369 1472 3423 Omnis
1508 3381 1683 3424 autem
1706 3370 1851 3440 regio
1878 3370 2017 3423 viros
2044 3368 2202 3423 habet
2222 3368 2384 3423 fortes

830 3466 885 3510 et
926 3455 1157 3523 nobiles3
1193 3456 1250 3509 in
1278 3454 1413 3510 bello
1456 3456 1632 3526 itaque
1671 3454 1959 3527 plurimum
1994 3455 2287 3508 exercitum
2333 3464 2386 3507 et

834 3542 1025 3599 sortem
1047 3544 1321 3599 Gallorum
1347 3562 1459 3599 esse
1480 3542 1691 3611 dicunt3
1721 3554 1775 3598 et
1793 3554 1873 3598 est
1896 3544 1951 3597 in
1973 3543 2217 3599 omnibus
2254 3562 2380 3615 pro·

832 3634 1004 3687 vincia
1027 3631 1365 3691 admirabilis.
1396 3634 1466 3687 Et
1498 3631 1655 3687 habet
1677 3630 1999 3703 adjacentem
2037 3643 2242 3704 gentem
2266 3633 2387 3686 bar-

834 3719 1014 3773 baram
1042 3718 1365 3775 Gothorum.

912 3806 1001 3875 59.
1027 3803 1232 3859 Deinde
1250 3803 1317 3859 ad
1344 3804 1535 3859 Gallias
1558 3806 1765 3878 Spania,
1792 3816 1931 3859 terra
1956 3805 2056 3859 lata
2082 3816 2136 3859 et
2158 3806 2386 3859 maxima

834 3901 887 3945 et
920 3890 1065 3945 dives
1092 3892 1215 3945 viris
1254 3890 1453 3956 doctis,
1480 3892 1535 3945 in
1558 3892 1805 3945 omnibus
1830 3894 2091 3963 negotiis*
2107 3910 2379 3964 ,quorum

832 3998 897 4033 ex
918 3989 1065 4051 parte
1082 3977 1338 4035 dicemus.
1364 3978 1551 4033 Oleum
1578 3980 1719 4033 enim
1745 3990 1798 4032 et
1825 3979 2087 4051 liquamen
2110 3990 2162 4033 et
2186 3989 2378 4033 vestem

829 4165 952 4234 §58
980 4168 1047 4220 A.
1082 4163 1337 4237 Tnberis]
1385 4165 1621 4234 Tyberim
1656 4166 1781 4221 Cav.
1820 4166 1841 4235 ΙΙ
1885 4194 1956 4206 —-
1992 4167 2055 4219 In
2098 4166 2195 4218 B:
2244 4164 2372 4219 Gal

829 4244 957 4299 liam
992 4242 1323 4317 provinciam
1450 4254 1562 4313 eget
1610 4242 1797 4301 codex.
1839 4244 1861 4313 ΙΙ
1891 4273 1963 4284 -
2004 4242 2176 4315 habet]
2217 4243 2374 4297 leave!

827 4322 1099 4394 legendum
1135 4324 1337 4377 censuit
1371 4322 1725 4379 Gothosredus
1742 4363 1758 4389 ,
1788 4324 1880 4395 qui
1910 4322 2177 4377 annotavit
2212 4322 2326 4376 haec
2355 4339 2369 4376 ε

836 4427 859 4449 ι
898 4400 1093 4475 Nempe
1130 4401 1234 4456 hoc
1271 4402 1383 4455 vult
1418 4402 1587 4475 ipsum
1630 4400 1776 4473 qnod
1821 4404 2080 4475 Vopiscus
2108 4401 2164 4455 in
2194 4401 2374 4456 Satur-

829 4483 957 4535 nino
1004 4496 1019 4535 :
1064 4480 1283 4535 avidam
1326 4499 1432 4535 esse
1465 4492 1661 4550 gentem
1712 4481 1982 4538 Gallorum
2013 4480 2102 4534 vel
2132 4479 2375 4549 faciendi

816 4557 1088 4633 principis
1132 4559 1220 4613 vel
1258 4559 1481 4633 imperii.
1536 4558 1697 4631 Cujus
1743 4560 1844 4613 loci
1891 4576 2072 4613 sensus
2131 4558 2219 4613 hic
2263 4570 2370 4624 est,

827 4637 1005 4693 Gallos
1031 4637 1210 4692 avidos
1235 4656 1345 4692 esse
1366 4638 1447 4692 vel
1475 4636 1698 4692 faciendi
1734 4637 1943 4693 alterius
1971 4638 2092 4691 novi
2120 4636 2372 4709 principis

826 4714 909 4769 vel
952 4715 1157 4788 imperii
1200 4714 1406 4769 sibimet
1438 4715 1756 4773 vindicandi.
1802 4716 2113 4770 Ammianus
2158 4732 2374 4786 quoque

824 4794 918 4850 lib.
948 4795 1018 4851 30
1042 4795 1371 4859 Colias-tibus,
1399 4794 1600 4867 inquit,
1627 4794 1954 4858 Gallicanis,
1980 4812 2095 4867 quoe
2118 4812 2217 4847 non
2240 4812 2372 4847 sem·

812 4872 1121 4948 perdicam
1131 4874 1438 4948 principum
1447 4872 1598 4946 fidei,
1618 4874 1757 4928 velue
1770 4873 2097 4949 imperiorum
2109 4872 2370 4930 arbitrioe.

819 4953 1046 5010 Avidam
1064 4994 1081 5020 ,
1111 4957 1356 5027 inquam3
1386 4972 1545 5027 quare
1586 4966 1639 5010 et
1675 4954 1762 5009 bic
1794 4956 1865 5007 ita
1892 4952 2208 5023 legendum:
2237 4952 2374 5005 hunc

817 5052 885 5087 ex
906 5051 965 5087 se
982 5033 1172 5090 ·Ιιαυει.
1210 5035 1453 5088 Ceterum
1475 5034 1576 5088 hoc
1601 5033 1825 5088 auctoris
1841 5030 2099 5103 judicium
2121 5029 2188 5083 de
2204 5029 2374 5083 Gallia

815 5111 1185 5185 comprobavit
1203 5114 1375 5167 statim
1402 5113 1574 5185 paullo
1597 5123 1716 5185 post
1733 5122 1975 5176 ενειιιιιε,
2000 5128 2164 5182 quum
2194 5108 2373 5163 videli-

814 5202 896 5246 cet
920 5194 1289 5263 Magnentius,
1319 5193 1598 5247 Constante
1636 5209 1800 5257 caeso,
1826 5210 1911 5245 an.
1953 5191 2055 5245 350
2090 5190 2370 5262 imperium

2434 1030 2594 1116 {quae
2651 1044 2844 1099 dicitur
2893 1046 3146 1103 Caesarea.
3214 1048 3339 1101 Post
3377 1048 3746 1103 Mauritaniam
3798 1053 4035 1123 seqnitur

2474 1130 2723 1186 Numidia
2743 1131 2997 1187 fructibus
3019 1132 3292 1187 abundans
3313 1146 3364 1187 et
3383 1135 3484 1189 sibi
3513 1134 3794 1190 sufficiens.
3815 1138 4035 1209 Negotia

2433 1228 2651 1305 autem
2697 1218 2810 1272 haec
2859 1217 3018 1273 habet
3064 1220 3322 1274 variarum
3369 1222 3589 1275 vestium
3621 1233 3675 1275 et
3729 1223 4030 1279 animalium

2433 1306 2814 1376 ὀριὶιιιοιιιιιι.

2547 1396 2638 1447 61.
2677 1390 2762 1445 Ab
2787 1390 2888 1444 bac
2921 1392 3190 1463 provincia
3217 1392 3407 1447 Al'ricae
3433 1394 3580 1463 regio
3607 1392 3796 1449 dives
3779 1414 3836 1449 m
3860 1398 4030 1451 omni-

2477 1478 2576 1532 hus
2615 1478 2912 1546 invenitur,
2943 1479 3189 1534 omnibus
3219 1481 3356 1533 enim
3394 1480 3548 1535 bonis
3578 1494 3762 1537 ornata
3783 1493 3889 1549 est,
3921 1482 4032 1537 fru-

2472 1562 2646 1619 ctibus
2685 1580 2900 1635 quoque
2925 1573 2978 1618 ει
3019 1563 3301 1636 jumentis,
3348 1576 3400 1619 et
3446 1583 3595 1637 paene
3634 1568 3746 1639 ipsa
3786 1570 4031 1624 omnibus

2471 1651 2716 1722 gentibus
2737 1668 2894 1705 usum
2919 1650 3022 1705 olei
3062 1663 3304 1726 praestare
3341 1664 3534 1726 potest.
3580 1658 3714 1723 Quae
3762 1655 3952 1710 multas
3977 1667 4032 1710 et

2471 1736 2778 1791 differentes
2797 1736 3068 1809 possidens
3089 1739 3318 1793 civitates
3347 1758 3508 1793 unam
3529 1740 3689 1795 habet
3715 1742 4028 1814 praecipuam

2470 1833 2521 1877 et
2545 1821 2914 1878 admirabilem
2943 1821 3129 1891 valde,
3154 1842 3272 1896 quae
3299 1835 3518 1880 vocatur
3549 1825 3828 1897 Carthago,
3871 1846 4030 1899 quam

2470 1908 2710 1964 condidit
2747 1909 2938 1963 mulier
2975 1909 3136 1982 Tyria
3175 1911 3390 1964 nomine
3423 1909 3594 1979 Dido;
3642 1930 3760 1985 quae
3781 1930 3904 1967 cum
3941 1915 4030 1968 Li·

2472 1997 2626 2070 byam
2655 1997 2828 2061 venit,
2857 1995 3034 2051 lorum
3055 1998 3180 2052 emit
3201 2008 3458 2070 quantum
3486 1999 3692 2055 corium
3712 1998 4028 2055 bubulinum

2473 2086 2850 2140 circumtenere
2883 2088 3111 2159 potuit:
3146 2104 3294 2159 quae,
3323 2097 3385 2141 ut
3407 2088 3662 2159 Virgilius
3697 2090 3804 2156 ait,
3833 2108 4026 2161 cogno-

1180 2194 4019 2218 m*

2467 2247 2664 2301 variam
2703 2257 2758 2301 et
2781 2246 2990 2301 lardum
3035 2258 3090 2301 et
3109 2247 3345 2319 jumenta
3371 2251 3617 2315 mittens,
3650 2251 3798 2305 omni
3828 2252 4029 2306 mundo

2464 2332 2762 2398 sufficiens,
2801 2336 2981 2389 omnia
3005 2333 3143 2389 bona
3168 2333 3442 2407 possidens
3469 2346 3524 2390 et
3547 2337 3812 2409 praecipua
3832 2338 3886 2391 in
3913 2356 4030 2392 om

2465 2419 2624 2475 nibus
2665 2419 2851 2488 bonis,
2879 2421 3100 2494 insuper
3122 2432 3298 2475 autem
3323 2432 3378 2477 et
3411 2425 3576 2495 sparti
3606 2426 3854 2477 virtutem
3883 2428 4028 2479 omni

2463 2515 2616 2561 terrae
2641 2516 2908 2579 praestans,
2935 2509 3091 2580 [quoe]
3116 2506 3324 2562 videtur
3339 2506 3557 2581 quidem
3577 2512 3861 2564 necessaria
3885 2511 4024 2582 apud

2464 2591 2676 2659 multos,
2693 2592 2940 2665 quoniam
2955 2609 3114 2647 omne
3124 2595 3336 2649 navium
3349 2612 3514 2665 genus
3525 2594 3685 2649 salvat
3697 2605 3750 2649 et
3759 2613 3853 2667 per
3863 2597 4025 2668 ipsam

2463 2678 2848 2751 quamplurime
2881 2697 3040 2734 omne
3076 2680 3344 2751 negotium
3384 2681 3624 2746 videtur3
3657 2680 3800 2753 apud
3837 2682 4026 2737 multos

2463 2775 2638 2819 autem
2659 2763 2846 2819 debilis
2862 2783 2974 2819 esse
2998 2764 3224 2822 videtur.
3249 2764 3380 2820 Inde
3401 2784 3659 2820 oceanum
3681 2784 3790 2821 esse
3808 2766 4022 2833 dicitur,

2463 2863 2517 2907 et
2531 2852 2690 2925 hujus
2708 2863 2908 2925 partem
2931 2855 3094 2925 (quae)
3117 2871 3274 2907 nemo
3295 2854 3576 2907 hominum
3602 2872 3816 2908 narrare
3833 2865 4023 2925 potest.

2465 2938 2568 2993 Sed
2586 2938 2718 3011 quid
2739 2940 2811 2992 ibi
2837 2958 2948 2993 esse
2972 2940 3176 3011 potoet?
3194 2940 3286 2993 Est
3311 2940 3454 2993 enim
3477 2937 3774 3005 desertum,
3799 2950 3872 3004 et,
3892 2940 4026 2993 sicut

2466 3024 2641 3098 ajunt,
2677 3037 2756 3079 est
2772 3027 2845 3079 ibi
2866 3026 2988 3081 finis
3016 3026 3222 3081 mundi.

2541 3118 2632 3169 60.
2678 3110 2882 3165 Deinde
2925 3122 3195 3182 gyrantem
3241 3110 3308 3165 ad
3346 3113 3511 3166 austri
3552 3122 3746 3166 terram
3791 3114 4022 3167 invenies

2471 3208 2662 3252 terram
2689 3197 3078 3252 Mauritaniam.
3117 3197 3368 3250 Homines
3406 3196 3751 3251 barbarorum
3782 3199 3944 3251 vitam
3958 3200 4024 3251 et

2470 3302 2643 3339 mones
2667 3282 2978 3356 [habentes],
2985 3294 3175 3338 ,tamen
3202 3284 3449 3339 Romanis
3483 3283 3700 3339 subditi.
3729 3289 3862 3354 Quae
3891 3302 4017 3358 pro·

2471 3372 2640 3426 vincia
2667 3382 2862 3426 vestem
2899 3382 2952 3425 et
2978 3372 3234 3444 mancipia
3271 3372 3583 3443 negotiatur,
3621 3382 3674 3425 et
3697 3369 4020 3425 frumentum

2470 3460 2732 3525 abundat,
2757 3470 2810 3514 et
2835 3458 2994 3514 babet
3029 3460 3288 3513 civitatem
3327 3460 3636 3514 cusat-eam.
3673 3456 3880 3512 Deinde
3903 3468 4020 3530 post

2468 3548 2836 3603 Mauritaniam
2862 3546 3115 3602 Numidia
3145 3547 3414 3620 provincia
3447 3546 3710 3600 fructibus
3745 3543 4019 3599 abundans

2468 3645 2523 3690 et
2547 3636 2646 3690 sibi
2673 3632 2967 3701 sufficiens,
2999 3644 3054 3688 et
3073 3634 3277 3705 negotia
3314 3632 3472 3688 babet
3500 3642 3694 3687 vestem
3733 3631 3932 3685 variam
3970 3641 4022 3686 et

2469 3720 2711 3777 animalia
2731 3719 2946 3794 optima.

2541 3813 2629 3865 61.
2659 3807 2738 3862 Ab
2754 3806 2854 3861 bae
2872 3806 3139 3880 provincia
3159 3802 3348 3860 Afrieae
3365 3802 3711 3875 regiodives‘
3696 3823 3750 3858 ιιι
3766 3803 4014 3858 omnibus

2467 3896 2750 3960 invenitur·
2735 3892 3164 3947 ⁰0muibusbonis
3173 3902 3461 3955 ornataest‚
3477 3889 3734 3945 fructibus
3743 3901 4022 3963 quoqueet

2458 3981 2729 4053 jumentis,
2751 3990 2805 4034 et
2818 3997 2965 4051 paene
2975 3980 3085 4050 ipsa
3093 3976 3336 4033 omnibus
3345 3976 3587 4047 gentibus
3605 3993 3763 4030 usum
3774 3975 3874 4030 olei
3887 3994 4020 4048 prae·

2460 4163 2530 4216 cit
2565 4161 2942 4217 Gothofredus.
2978 4162 3000 4231 ΙΙ
3030 4190 3097 4202 -
3121 4172 3176 4214 ee
3187 4160 3366 4229 sortia
3391 4160 3664 4213 Gallorum
3697 4178 3801 4214 essi
3840 4159 4023 4214 dicus:

2463 4252 2554 4294 tue·
2575 4238 2696 4294 cod.
2734 4241 2755 4310 ss
2782 4268 2854 4279 —
2873 4237 3192 4310 adjacentem
3312 4234 3622 4307 Gothorum]
3647 4260 3673 4287 ι
3699 4239 4023 4310 Imperitiam

2460 4336 2608 4373 suam
2636 4318 2726 4373 hic
2741 4316 2921 4389 prodit
2938 4326 3124 4372 auctor
3147 4318 3240 4389 qui
3263 4316 3472 4371 Gothos
3504 4317 3684 4371 Galliae
3721 4318 3919 4370 vicinos
3945 4316 4022 4372 fa-

2460 4400 2550 4455 cit.
2583 4424 2607 4447 ·
2636 4400 2813 4453 Gora.

2531 4478 2650 4547 §59
2673 4478 2716 4531 B
2738 4493 2753 4529 ι
2774 4474 3025 4548 dicemus]
3049 4474 3275 4530 dicimus
3291 4474 3417 4529 cod.
3446 4474 3653 4529 Deinde
3696 4491 3711 4529 ε
3739 4474 4016 4548 quamplu-

2460 4556 2608 4611 rimae
2633 4574 2829 4610 omnem
2853 4554 3112 4623 negotium
3134 4553 3255 4608 cod.
3285 4554 3307 4625 ΙΙ
3333 4556 3454 4622 —S
3477 4556 3546 4609 60
3567 4557 3636 4608 A.
3665 4563 3718 4606 ee
3731 4552 3842 4607 sibi
3866 4552 4019 4623 suffi-

2459 4632 2600 4688 ciens
2615 4653 2726 4690 om.
2741 4635 2868 4690 Cav,
2879 4632 3249 4704 ss—variarum
3265 4632 3514 4703 inscium]
3535 4630 3701 4685 vestis
3714 4630 3880 4685 varice
3890 4632 4014 4685 Cav.

2467 4714 2602 4785 ss—S
2619 4718 2683 4769 61
2708 4718 2777 4769 A.
2804 4712 2873 4767 ab
2897 4711 3016 4786 leae]
3039 4712 3110 4767 ab
3135 4712 3270 4766 Ιιαιιο
3284 4712 3435 4777 Cav„
3453 4710 3524 4765 ab
3541 4710 3676 4765 hanc
3686 4709 4017 4783 provinciam

2459 4794 2522 4851 B.
2555 4794 2579 4865 ΙΙ
2605 4792 2950 4867 ·-3ροειαιιι]
3001 4801 3300 4865 exspectant
3330 4788 3492 4844 codd.
3534 4790 3590 4843 in
3619 4792 3668 4843 A
3701 4800 3757 4843 et
3793 4791 3858 4843 Β.
3891 4788 3913 4859 ss
3944 4818 4018 4831 ·-

2459 4876 2522 4928 Ιιι
2545 4875 2589 4928 Β
2617 4890 2632 4928 :
2664 4873 2830 4927 locum
2841 4890 2946 4945 pro
2968 4871 3090 4925 lacu
3109 4868 3382 4944 possidens
3397 4869 3522 4941 etc.]
3545 4868 3808 4939 Ambigua
3823 4868 4012 4924 borum

2460 4952 2840 5024 interpretatio.
2872 4974 2896 4997 α
2916 4952 3030 5021 Ego
3054 4948 3217 5019 legam
3229 4948 3624 5017 formositatem
3651 4947 3755 5002 Ioci
3774 4966 3875 5020 pm
3902 4947 4014 5001 luco

2457 5029 2732 5104 possidens
2761 5030 2916 5084 habet
2935 5028 3134 5083 olivum
3151 5066 3168 5094 ,
3198 5026 3382 5090 κάλλος
3403 5025 3458 5081 δὲ
3474 5026 3626 5081 τόπου
3651 5024 3904 5088 ἀλσώὸους
3933 5044 4013 5078 κε-

2460 5110 2698 5182 κτημένη,
2741 5108 2852 5181 ἔχει
2872 5107 3062 5165 ἔλαιον.
3094 5110 3358 5179 Interpres
3383 5106 3593 5179 ineptus
3631 5104 3829 5173 amar,
3857 5114 4013 5159 vertit

2455 5209 2556 5263 pro
2582 5190 2698 5244 luco
2713 5231 2728 5254 ,
2755 5188 2901 5261 quasi
2939 5186 3060 5242 luco
3095 5186 3441 5252 destinatum,
3475 5204 3600 5240 cum
3630 5186 3700 5240 sit
3731 5183 3874 5257 quod
3895 5202 4011 5257 spe-

814 5273 869 5325 in
896 5271 1065 5327 Gallia
1090 5272 1191 5326 sibi
1220 5271 1521 5327 vindicavit.
1553 5297 1575 5319 ι
1608 5273 1630 5343 n
1653 5302 1724 5314 —
1751 5269 1985 5341 mayor-is]
2009 5269 2169 5323 maris
2196 5268 2374 5341 conje-
2459 5271 2594 5324 ciem
2612 5268 2715 5324 luci
2729 5267 3048 5341 praesert.De
3063 5266 3166 5320 hoc
3179 5266 3386 5321 interim
3403 5264 3787 5336 lueoVirgilius
3799 5280 4011 5335 quoque
