4584 6284
584 572 696 625 188

733 694 854 753 ἔνθα
882 718 938 754 τε
959 694 1284 755 ναιετάουσιν
1312 693 1532 761 Ἰωνίδος
1555 692 1756 771 ἔκγονοι
1779 692 1913 765 αἴης.

815 772 937 835 Αἵδε
965 772 1060 851 μὲν
1087 773 1431 853 ἀνθρώποισιν
1461 772 1710 851 ἀγακλίες
1735 774 1808 833 εἶν
1831 772 1919 831 ἁλὶ
1946 777 2120 847 νῆσοι·

629 884 710 923 sas
739 862 902 921 ἄλλαι
928 862 972 921 δ’
999 860 1284 921 Ὠκεανοῖο
1306 860 1452 941 παρὰ
1475 860 1590 943 ῥόον
1613 860 2024 943 ἐστεφάνωνται·

732 949 874 1009 τάων
903 950 948 1009 δ’
974 948 1039 1009 ἢν
1060 948 1356 1029 περίσημον
1383 948 1487 1025 ἐγὼ
1511 948 1650 1009 Θόσιν
1676 948 1990 1028 ἐξενίποιμι,

733 1037 1028 1118 ὃπποτέρου
1048 1038 1096 1097 τ’
1121 1036 1333 1114 ἀνέμοιο
1355 1033 1501 1115 παρὰ
1528 1036 1717 1117 σφυρόν
1747 1040 1884 1097 ἔστιν
1903 1038 2120 1109 ἑκάστη.

734 1123 894 1187 Ἤτοι
921 1125 1016 1203 μὲν
1041 1123 1246 1185 ναίουσι
1273 1126 1548 1205 βοοτρόφον
1577 1124 1706 1207 ἀμφ’
1735 1124 2006 1204 Ἐρύθειαν

2038 560 2381 620 DlONYSlI

2205 715 2334 770 quas
2362 697 2600 753 habitant
2624 698 2809 754 lonicae
2829 700 3058 772 regionis
3078 698 3291 759 alumni.

2273 788 2343 841 Hi
2369 797 2491 841 sunt
2514 788 2674 857 igitur
2692 789 2848 843 maris
2878 789 3059 843 insulae
3077 789 3217 863 apud
3244 790 3483 845 homines
3498 788 3724 846 celebres
3734 810 3757 857 ς

2204 872 2316 927 aliae
2336 884 2511 927 autem
2531 874 2711 927 oceani
2729 874 2939 929 fluentis
2962 886 3087 930 sunt
3104 874 3445 946 circumjecta:
3460 916 3475 940 ,

2205 976 2430 1030 quarum
2451 977 2549 1030 ego
2571 962 2729 1015 situm
2751 962 3026 1035 perspicue
3050 961 3347 1023 declarabo.

2206 1054 2258 1098 et
2285 1045 2455 1098 utrius
2476 1046 2619 1099 venti
2639 1044 2707 1101 ad
2730 1046 2889 1119 pedes
2914 1066 3134 1120 quaeque
3154 1048 3426 1119 pertineat.

2206 1134 2238 1183 J
2238 1148 2322 1184 am
2342 1133 2481 1187 circa
2504 1133 2773 1205 Erythiam
2792 1174 2807 1199 ,
2829 1134 2991 1189 boum
3016 1139 3273 1192 nutricem
3286 1176 3301 1203 ,

574 1292 652 1359 (at
667 1308 831 1362 mgoe
849 1289 951 1360 ἔπι)
965 1312 980 1355 ;
996 1290 1273 1361 Φεναγώρη
1294 1296 1346 1359 C,
1363 1288 1600 1352 εὕκτιστος
1615 1290 1816 1362 Nbeoq3
1835 1288 2128 1361 Ἑρμὺνασα
2215 1296 2385 1350 almis
2417 1297 2471 1351 in
2504 1298 2672 1357 lacum
2716 1303 3141 1357 Corocondamam
3178 1315 3231 1358 et
3253 1304 3309 1359 in
3330 1324 3469 1359 mare
3496 1309 3765 1379 profluens

579 1373 692 1425 CH.
721 1370 742 1439 ΙΙ
764 1369 889 1425 553.
911 1368 1029 1422 ἔνθα
1051 1368 1104 1423 δὲ
1130 1373 1205 1433 0,·
1234 1368 1376 1438 talne
1397 1372 1446 1423 Y
1442 1409 1457 1426 ·
1481 1370 1560 1422 De
1585 1385 1643 1421 ΓΘ
1661 1368 2026 1442 ΒΘΓΠῆΕΓᾶΥῢ-*ὓ
2052 1370 2124 1424 3¹²
2215 1383 2459 1455 Hypanis
2480 1382 2704 1437 insulam
2723 1380 2915 1438 reddit.
2936 1382 3177 1437 Codices:
3195 1387 3263 1437 In
3282 1383 3451 1438 lacum
3472 1397 3523 1439 et
3548 1386 3603 1439 in
3622 1406 3769 1441 mare

575 1448 735 1503 habet
749 1465 762 1502 :
775 1473 799 1495 ·
821 1447 1099 1503 Tauricam
1113 1448 1654 1519 Chersonesum,quam
1663 1446 1957 1502 Eustathius
1967 1450 2129 1504 inter·
2209 1463 2471 1533 profluens
2514 1458 2937 1515 cbmoondamam
2984 1461 3146 1534 (mia
3183 1462 3337 1518 lectio
3383 1480 3399 1517 ς
3446 1466 3735 1519 Come-ouda
3747 1506 3764 1533 ‚

575 1528 870 1599 pretatione
896 1525 1036 1581 haud
1055 1544 1272 1599 operosa
1288 1526 1611 1598 composuit,
1637 1524 1822 1579 Hillius
1841 1529 2046 1598 negavit
2060 1526 2128 1582 ad
2219 1539 2557 1594 amb-ondam
2573 1579 2588 1606 ,
2654 1538 3037 1612 eorumdum)
3085 1558 3237 1613 μω
3303 1540 3526 1598 insulam
3568 1543 3764 1600 reddit,

577 1605 715 1660 hanc
755 1604 1046 1659 orationem
1089 1602 1348 1675 quadrare
1363 1642 1379 1669 ‚
1425 1604 1670 1675 quoniam
1709 1612 1764 1657 et
1810 1604 1865 1657 in
1921 1606 2130 1659 sinistro
2213 1619 2479 1673 Nimirum
2504 1638 2671 1691 quum
2714 1618 2953 1691 Hypanis
2998 1618 3222 1673 insulam
3265 1620 3321 1673 in
3354 1638 3503 1693 μεμε
3542 1620 3769 1676 mulam

579 1681 836 1737 Maeotidis
861 1681 1020 1735 latere
1040 1690 1094 1735 et
1111 1681 1168 1735 iu
1196 1679 1411 1733 adversa
1427 1682 1722 1734 Taurorum
1739 1692 1886 1753 parte
1903 1683 2130 1737 civitates

579 1779 710 1834 quas
743 1769 899 1833 poeta
931 1758 1058 1813 dicit
1093 1759 1366 1813 floruerint
1381 1778 1396 1825 3
1426 1758 1567 1812 unde
1599 1759 1921 1831 peninsulam
1959 1761 2131 1833 potius

579 1839 860 1910 signifioeri
884 1837 1086 1907 collegit
1106 1836 1176 1890 ad
1197 1836 1440 1891 dextrum
1462 1838 1678 1909 Bospori
1705 1855 1766 1891 ac
1790 1836 1990 1909 paludis
2013 1856 2133 1911 por·

579 1928 800 1973 rectam.
831 1916 986 1971 Tanti
1018 1915 1211 1970 scilicet
1234 1916 1436 1988 optimo
1459 1916 1572 1969 viro
1607 1915 1707 1969 fuit
1733 1933 1944 1988 sapere,
1975 1934 2131 1988 quem

580 2008 696 2052 tum
739 1995 900 2049 verba
923 1993 1070 2049 Mela!
1096 1993 1341 2065 ambigua
1378 2011 1427 2057 ι,
1475 2012 1560 2065 19,
1603 1993 1664 2047 15
1695 1992 1974 2049 fefellerant
2011 2013 2131 2049 cum

577 2080 651 2131 Is.
685 2076 880 2129 Vossio
894 2114 910 2141 ,
936 2085 1049 2127 tum
1073 2091 1193 2127 vere
1223 2091 1411 2145 parum
1441 2083 1680 2146 percepta
1717 2072 1850 2127 ratio
1881 2076 2134 2129 sermonis

580 2159 636 2211 in
665 2172 900 2210 errorem
940 2151 1177 2207 abduxit.
1222 2153 1356 2206 Nam
1401 2152 1563 2206 ἔνδοθι
1604 2152 1692 2207 hic
1715 2169 1924 2225 quoque
1949 2150 2042 2221 (cf.
2076 2170 2129 2206 ν.

583 2236 724 2306 508)
780 2233 1157 2287 extremitatem
1211 2249 1326 2285 eam
1380 2231 1662 2304 peninsula·
1716 2229 1968 2298 declarat,
2018 2249 2135 2303 quoe

579 2312 884 2371 Maeotidem
919 2322 1166 2383 tanquam
1195 2312 1250 2365 in
1277 2311 1450 2382 anguli
1483 2311 1597 2365 loce
1623 2309 1899 2383 subjuncta
1923 2309 2134 2365 conclu-

580 2394 675 2450 dat
703 2410 718 2449 τ
761 2394 861 2448 nisi
905 2390 1037 2446 sorte
1077 2392 1354 2447 Tauricam
1386 2393 1442 2445 in
1479 2390 1648 2445 media
1679 2389 1866 2464 palude
1907 2392 2136 2464 potuisse

580 2474 823 2532 collocari
849 2471 1097 2527 censebis.
1142 2469 1348 2525 Deinde
1381 2489 1504 2525 vero
1534 2469 1678 2543 quod
1712 2468 1925 2543 δεξιτερῇ
1950 2481 2136 2544 praeter

579 2553 822 2610 locorum
857 2562 1098 2606 naturam
1143 2550 1325 2605 inferri
1365 2549 1591 2618 videtur,
1637 2548 1766 2603 illud
1807 2566 2023 2622 prorsus
2068 2547 2136 2603 ad

582 2640 860 2711 ἐστήρικται
895 2638 1131 2710 respicit,
1161 2646 1342 2709 utpote
1367 2635 1434 2689 ab
1462 2635 1662 2689 ambitu
1695 2636 1852 2689 maris
1884 2646 2135 2706 terraique

581 2718 878 2775 Cimmeriae
899 2716 1276 2788 compositione
1310 2716 1529 2786 petitum
1548 2754 1564 2779 ,
1598 2714 1820 2768 nauticis
1847 2714 2136 2770 rationibus

579 2798 826 2869 neglectis
843 2816 859 2862 ς
881 2794 1022 2849 unde
1038 2794 1380 2867 repugnantia
1398 2791 1616 2863 tollitur,
1633 2793 1676 2846 si
1695 2810 1850 2865 quam
1873 2794 1999 2848 huic
2016 2812 2135 2847 cum

579 2873 938 2949 superioribus
947 2890 1050 2927 vss.
1069 2890 1092 2926 1
1103 2874 1168 2929 58
1179 2888 1293 2943 sqq.
1309 2870 1628 2925 intercedere
1645 2872 1903 2938 statueris,
1913 2872 2014 2943 qui·
2023 2872 2138 2944 qui·

579 2954 702 3009 dem
726 2953 1066 3025 navigationis
1078 2970 1175 3025 per
1188 2954 1298 3005 Pon
1304 2960 1414 3004 tum
1430 2949 1756 3004 instituendae
1773 2952 2138 3023 proprietatem

579 3032 893 3089 enarrabant
922 3048 937 3086 z
966 3048 1157 3103 nempe
1186 3030 1364 3103 priore
1397 3028 1513 3082 loco
1540 3030 1698 3081 maris
1723 3027 2034 3100 descriptio,
2054 3029 2141 3083 hic

582 3113 872 3167 insularum
919 3111 1052 3165 situs
1101 3120 1259 3181 atque
1301 3108 1435 3162 ordo
1483 3110 1688 3161 nativus
1732 3108 1997 3179 agebatur.
2049 3109 2143 3161 His

581 3189 832 3247 consectis
883 3182 939 3255 ἥς
982 3188 1060 3242 ἔπι
1104 3186 1172 3240 ad
1205 3187 1384 3259 λίμνης
1425 3184 1702 3249 Μαιώτιδος
1751 3184 1926 3239 redire
1973 3186 2144 3257 quivis

583 3280 770 3343 sponte
795 3267 1050 3336 intelligit.
1090 3266 1401 3335 Argumenti
1434 3283 1693 3318 summam
1729 3265 1998 3336 ipsamque
2028 3283 2145 3319 sen-

585 3347 804 3402 tentiam
839 3345 1029 3397 eximie
1053 3343 1244 3397 Strabo
1278 3359 1334 3414 p.
1371 3342 1472 3411 495
1511 3341 1868 3410 adumbravit,
1890 3346 1982 3413 qui
2013 3343 2146 3396 Pha-

587 3418 2149 3569 &att-{¹133Zffissssxssas¹i2¹303a²sssszsszi¹i¹:22³?AEssss

591 3580 888 3653 emporium
925 3577 1222 3649 praestitisse
1270 3574 1456 3640 tradit;
1500 3593 1669 3647 neque
1699 3574 2148 3648 reprehensionem

595 3664 680 3719 ille
706 3662 899 3717 meruit
921 3659 1185 3715 Mannerti
1210 3669 1250 3716 t.
1284 3662 1337 3724 4,
1357 3676 1414 3731 ρ.
1431 3658 1551 3715 328.
1573 3682 1596 3706 ι·
1621 3658 1746 3713 Haec
1767 3656 2146 3730 Bernhardyus,

597 3761 754 3817 quem
807 3742 962 3795 etiam
1017 3756 1162 3792 nune
1226 3755 1494 3810 operosam
1538 3738 1676 3791 hanc
1719 3747 1773 3791 et
1806 3736 2150 3791 contortulam

597 3819 993 3894 explicationem
1012 3816 1358 3888 probaturum
1371 3833 1480 3869 esse
1497 3815 1638 3869 haud
1659 3814 1803 3869 facile
1818 3814 2148 3869 crediderim.

599 3896 887 3971 Quomodo
914 3914 1026 3950 rem
1048 3895 1147 3949 sibi
1169 3893 1529 3949 informaverit
1543 3895 1858 3967 Dionysius,
1883 3895 1939 3947 in
1967 3911 2153 3967 propa-

600 3978 712 4034 tulo
737 3988 831 4034 oet.
857 3975 1123 4030 Nimirum
1157 3973 1356 4038 insula,
1379 3992 1496 4045 qua!
1534 3974 1823 4047 Bosporum
1849 3973 2052 4028 ineunti
2086 3972 2152 4027 ad

599 4056 837 4111 dextram
885 4054 980 4107 sita
1029 4062 1109 4106 est
1148 4062 1201 4106 et
1244 4052 1618 4124 Phanagoriam
1660 4063 1712 4107 et
1757 4052 2152 4106 Hermonassam

599 4134 930 4199 continebat,
956 4149 1017 4186 ea
1050 4141 1127 4184 est
1161 4148 1320 4202 quam
1346 4131 1535 4185 Strabo
1561 4149 1616 4203 p.
1647 4134 1749 4202 494
1790 4129 2004 4184 formari
2028 4128 2156 4184 dicit

598 4212 844 4268 Moeotide
876 4208 1064 4284 palude
1103 4220 1157 4264 et
1198 4209 1692 4264 Corocondamitide
1715 4210 1830 4264 lacu
1855 4220 1908 4264 et
1929 4210 2155 4264 Anticite

600 4294 707 4348 sive
747 4290 980 4364 Hypanis
1017 4287 1246 4343 brachiis
1281 4286 1492 4341 duobus
1539 4304 1553 4342 ε
1599 4286 1871 4360 Ἐμὸἀλλει
1892 4288 1944 4342 δὲ
1973 4286 2039 4350 εἰς
2065 4285 2153 4353 τὴν

599 4371 782 4443 λίμνην
813 4367 927 4438 (τὴν
961 4367 1399 4439 Κοροκονδαμΐτιν)
1440 4364 1663 4437 ἀπορρώξ
1706 4386 1776 4430 τις
1816 4372 1903 4421 τοῦ
1935 4364 2156 4421 ’Δντικεί-

603 4470 688 4505 του
715 4451 938 4523 ποταμοῦ
954 4487 970 4514 ,
995 4446 1080 4500 καὶ
1117 4448 1254 4501 ποιεῖ
1285 4448 1434 4514 νῆσον
1458 4445 1772 4517 περίκλυστόν
1793 4465 1903 4501 τινα
1926 4446 2078 4520 ταύτῃ
2106 4464 2158 4499 τε

603 4534 667 4604 τῇ
693 4530 846 4602 λίμνῃ
868 4526 951 4582 καὶ
974 4530 1037 4599 τῇ
1059 4526 1304 4581 Μαιώτιδι
1325 4526 1409 4579 καὶ
1428 4531 1499 4598 τῷ
1515 4531 1737 4598 ποταμῷ·
1763 4524 1886 4590 τινες
1906 4525 1960 4580 δὲ
1983 4530 2157 4580 τοῦτον

606 4609 692 4663 τὸν
718 4608 938 4680 πόταμον
961 4604 1172 4660 Ὕπανιν
1203 4604 1632 4677 προσαγορεύουσι.
1653 4606 1734 4659 Eo
1756 4614 1957 4659 tantum
1974 4604 2161 4660 Strabo

607 4706 640 4741 a
666 4686 922 4758 Dionysio
960 4682 1140 4738 differt
1156 4723 1172 4749 ,
1201 4680 1344 4755 quod
1380 4684 1438 4736 in
1463 4682 1632 4737 insula
1664 4683 1751 4737 illa
1785 4683 2161 4754 Phanagoriam

609 4776 664 4819 et
683 4766 854 4836 Cepos
879 4762 1094 4817 collocat
1111 4802 1126 4827 ,
1147 4763 1548 4817 Hermonassam
1563 4772 1734 4815 autem
1753 4772 1896 4816 trans
1917 4764 2162 4834 Hypanin

609 4844 666 4895 in
699 4840 910 4897 Sindica
929 4842 1152 4913 positam
1178 4858 1289 4895 esse
1309 4850 1474 4913 putat.
1505 4839 1738 4894 Eandem
1769 4841 1991 4895 insulam
2025 4838 2164 4895 indi·

610 4932 695 4974 cat
713 4918 1008 4975 Alexander
1019 4918 1334 4991 polyhistor,
1352 4938 1412 4973 ex
1430 4938 1535 4991 quo
1547 4920 1724 4992 steph.
1739 4921 1860 4991 Byz.
1883 4939 1936 4974 v.
1957 4918 2165 4983 ’Ὕπανις

610 4998 772 5053 refert
793 5015 806 5052 :
828 5000 904 5053 ὅτι
926 4998 954 5051 ό
972 4997 1179 5061 Ὕπανις
1200 4999 1320 5071 διχῇ
1343 5000 1628 5071 σχιζόμενος
1653 4999 1711 5053 τὸ
1740 4998 1824 5071 μὲν
1851 5000 1906 5053 ἓν
1937 5000 2078 5071 μέρος
2101 4998 2166 5062 εἰς

609 5075 700 5143 τὴν
729 5077 950 5130 Μαιῶτιν
972 5076 1154 5149 λίμνην
1193 5077 1394 5148 βάλλει,
1415 5078 1472 5131 τὸ
1500 5077 1550 5129 δὲ
1577 5078 1739 5147 ἕτερον
1767 5076 1831 5139 εἰς
1849 5078 1932 5131 τὸν
1952 5077 2163 5133 Πόντον.

607 5154 759 5209 Idem
791 5154 1010 5209 tradidit
1050 5154 1188 5209 Mela
1239 5173 1288 5219 1,
1341 5172 1424 5225 19,
1465 5156 1545 5220 15,
1588 5152 1736 5225 cujus
1777 5155 1934 5209 verba
1969 5174 1998 5208 a
2043 5157 2166 5209 viris

607 5233 780 5288 doctis
809 5234 952 5287 varie
971 5244 1164 5287 tentata
1188 5234 1330 5287 hunc
1355 5234 1408 5285 in
1434 5232 1648 5287 modum
1676 5233 1879 5303 corrigo
1901 5249 1914 5285 z
1941 5233 2166 5307 Obliqeea

607 5324 736 5365 tunc
759 5310 900 5380 regio
925 5322 976 5365 et
1007 5311 1064 5365 in
1107 5310 1272 5365 latum
1299 5310 1492 5364 modice
1525 5323 1742 5384 patens,
1773 5309 1907 5364 inter
1943 5314 2166 5365 Pontum

605 5386 957 5461 Paluda-mque
1000 5387 1076 5442 ced
1113 5392 1399 5461 Bosporum
1439 5388 1666 5443 excurrit
1705 5408 1725 5441 :
1775 5406 1928 5460 quam
1967 5387 2168 5443 duobus

2215 1696 2450 1762 abiisset,
2464 1708 2519 1751 et
2534 1708 2706 1751 tamen
2722 1696 2866 1749 lluvii
2886 1715 3074 1751 nomen
3090 1698 3423 1768 flagitaretur,
3444 1699 3660 1771 quidam
3686 1708 3770 1756 Co-

2216 1774 2579 1829 roconclumam
2594 1793 2772 1829 vocem
2785 1774 2865 1829 vel
2882 1776 3203 1829 immutatam
3224 1778 3279 1830 in
3300 1780 3594 1834 accusativo
3615 1798 3740 1834 casu
3752 1822 3768 1847 ,

2219 1853 2299 1906 vel
2335 1855 2391 1907 in
2434 1855 2816 1908 nominativum
2852 1852 3139 1919 detortam,
3185 1855 3256 1909 ita
3299 1866 3767 1929 transposuerunt,

2219 1942 2280 1984 ut
2320 1932 2551 1986 fluminis
2580 1932 2743 1986 vicem
2768 1943 2961 2003 ageret.
2996 1932 3078 1988 Cf.
3114 1935 3770 1991 Ammianum'Maroellin.

2220 2008 2308 2073 32,
2343 2011 2396 2074 8,
2424 2010 2492 2065 30
2518 2025 2532 2063 z
2566 2014 2655 2065 Ex
2689 2012 2841 2081 cujus
2869 2009 3170 2082 (Maeotidis)
3201 2012 3473 2069 uberrimis
3511 2014 3661 2069 venis
3678 2032 3783 2088 per

2219 2090 2441 2142 Putares
2465 2088 2602 2159 (lego
2637 2086 2853 2145 Patrais
2895 2088 2977 2142 vel
3012 2092 3213 2145 Patrai
3244 2091 3323 2145 vel
3362 2092 3640 2159 Patrensis,-
3674 2093 3777 2147 Πα-

2219 2166 2399 2235 τραέως
2424 2184 2527 2221 sec.
2557 2166 2728 2221 Strab.
2764 2182 2821 2238 p.
2848 2168 2973 2237 494,
2998 2166 3287 2241 Πατράσεως
3311 2188 3412 2227 sec.
3445 2171 3654 2241 Heeat.)
3679 2188 3775 2224 an·

2214 2244 2426 2311 giu-tias
2452 2244 2709 2299 undarum
2747 2243 3055 2313 magnitudo
3078 2248 3382 2321 prorumpit
3425 2248 3481 2302 in
3514 2252 3740 2304 Pontum
3756 2272 3781 2313 ,-

2218 2326 2371 2395 cnjus
2415 2322 2471 2378 in
2512 2324 2695 2379 dextro
2734 2325 3066 2394 (Ammianus
3108 2345 3139 2381 e
3178 2327 3421 2383 Maeotide
3459 2328 3785 2385 desoendens

2219 2402 2343 2457 deb.
2377 2404 2433 2458 in
2452 2402 2695 2475 sinistro)
2717 2404 2874 2459 latere
2902 2404 3085 2459 insuloe
3114 2418 3239 2461 sunt
3266 2408 3617 2479 Phanagorus
3648 2409 3780 2481 (lege

2221 2483 2561 2553 Phanagorn,
2602 2484 2897 2556 Φαναγόρου
2924 2485 3106 2557 Scylax
3132 2488 3162 2555 S
3198 2488 3287 2557 72)
3330 2499 3382 2541 et
3422 2494 3741 2545 Hermone-to
3756 2529 3773 2553 ‚

2217 2560 2399 2615 studio
2424 2574 2731 2615 constructce
2778 2566 3091 2620 Groecorum.
3134 2564 3383 2619 Similiter
3416 2563 3548 2619 ditas
3587 2566 3784 2619 insulas

2221 2650 2479 2693 memorat
2502 2640 2795 2711 Stephanus
2836 2658 2886 2697 ν.
2916 2642 3129 2713 Ταυρική
3174 2659 3187 2697 :
3226 2644 3302 2715 Τῇ
3344 2642 3397 2697 δὶ
3438 2644 3653 2716 Ταυρικῇ
3692 2644 3781 2697 δύο

2221 2718 2534 2789 παράκεινται
2568 2722 2711 2786 νῆσοι
2736 2720 3007 2792 Φαναγόρα
3034 2722 3117 2775 καὶ
3152 2720 3494 2795 Ἑρμώνασσα.
3523 2722 3606 2779 Cf.
3639 2721 3781 2778 idem

2221 2817 2274 2852 ν.
2319 2798 2635 2871 Φαναγόρεια
2678 2809 2731 2853 et
2778 2797 3127 2871 Ἕρμώνασσα,
3173 2819 3281 2873 quo
3330 2804 3617 2873 posteriore
3664 2802 3785 2857 loco

2223 2883 2463 2955 Dionysii
2490 2884 2690 2937 mentio
2710 2882 2789 2941 fit.
2814 2886 3058 2939 Ceterum
3084 2885 3195 2940 haec
3217 2895 3449 2939 veterum
3467 2884 3785 2958 geographo-

2224 2980 2344 3015 rum
2359 2960 2599 3017 doctrina
2611 2980 2849 3017 maneam
2862 2962 3262 3035 longinquarum
3278 2965 3493 3019 istarum
3507 2965 3780 3034 regionum

2225 3040 2579 3110 cognitionem
2606 3040 2792 3109 arguit.
2820 3040 2963 3095 Nihil
2988 3040 3055 3095 de
3082 3041 3602 3113 insula'Phanagorioe
3630 3042 3783 3097 habet

2225 3119 2562 3181 Ptolemaeus,
2594 3122 2684 3190 qui
2715 3120 2770 3173 in
2806 3122 3039 3191 Bosporo
3064 3130 3117 3173 et
3144 3119 3389 3173 Maeotide
3414 3138 3573 3174 unam
3600 3120 3792 3192 Alope-

2227 3198 2363 3250 ciam
2392 3195 2617 3250 insulam
2638 3198 2802 3250 Tanai
2829 3196 3084 3269 objectam
3111 3209 3383 3253 memorat.
3420 3200 3568 3253 Hanc
3605 3217 3783 3253 rerum

2228 3274 2625 3329 adornationem
2638 3273 2851 3345 quidam
2869 3278 3178 3348 Dionysium
3188 3287 3517 3332 correcturus
3530 3279 3585 3331 in
3600 3295 3787 3349 poema

2229 3363 2473 3407 nostrum
2501 3352 2675 3405 intulit
2694 3352 2972 3407 scribendo
3003 3371 3017 3407 :

2374 3440 2507 3507 ἄλλη
2543 3438 2806 3508 Ἀλωπεκίη
2835 3444 2983 3507 νῆσος
3005 3442 3140 3496 πόλει
3166 3442 3277 3495 κτλ.

2373 3510 2407 3590 ᾖ
2438 3514 2519 3571 ἔπι
2538 3516 2825 3589 Φαιναγόρη
2848 3518 2961 3572 κτλ.

2233 3610 2399 3683 Quod
2423 3614 2677 3685 expressit
2703 3614 2997 3669 Priscianus
3025 3616 3126 3670 562
3152 3634 3167 3669 ι

2382 3715 2626 3771 Cernitur
2642 3716 2763 3771 huic
2783 3716 2973 3771 dextra
2991 3730 3159 3773 wtoe
3183 3718 3452 3774 Hoeo'tidt's
3477 3718 3618 3773 tenda

2379 3794 2553 3849 insula
2580 3795 2707 3847 mole
2724 3796 2884 3863 gravi
2902 3809 3053 3850 stans
3066 3836 3081 3861 ,
3104 3798 3361 3871 Alopecen
3385 3798 3499 3851 lata

2368 3886 2498 3947 post
2525 3892 2682 3947 qnam
2703 3874 3043 3944 Pleoenagooen
3068 3882 3565 3950 Hermonassamqeee
3588 3888 3799 3950 nepotes

2377 3952 2589 4022 egregiae
2611 3952 2869 4026 quondam
2892 3954 3157 4009 coluerunt
3174 3956 3347 4024 gentis
3370 3959 3579 4012 Ionum.

2234 4050 2445 4102 Monuit
2476 4046 2545 4101 de
2584 4048 2683 4102 hae
2720 4066 2779 4102 re
2806 4050 3124 4103 Leti-ennius
3157 4050 3227 4104 ad
3270 4052 3461 4106 Dicuili
3504 4052 3697 4107 librum
3734 4072 3789 4125 p.

2244 4130 2361 4183 156.
2391 4128 2509 4198 11-
2530 4126 2653 4181 555.
2692 4127 2861 4200 ἄλλαι]
2904 4128 3059 4192 ἄλλας
3095 4134 3182 4200 A,·
3207 4130 3337 4203 παρὰ
3364 4131 3498 4203 ῥόον]
3520 4134 3799 4203 παράρροον

2236 4208 2415 4271 BNbe,
2446 4206 2669 4278 περίροον
2695 4211 2767 4271 A,
2798 4208 2905 4278 περὶ
2930 4207 3043 4280 ῥόον
3070 4228 3136 4282 oq
3164 4220 3219 4263 et
3251 4228 3375 4280 mgo
3394 4230 3446 4274 e,
3478 4214 3689 4283 παρρόον
3724 4216 3789 4277 F,

2237 4286 2392 4357 παραὶ
2417 4285 2531 4358 ῥόον
2563 4284 2791 4340 afferunt
2812 4288 2877 4340 It.
2903 4298 2955 4341 et
2978 4287 3043 4341 Η.
3084 4288 3394 4359 Stephanus.
3422 4291 3444 4361 ΙΙ
3475 4321 3543 4331 -
3562 4290 3681 4347 556.
3714 4310 3803 4347 πε-

2240 4366 2468 4437 ρίσημον]
2515 4366 2776 4436 περίδηλον
2817 4384 2871 4439 q.
2924 4368 2945 4437 ΙΙ
2990 4396 3063 4409 -
3103 4366 3225 4437 557.
3269 4367 3553 4441 ὁποτέρου]
3593 4370 3798 4425 &mio-o

2244 4446 2502 4511 ΕΝΧσῖζ,
2519 4444 2689 4499 ὁποίου
2708 4444 3026 4503 amm—1⁹
3048 4448 3201 4501 omis.
3225 4465 3262 4520 q
3267 4469 3291 4517 ,-
3310 4448 3355 4500 δ’
3376 4448 3497 4503 Ald.
3516 4449 3665 4523 παρὰ]
3690 4452 3800 4522 περὶ

2235 4527 2358 4593 glzo,
2384 4525 2587 4599 σφυρὸν]
2618 4526 2920 4581 Eustathius
2949 4544 2963 4581 :
2990 4527 3165 4601 σφυρὸν
3191 4526 3343 4598 ἤγουν
3370 4529 3497 4582 πόδα
3516 4528 3698 4601 ἀνόμου
3712 4529 3801 4583 λέ·

2242 4624 2323 4673 γει
2358 4604 2448 4671 τὴν
2479 4606 2620 4676 βάσιν
2644 4606 2673 4659 δ
2698 4603 2801 4659 ἔστι
2827 4605 2912 4659 τὸν
2938 4607 3086 4661 τόπον
3118 4607 3203 4660 καὶ
3223 4604 3313 4673 τὴν
3350 4608 3477 4661 Θέσιν
3504 4608 3614 4661 ὅθεν
3645 4610 3797 4662 πνέει.

2245 4687 2427 4752 Quum
2450 4683 2505 4738 h.
2538 4683 2575 4739 1.
2606 4702 2713 4737 non
2753 4685 2853 4739 nisi
2893 4684 3028 4739 duos
3067 4696 3250 4739 ventos
3284 4686 3570 4756 distinguat
3611 4696 3798 4757 poeta,

2243 4762 2506 4817 borealem
2530 4778 2681 4815 terrae
2706 4772 2757 4815 et
2779 4764 2959 4817 oceani
2982 4774 3181 4835 partem
3203 4762 3413 4817 australi
3436 4781 3702 4835 opponere
3724 4765 3806 4815 vi-

2245 4840 2423 4896 detur.
2451 4840 2473 4910 ΙΙ
2496 4870 2568 4881 —-
2588 4840 2707 4895 558.
2736 4842 2947 4895 ναίουσιν
2975 4845 3079 4908 HK,
3117 4845 3389 4897 ναιετάουσι
3418 4848 3504 4913 D,·
3534 4844 3803 4916 βουτρόφον

2247 4918 2368 4975 cod.
2397 4938 2448 4983 ε,
2473 4920 2727 4992 βιότροφον
2751 4938 2807 4984 c,
2842 4922 3094 4993 βιοτρόφον
3118 4940 3229 4977 var.
3262 4922 3377 4977 lect.
3405 4940 3491 4995 ap.
3525 4924 3799 4997 stephan„

2250 4999 2521 5071 βοητρόφον
2560 5018 2594 5071 q
2601 5018 2624 5068 ;
2670 4998 2922 5069 Ἐρῦθυιαν
2961 5020 3013 5073 q.
3053 5004 3134 5055 De
3169 5003 3275 5055 situ
3313 5002 3543 5073 Erythiae
3586 5004 3797 5069 insulae,

2248 5097 2407 5150 quam
2434 5080 2681 5133 Hercules
2704 5080 2757 5133 in
2784 5079 2915 5133 Solis
2938 5080 3129 5152 poculo
3156 5080 3328 5153 (cujus
3354 5082 3583 5152 fingendi
3620 5102 3799 5138 ansam

2247 5155 2397 5211 dedit
2432 5157 2460 5210 ό
2495 5158 2701 5230 γαῦλος,
2741 5159 3063 5213 Phoenicium
3100 5161 3391 5231 navigium,
3414 5171 3475 5214 ut
3506 5162 3802 5216 Moversius

2247 5244 2424 5287 censet
2461 5236 2516 5287 in
2562 5233 2943 5299 Plaoenizixhe,
2984 5236 3211 5293 Alterth.
3263 5246 3390 5291 tom.
3444 5239 3498 5303 3,
3544 5256 3601 5309 p.
3654 5242 3800 5307 161.)

2245 5310 2435 5367 adiisse
2473 5312 2751 5377 serebatur,
2780 5313 2919 5386 apud
2948 5314 3233 5369 Hesiodum
3265 5315 3483 5387 (Theog.
3514 5320 3638 5387 296.
3668 5316 3798 5387 983)

2247 5390 2381 5445 nihil
2400 5390 2645 5445 traditur.
2670 5393 2920 5463 panyasin
2952 5392 3019 5446 de
3044 5394 3261 5465 Erythia
3283 5393 3495 5448 laudant
3517 5394 3802 5450 Atheuoeus
