4584 6284
1909 554 2134 615 omns
2177 553 2659 615 DESCRIPTm.

849 688 1126 755 Ἄτλαντος
1153 686 1274 767 περὶ
1299 694 1474 767 χεῦμα
1501 685 1727 751 θεουδὴς
1753 688 2032 756 Αἰθιοπῆες
2046 727 2064 757 ,

751 798 831 837 σου
853 775 1174 857 Μακροὸίων
1197 779 1340 849 υἱῆες
1367 774 1656 851 ἀμύμονες,
1680 772 1734 833 οἵ
1751 776 1866 833 ποθ’
1895 770 2070 833 ἵκοντο

849 862 1108 944 Γηρυόνος
1129 862 1266 941 μετὰ
1281 862 1482 939 πότμον
1503 860 1776 943 ἀγήνορος·
1795 862 1956 943 αὗτὰρ
1975 863 2061 921 ὑπ’
2078 859 2242 941 ἄκρην

694 1046 753 1102 Ρ.
783 1034 906 1100 469,
939 1031 990 1083 D
1037 1038 1094 1082 et
1121 1027 1425 1082 Macrobius
1453 1028 1562 1082 Sat.
1593 1026 1645 1093 5,
1693 1043 1783 1091 21,
1831 1043 2060 1099 quorum
2121 1028 2210 1083 hic
2232 1064 2249 1091 ,

693 1110 872 1163 nescio
909 1126 980 1162 an
1005 1126 1074 1162 ex
1111 1108 1228 1181 ipso
1271 1106 1520 1178 Panyasi,
1561 1106 1784 1161 insulam
1825 1104 2103 1179 Hispania
2139 1122 2249 1159 esse

694 1187 843 1241 dicit.
887 1184 1138 1243 Similiter
1164 1186 1490 1241 Stesichorus
1517 1202 1602 1257 ap.
1633 1185 1874 1241 Strabon.
1917 1202 1972 1257 p.
2005 1187 2102 1249 148
2143 1184 2248 1239 Ge·

695 1284 914 1337 ryonem
939 1275 1126 1319 natum
1146 1264 1286 1319 canit
1308 1264 1480 1331 σχεδὸν
1505 1262 1752 1335 ἀντιπέρας
1768 1263 1958 1325 κλεινᾶς
1982 1261 2245 1334 Ἐρυθείας,

695 1346 980 1417 Ταρτησσοῦ
997 1343 1128 1415 παρὰ
1141 1344 1316 1415 παγάς.
1337 1343 1440 1414 (Cf.
1456 1340 1598 1416 quod
1621 1342 1814 1398 ibidem
1831 1360 1896 1397 ex
1909 1343 2250 1397 Eratosthene

695 1422 884 1478 Strabo
912 1421 1072 1476 refert
1109 1419 1199 1487 τὴν
1245 1424 1434 1491 συνεχῆ
1451 1424 1515 1493 τῇ
1541 1420 1714 1493 Κάλπῃ
1741 1420 2047 1493 Ταρτησσίδα
2079 1418 2249 1474 καλεῖ·

700 1503 814 1554 σθαι
838 1501 922 1554 καὶ
949 1498 1225 1571 Ἐρύθειαν,
1257 1502 1404 1567 νῆσον
1445 1498 1704 1571 εὖδαίμονα
1720 1539 1736 1564 ,
1760 1498 1906 1571 quod
1933 1498 2249 1571 improbavit

700 1578 1110 1646 Artemidorus.)
1149 1578 1412 1632 Hecatoeus
1436 1576 1650 1649 quidem
1679 1576 1768 1649 (fr.
1799 1578 1903 1648 349
1937 1596 2002 1632 ex
2033 1578 2245 1632 Arrian.

700 1659 838 1729 Exp.
875 1674 928 1722 α,
967 1660 1055 1727 16)
1083 1668 1142 1711 ut
1175 1656 1412 1710 Hcrwlis
1435 1657 1490 1710 in
1513 1657 1788 1729 Erythiam
1815 1656 2010 1711 Oceani
2027 1656 2248 1710 insulam

703 1738 802 1789 iter
825 1736 1058 1806 negavit,
1081 1736 1156 1790 sic
1173 1735 1338 1807 ipsam
1355 1735 1510 1788 etiam
1537 1734 1758 1789 insulam
1787 1752 1999 1805 negasse
2021 1733 2246 1799 videtur,

701 1811 1142 1885 quemadmodum
1191 1812 1648 1868 Pseudaristoteloe
1694 1830 1905 1886 quoque
1953 1813 2164 1881 (Mirab.
2198 1832 2246 1867 c.

707 1892 829 1959 145)
851 1890 1116 1946 contendit
1145 1889 1196 1946 ἓν
1219 1894 1324 1954 τοῖς
1347 1890 1471 1944 κατὰ
1509 1892 1688 1959 Διὸὐην
1711 1892 1794 1945 καὶ
1833 1890 2048 1963 Ἰὅηρίαν
2085 1892 2252 1954 τόποις

701 1968 912 2041 οὐδαμοῦ
933 1970 989 2024 τὸ
1007 1970 1164 2041 ὄνομα
1181 1969 1409 2041 λέγεσθαι
1427 1973 1513 2037 τῆς
1543 1968 1807 2041 Ἐρυθείας.
1827 1969 1930 2025 Sed
1950 1972 2128 2042 paucis
2152 1970 2252 2023 hoc

699 2049 972 2120 probatum
1001 2047 1159 2107 fuisse
1185 2047 1408 2103 videtur.
1433 2050 1548 2103 Sec.
1578 2048 1822 2105 Strabon.
1849 2068 1906 2121 p.
1941 2052 2038 2113 148
2067 2065 2082 2103 ε
2119 2048 2254 2104 Ἐοί-

699 2146 810 2181 κασι
839 2126 888 2181 οἱ
913 2126 1112 2181 παλαιοὶ
1146 2127 1318 2181 καλεῖν
1366 2126 1427 2180 τὰ
1467 2126 1672 2199 Γάδειρα
1712 2129 1795 2182 καὶ
1829 2126 1916 2191 τὰς
1954 2128 2075 2200 πρὸς
2102 2126 2252 2195 αὖτὴν

698 2204 870 2273 νήσους
904 2204 1177 2277 Ἐρύθειαν,
1221 2208 1274 2259 in
1303 2206 1497 2277 quihus
1523 2224 1708 2261 vereor
1733 2224 1800 2261 ne
1823 2205 2076 2262 mendum
2103 2207 2255 2263 lateat

697 2281 1136 2356 scribendumque
1161 2286 1227 2337 sit
1256 2302 1270 2339 ε
1299 2284 1362 2337 τὰ
1384 2284 1588 2357 Γάδειρα
1610 2286 1642 2353 ἢ
1665 2284 1754 2353 τὴν
1777 2286 1896 2359 πρὸς
1912 2285 2062 2354 αὖτὴν
2081 2290 2252 2354 νῆσον,

697 2365 846 2419 sicuti
868 2384 923 2437 p.
972 2369 1070 2435 169
1095 2364 1316 2435 legimus
1347 2380 1362 2418 z
1397 2362 1651 2437 Ἐρῦθειαν
1677 2364 1740 2420 τὰ
1773 2366 1976 2439 Γάδειρα
2007 2364 2136 2421 lotas
2173 2366 2255 2421 λέ-

698 2461 804 2514 γειν
831 2442 860 2497 ὁ
885 2443 1159 2515 Φερεκύδης
1183 2446 1268 2510 (ut
1294 2442 1646 2516 Apollodorus
1667 2458 1721 2507 a,
1746 2446 1798 2510 5,
1836 2462 1918 2508 ιο,
1963 2462 1986 2499 1
2019 2456 2072 2500 et
2098 2448 2254 2500 Joan.

701 2520 1038 2581 Pediasimus.
1070 2524 1152 2577 De
1189 2524 1346 2576 Herc.
1390 2522 1560 2577 labor.
1605 2540 1652 2577 c.
1699 2540 1762 2579 ιο
1808 2543 1864 2596 Ρ.
1893 2524 2018 2591 352,
2061 2528 2130 2581 28
2167 2524 2254 2579 ed.

700 2600 1106 2667 Westerm.),...
1150 2600 1299 2653 ἄλλοι
1336 2599 1388 2654 3}
1423 2598 1514 2667 τὴν
1541 2602 1976 2675 παραὸεὸλημένην
2003 2604 2154 2676 ταύτῃ
2195 2610 2258 2678 τῇ

705 2678 850 2732 πόλει
874 2682 1044 2745 νῆσον,
1065 2680 1270 2751 πορθμῷ
1287 2681 1520 2753 σταδιαίῳ
1544 2682 1878 2753 διειργομένην
1902 2683 2006 2754 (Cf.
2030 2702 2085 2755 Ρ.
2105 2688 2256 2757 269).

702 2757 965 2811 Posterius
990 2755 1092 2811 hoc
1113 2774 1178 2811 ex
1203 2756 1418 2828 Ephoro
1439 2769 1492 2813 et
1515 2757 1782 2813 Philistidc
1803 2760 1960 2814 etiam
1981 2760 2180 2816 Plinius
2201 2768 2256 2826 4,

701 2835 790 2899 36,
826 2851 924 2889 120
957 2834 1158 2889 tradit:
1183 2835 1272 2892 Ab
1309 2854 1366 2889 eo
1385 2836 1544 2890 lacem
1579 2856 1682 2909 quo
1707 2837 2026 2911 Hispaniam
2049 2853 2254 2913 spectat

701 2912 908 2983 (Gadis)
929 2913 1183 2987 passibus
1201 2912 1320 2983 fin
1343 2926 1548 2969 centum
1573 2916 1742 2970 altem
1771 2916 1946 2971 insula
1967 2930 2049 2972 est
2071 2918 2222 2988 longa
2237 2962 2252 2985 ,

699 2995 796 3047 ΙΙΙ
815 3011 888 3049 ιη.
915 3010 980 3065 p.
1007 2991 1147 3055 lam,
1178 2991 1234 3046 in
1267 3011 1372 3065 quea
1399 2994 1560 3065 prius
1584 2994 1836 3067 oppidum
1859 2996 2088 3051 Gadium
2101 3000 2258 3069 secit3

706 3082 918 3124 vocatur
939 3070 1008 3123 ab
1037 3070 1251 3143 Ephoro
1290 3084 1341 3125 et
1377 3072 1662 3127 Phili-uide
1701 3074 1926 3143 Ery-[leia
1942 3114 1958 3141 ,
1985 3094 2022 3127 a
2069 3076 2261 3131 Timoeo

699 3160 750 3200 ee
770 3148 940 3201 Sileno
965 3146 1296 3220 Aphrodisia
1312 3189 1328 3212 ,
1353 3149 1422 3203 ab
1446 3150 1706 3218 indigenis
1721 3152 2008 3210 Iunonis...
2029 3155 2260 3225 Era-chia

700 3223 846 3279 diota
887 3236 965 3279 est
1009 3225 1258 3296 quoniam
1309 3225 1457 3297 1)·ήί
1499 3227 1795 3296 aborigenes
1833 3248 2007 3283 eorum
2045 3231 2153 3284 orti
2188 3233 2259 3286 ab

705 3303 929 3373 Erythro
955 3302 1427 3371 marij'eoebantur.
1467 3306 1550 3360 Cf.
1587 3307 1836 3379 Stephan.
1865 3310 1987 3379 Byz.
2031 3326 2046 3363 ε
2093 3308 2256 3382 Ἄρρο-

703 3378 856 3441 δισιὰς
892 3383 1067 3447 νῆσος,
1109 3382 1344 3452 πρότερον
1397 3381 1649 3453 Ἐρύθεια,
1698 3384 1874 3455 μεταξὺ
1924 3385 2134 3458 Ἰὅηρίας
2175 3389 2259 3442 καὶ

706 3456 962 3526 Γαδείρων.
985 3459 1285 3514 Herodotus
1309 3464 1367 3531 4,
1381 3465 1413 3518 8
1434 3476 1454 3518 2
1477 3460 1726 3533 Ἐρύθειαν
1751 3460 1838 3530 τὴν
1857 3465 1974 3537 πρὸς
1990 3465 2260 3538 Γαδείροισι

706 3539 810 3599 τοῖς
832 3536 923 3599 {Em
947 3534 1248 3608 Ἡρακλείων
1267 3538 1462 3606 στηλῶν
1487 3538 1565 3593 ἐπὶ
1589 3546 1662 3613 τῷ
1682 3540 1902 3615 ὠκεανῷ.
1931 3544 2114 3617 Scylax
2133 3550 2164 3615 S
2181 3563 2214 3600 α
2239 3563 2253 3600 :

707 3618 849 3683 νῆσοι
885 3616 1001 3681 δύο,
1040 3616 1198 3687 ὄνομα
1228 3616 1456 3691 Γάδειρα,
1483 3636 1706 3691 quarum
1732 3621 2020 3677 insularum
2045 3624 2257 3681 alteram

707 3713 818 3749 esse
859 3696 1130 3766 Erythiam
1157 3714 1188 3750 e
1213 3696 1365 3751 Plinii
1403 3697 1520 3752 loco
1563 3700 1839 3770 colligitur.
1881 3704 2114 3759 Avienus
2155 3708 2252 3761 Or.

708 3774 844 3827 Mar.
871 3772 970 3826 315
1004 3788 1019 3826 :
1043 3773 1188 3828 Hinc
1213 3775 1442 3841 Erythra
1462 3789 1540 3830 est
1563 3776 1736 3832 insula
1769 3778 1996 3849 Diffusa
2021 3782 2254 3851 glebam,

709 3862 760 3904 ee
771 3850 920 3922 juria
939 3850 1072 3907 olim.
1087 3852 1279 3907 Punici
1305 3873 1326 3907 .-
1347 3854 1584 3909 Habuere
1590 3856 1766 3929 primo
1790 3858 1983 3933 quippe
2001 3880 2112 3915 eam
2138 3868 2261 3919 Car·

712 3928 945 3997 thaginis
970 3928 1164 3985 Priscoe
1189 3930 1357 3986 coloni
1384 3931 1714 4006 inteefluoque
1737 3934 2002 3990 scinditur
2021 3937 2116 3993 Ad
2141 3958 2261 3997 con·

711 4005 958 4061 timentem
982 4006 1208 4081 quinque
1219 4026 1322 4082 per
1346 4008 1528 4063 stadia
1563 4008 1712 4065 modo
1747 4013 1975 4083 Erythea
2010 4016 2081 4069 ab
2113 4036 2257 4083 ame,

707 4102 816 4156 qua
837 4084 946 4139 diei
977 4104 1194 4141 occasus
1240 4099 1318 4141 ese
1329 4110 1352 4153 ,-
1395 4088 1582 4143 Veneri
1619 4090 1832 4145 mrim
1864 4107 2163 4150 consecrata
2185 4092 2274 4152 ese'

711 4162 886 4217 insula
907 4174 1008 4218 etc.
1037 4166 1123 4219 Ab
1153 4166 1346 4221 borum
1380 4178 1554 4222 autem
1580 4170 1790 4224 testium
1828 4190 2084 4229 consensu
2122 4194 2264 4231 rece-

707 4240 846 4296 dunt
863 4240 1000 4295 Mela
1021 4242 1076 4308 3,
1108 4248 1164 4313 6,
1188 4260 1242 4310 2,
1271 4248 1362 4316 qui
1389 4250 1452 4301 In
1477 4247 1786 4313 Lusitania,
1815 4253 2016 4322 inquit,
2041 4255 2266 4325 Erythia

706 4331 784 4373 ese
799 4359 816 4385 ,
841 4339 999 4393 quam
1021 4324 1273 4391 Gorgona.-
1293 4324 1593 4379 habitatam
1622 4329 1943 4402 accepimus,
1971 4342 2024 4386 et
2057 4334 2114 4387 in
2139 4353 2264 4390 con-

705 4400 918 4453 trariam
943 4410 1146 4471 partem
1173 4400 1353 4456 abiens
1377 4403 1687 4459 Ptolemaeus
1708 4410 1784 4475 (4,
1811 4425 1860 4475 1,
1887 4415 1989 4479 ιδ),
2015 4414 2107 4483 qui
2133 4416 2265 4488 Ery.

705 4478 868 4533 thiam
889 4478 958 4533 ad
983 4478 1376 4537 meridionalem
1405 4485 1687 4539 Maumsiae
1711 4497 1943 4558 partem,
1975 4488 2112 4546 inira
2133 4494 2266 4549 Her·

708 4556 835 4611 culis
857 4559 1280 4630 promontorium
1307 4570 1360 4613 et
1391 4559 1546 4631 juxta
1578 4564 1816 4634 Surigam
1849 4566 2034 4621 urbem
2061 4569 2269 4641 (Soteira

711 4654 755 4689 s.
783 4636 1059 4708 Megador)
1085 4640 1266 4712 ponit,
1294 4639 1426 4693 adeo
1449 4652 1510 4695 ut
1531 4640 1788 4697 hodierna
1813 4645 2076 4713 Magudor
2099 4649 2267 4705 insula

712 4715 1036 4785 intelligenda
1061 4719 1146 4773 sit.
1178 4717 1322 4772 Alios
1349 4737 1562 4790 quoque
1586 4721 1880 4792 complures
1909 4726 2182 4797 Erythiam
2209 4731 2264 4783 in

710 4808 802 4843 ora
824 4791 1018 4862 Libyca
1051 4793 1324 4849 collocasse
1345 4813 1409 4850 eo
1433 4795 1652 4851 indicari
1693 4799 1823 4853 mihi
1859 4799 2090 4868 videtur,
2119 4807 2264 4877 quod

711 4867 809 4920 ista
845 4868 1182 4939 scopulorum
1220 4874 1401 4939 taenia,
1424 4893 1602 4948 quam
1639 4878 1876 4932 nonnulli
1913 4878 1982 4933 ab
2023 4882 2266 4941 normano

712 4945 890 5017 Libyae
919 4952 1284 5019 promontorio
1307 4953 1374 5006 ad
1399 4955 1615 5009 Sacrum
1641 4960 2060 5028 promontorium
2082 4962 2267 5019 Iberiae

708 5026 970 5094 pertinere
1003 5025 1370 5086 fabulabantur
1415 5034 1489 5105 (v.
1530 5036 1712 5107 Scylax
1757 5040 1788 5105 S
1837 5054 1953 5101 112,
1986 5057 2042 5111 p.
2091 5046 2205 5111 92),
2235 5064 2264 5098 a

707 5102 1022 5172 quibusdam
1081 5108 1366 5164 vocabatur
1409 5113 1654 5168 Herculis
1691 5114 1785 5167 via
1801 5156 1816 5175 .
1865 5118 2058 5189 quippe
2106 5136 2262 5191 quam

706 5179 956 5233 Hercules
985 5187 1228 5239 straverit
1256 5186 1357 5241 iter
1381 5202 1441 5242 ut
1455 5203 1662 5262 patere!
1676 5192 1847 5261 facile
1873 5194 2088 5266 captivo
2117 5201 2266 5268 gregi

707 5258 960 5325 (Avienus
985 5262 1080 5315 Or.
1110 5282 1184 5320 m.
1215 5265 1338 5331 325,
1367 5270 1460 5339 qui
1487 5280 1665 5323 testem
1690 5270 1864 5326 laudat
1888 5274 2262 5333 Euctemonem

706 5336 1236 5413 Amphipolitanum).
1279 5346 1552 5417 Ejusmodi
1590 5360 1762 5403 autcm
1796 5350 1864 5405 de
1901 5352 2004 5407 situ
2035 5355 2264 5425 Erythioe

3767 570 3879 623 18⁹

2325 712 2422 766 per
2443 694 2665 749 Atlantis
2684 692 2879 747 undam
2898 692 3134 747 habitant
3150 694 3223 766 pii
3244 694 3541 767 Aithiopes,

2211 764 2230 773 ..
2327 779 2719 834 Macrobiorum
2728 797 2889 850 genus
2901 780 3302 846 sanctissimum,
3316 782 3407 851 qui
3419 780 3545 839 olim
3562 781 3891 839 advenerunt

2328 876 2447 938 post
2470 866 2673 919 obitum
2701 864 2851 919 sortis
2876 866 3155 937 Geryonis.
3185 869 3257 921 At
3281 866 3379 921 sub
3402 870 3827 940 promontorium

2336 1023 2641 1076 sententiam
2662 1022 2818 1076 etiam
2846 1022 3083 1093 Dionysii
3110 1022 3273 1075 nostri
3297 1022 3481 1087 fuisse,
3502 1042 3564 1078 ex
3587 1025 3893 1101 AEthiopum

2336 1102 2601 1155 mentione
2627 1118 2734 1154 non
2761 1100 3170 1171 improbabiliter
3191 1100 3393 1173 collegit
3410 1104 3629 1172 Hillius;
3654 1116 3709 1159 et
3729 1124 3894 1179 quum

2334 1180 2603 1252 AEthiopes
2630 1180 2715 1233 isti
2748 1178 3011 1233 Macrobii
3045 1178 3305 1245 dicantur,
3336 1199 3565 1253 quorum
3592 1184 3755 1239 vitam
3774 1186 3897 1241 bea·

2334 1272 2440 1315 tam
2468 1268 2665 1313 veteres
2688 1258 2993 1331 praedicant,
3015 1258 3385 1332 Bernhardyus
3406 1252 3677 1333 Erythiam
3697 1282 3728 1318 a
3744 1278 3900 1337 poeta

2336 1340 2474 1392 inter
2512 1338 2821 1391 Fortunatas
2856 1336 3049 1390 insulas
3074 1337 3285 1392 relatam
3325 1356 3435 1393 esse
3466 1352 3661 1397 censet.
3696 1344 3778 1398 De
3808 1344 3899 1399 ΔΞ-

2336 1416 2579 1488 thiopum
2618 1416 2673 1469 in
2713 1414 2943 1469 bor-ala
2980 1415 3159 1487 Libye
3196 1427 3369 1487 partes
3404 1419 3803 1489 migrationibus
3834 1444 3895 1480 ex

2336 1496 2553 1569 Ephoro
2576 1494 2763 1549 Strabo
2792 1494 2951 1548 refert
2976 1512 3031 1568 Ρ.
3062 1495 3129 1549 33
3152 1512 3167 1548 :
3191 1495 3485 1566 λέγεσθαι...
3515 1498 3611 1553 ὑπὸ
3638 1506 3737 1554 τῶν
3772 1502 3900 1575 Tap-

2336 1574 2551 1641 τησσίων
2580 1572 2810 1636 Αἰθίοπας
2838 1572 2927 1639 τὴν
2965 1574 3145 1641 Λιὸὖην
3192 1572 3481 1640 ἐπελθόντας
3522 1578 3669 1649 μέχρι
3721 1580 3905 1644 δόσεως

2336 1653 2505 1723 (μέχρι
2541 1652 2751 1723 Δυρίως,
2798 1652 2835 1707 i.
2880 1670 2931 1707 e.
2974 1669 3141 1723 usque
3179 1651 3247 1708 ad
3284 1654 3453 1725 Dyrin
3484 1656 3596 1710 sive
3638 1657 3919 1731 Atlantem,

2336 1732 2537 1803 conjeci
2566 1733 2622 1785 in
2648 1742 2762 1785 not.
2807 1730 2875 1785 ad
2914 1731 3244 1787 Strabonem.
3278 1734 3449 1787 Possis
3490 1736 3649 1789 etiam
3698 1752 3714 1791 τ
3756 1739 3903 1811 μέχρι

2340 1807 2711 1881 [Ἆρρο]δισίας)
2742 1809 2853 1871 τοὺς
2890 1809 2979 1881 μὲν
3026 1809 3174 1863 αὗτοΰ
3208 1812 3405 1881 μεῖναι,
3435 1812 3549 1876 τοὺς
3591 1812 3645 1867 δὲ
3688 1816 3776 1869 καὶ
3814 1820 3902 1885 τῆς

2338 1890 2577 1959 παραλίας
2603 1891 2871 1959 κατασχεῖν
2896 1888 3113 1955 πολλήν.
3138 1890 3233 1943 His
3262 1888 3398 1943 adde
3426 1890 3573 1963 quod
3606 1910 3673 1946 ex
3714 1894 3901 1950 eodem

2338 1966 2480 2021 baud
2506 1966 2665 2021 dubie
2686 1968 2899 2039 Ephoro
2920 1968 3175 2040 Scymnus
3199 1967 3389 2033 Chius,
3412 1986 3570 2041 quem
3597 1982 3813 2035 vocant,
3836 1972 3905 2027 de

2326 2040 2555 2116 'Erythia
2582 2044 2743 2098 tradit
2768 2045 2838 2115 (ν.
2872 2044 2991 2109 158,
3020 2046 3089 2101 G.
3116 2046 3251 2101 Min.
3283 2055 3323 2099 t.
3368 2063 3417 2112 1,
3446 2063 3502 2119 Ρ.
3534 2051 3662 2117 noo)
3704 2065 3720 2104 t
3746 2070 3899 2122 προσ·

2340 2125 2583 2196 camplong
2617 2124 2663 2177 δ’
2682 2122 2910 2188 Αἰθίοπας
2940 2122 3137 2191 οἶκήτας
3156 2122 3291 2195 ἔχειν
3330 2126 3565 2197 Δίγουσιν
3598 2126 3774 2199 αὐτήν,
3816 2150 3902 2200 γε·

2342 2204 2545 2274 νομένης
2573 2202 2806 2266 ἀποικίας.
2828 2203 3181 2258 Nihilominus
3212 2221 3335 2257 vcro
3352 2205 3611 2276 Scymnus
3626 2209 3897 2279 Erythiam

2342 2299 2451 2335 non
2490 2280 2736 2353 Libycam
2756 2280 2821 2335 ad
2844 2300 2988 2336 oram
3008 2282 3159 2353 ponit
3175 2321 3191 2347 ,
3214 2280 3302 2335 sed
3329 2300 3449 2337 cum
3472 2283 3713 2355 plurimis
3738 2304 3905 2361 prope

2341 2357 2514 2415 Gades
2538 2361 2688 2415 sitam
2707 2379 2816 2414 esse
2834 2362 3029 2417 statuit.
3048 2363 3226 2430 Quare
3245 2364 3399 2415 etiam
3418 2363 3559 2435 apud
3588 2366 3901 2439 Dionysium

2342 2456 2406 2493 ex
2432 2439 2735 2513 AEthiopum
2760 2440 3025 2493 mentione
3050 2440 3241 2494 certius
3266 2441 3464 2513 aliquid
3490 2441 3557 2497 dc
3584 2446 3690 2498 situ
3718 2446 3901 2501 insulaae

2342 2517 2511 2589 colligi
2533 2520 2715 2591 nequit
2731 2540 2745 2584 ;
2763 2517 2853 2572 scd
2874 2519 2977 2573 hoc
2999 2529 3201 2573 tantum
3221 2530 3386 2591 patet,
3408 2532 3613 2591 poetam
3638 2535 3899 2591 nostrum,

2344 2598 2436 2667 qui
2468 2595 2639 2651 Gades
2670 2598 2805 2650 inter
2834 2598 2968 2669 ipsas
2990 2597 3297 2663 Columnas,
3332 2600 3456 2651 κατὰ
3492 2602 3672 2671 μέσσον
3698 2602 3902 2674 ὖφεσπε-

2344 2676 2463 2746 ρίων
2484 2674 2713 2744 στηλάων
2741 2675 2813 2748 (v,
2845 2676 2971 2745 450)
2993 2678 3142 2746 ponit
3168 2686 3221 2729 et
3244 2695 3349 2731 una
3370 2696 3491 2732 cum
3528 2680 3711 2734 insulis
3746 2686 3903 2739 maris

2346 2754 2537 2809 interni
2564 2764 2821 2819 recenset,
2848 2754 3117 2825 Erythiam
3156 2756 3207 2808 in
3248 2758 3458 2811 Oceano
3489 2757 3766 2815 collocasse
3795 2762 3904 2817 sive

2348 2852 2378 2886 e
2402 2834 2613 2904 regione
2638 2833 3013 2888 Columnarum
3040 2834 3147 2886 sive
3168 2833 3235 2887 ab
3257 2835 3319 2888 iis
3344 2853 3523 2889 versus
3549 2836 3762 2893 boream
3789 2858 3905 2895 aus·

2346 2922 2571 2968 trumve.
2589 2915 2919 2983 Quamquam
2938 2911 3209 2966 meridiem
3227 2931 3403 2967 versus
3422 2914 3641 2969 insulam
3660 2916 3903 2989 rejectam

2344 3008 2484 3055 esse,
2510 2990 2593 3045 vel
2618 3002 2763 3046 certo
2791 2990 3009 3043 consilio
3040 2990 3121 3044 vel
3146 2991 3437 3046 tabularum
3464 3012 3593 3065 quas
3624 2994 3695 3049 ob
3724 2998 3904 3055 oculos

2344 3080 2501 3143 poeta
2529 3068 2781 3135 habebat,
2801 3070 2930 3123 vitio
2946 3108 2961 3135 ,
2991 3071 3239 3141 suspicari
3258 3074 3413 3125 etiam
3434 3071 3555 3128 licet
3580 3092 3645 3127 ex
3672 3094 3738 3129 eo
3758 3077 3903 3148 quod

2344 3150 2401 3202 in
2439 3166 2555 3221 sqq.
2605 3146 2939 3203 cassiterides
2976 3165 3189 3220 quoque
3232 3149 3411 3204 insulae
3446 3149 3513 3204 de
3554 3152 3747 3208 boreali
3780 3154 3905 3210 sede

2342 3246 2435 3281 sua
2467 3228 2523 3280 in
2548 3237 2785 3280 austrum
2819 3224 3188 3282 extruduntur.
3216 3228 3459 3282 Ceterum
3482 3228 3551 3282 de
3582 3232 3801 3302 Erythia
3829 3234 3899 3287 cs.

2342 3304 2616 3378 Euphorio
2660 3315 2714 3357 et
2756 3302 3051 3358 Alexander
3092 3304 3349 3375 Ephesius
3392 3324 3479 3375 ap.
3544 3308 3789 3363 Eustath.
3834 3310 3903 3364 ad

2342 3386 2527 3451 Dion.;
2568 3384 2807 3437 Eustath.
2854 3382 2921 3437 ad
2947 3382 3009 3439 n.
3054 3400 3107 3453 7,
3138 3386 3268 3449 1363
3299 3385 3608 3457 Apollodor.
3658 3404 3707 3453 1,
3742 3394 3795 3454 6,
3850 3409 3900 3456 1,

2342 3466 2403 3529 [ις
2428 3465 2615 3521 Conon
2646 3463 2801 3517 Narr.
2850 3460 2881 3513 3
2899 3480 2915 3527 ;
2955 3460 3264 3516 Parthenius
3290 3464 3446 3518 Narr.
3478 3464 3582 3528 30,
3624 3467 3903 3523 Pausanias

2343 3545 2397 3605 4,
2434 3542 2522 3605 36,
2562 3544 2614 3606 43
2655 3539 2709 3607 5,
2748 3556 2831 3602 ιο,
2870 3558 2923 3609 9;
2975 3556 3056 3602 ιο,
3104 3556 3187 3608 17,
3227 3539 3279 3605 53
3320 3540 3497 3612 Steph.
3548 3560 3600 3598 v.
3647 3539 3901 3613 Ἐρῦθειας

2345 3619 2689 3674 Antimachus
2716 3635 2799 3690 ap.
2829 3617 3023 3673 Athen.
3054 3636 3107 3690 p.
3135 3622 3260 3688 469,
3288 3620 3353 3685 Β,
3390 3618 3556 3673 schol.
3590 3620 3767 3692 Apoll.
3796 3624 3901 3681 Rh.

2346 3702 2400 3763 4,
2445 3700 2580 3769 ι39;
2622 3697 2793 3751 Ukcrt
2823 3699 3009 3763 Geogr.
3040 3705 3080 3751 t.
3122 3712 3174 3758 α,
3219 3714 3265 3761 ι,
3311 3714 3366 3769 p.
3402 3700 3802 3770 240311eynius
3837 3702 3907 3757 ad

2346 3776 2589 3849 Apollod.
2615 3792 2669 3841 2,
2694 3776 2747 3841 5,
2774 3792 2857 3831 10.
2884 3776 2995 3845 11—
3014 3776 3137 3829 561.
3158 3775 3415 3847 Γηρυόνος]
3440 3776 3681 3847 Γηρῦονος
3703 3798 3731 3832 e
3756 3780 3903 3847 Ald.;

2346 3856 2589 3929 Γηρυόνου
2609 3860 2701 3912 CH
2709 3859 2809 3913 ΟΥ
2809 3854 3002 3928 ‹185qu
3020 3865 3073 3908 ct
3090 3872 3153 3909 ex
3169 3866 3360 3912 corrct.
3378 3860 3450 3915 E.
3469 3856 3553 3911 Cf.
3578 3856 3826 3916 Dindorl'.
3850 3862 3906 3916 iu

2346 3935 2527 4007 Steph.
2560 3936 2721 3989 Thes.
2750 3952 2798 3991 V.
2830 3932 3049 4005 Γηρυὼν.
3088 3934 3110 4004 ΙΙ
3137 3932 3239 4007 ὑπ’]
3270 3932 3344 3989 ἐπ’
3371 3938 3909 3995 EGHLNOYUbdei

2346 4012 2491 4079 Ald.;
2503 4025 2685 4067 contra
2696 4012 2947 4069 Priscian.
2959 4011 3059 4081 574
3070 4054 3083 4067 .
3102 4012 3438 4067 Cassiterides
3450 4015 3577 4071 inss.
3594 4032 3625 4069 e
3634 4016 3907 4073 Strabonis

2347 4103 2401 4147 et
2419 4092 2681 4147 Ptolemaei
2694 4092 2947 4146 sententia
2964 4090 3205 4163 objacent
3219 4093 3382 4148 Nerio
3394 4096 3766 4166 promontorio
3784 4099 3905 4151 nis·

2350 4172 2515 4243 paniae
2538 4170 2767 4237 boreali,
2792 4172 2929 4225 sicut
2956 4189 3043 4245 ap.
3071 4170 3299 4225 Plinium
3325 4176 3379 4237 4,
3409 4177 3440 4242 S
3470 4190 3569 4244 ¹19
3595 4193 3663 4228 ex
3686 4175 3907 4230 aduerso

2354 4247 2663 4312 &hiber-ite,
2692 4266 2779 4319 ap.
2804 4247 2993 4302 Melam
3014 4248 3067 4313 3,
3090 4252 3142 4313 6,
3160 4264 3194 4301 2
3214 4249 3268 4303 in
3290 4250 3619 4305 Celtici-resse
3634 4251 3903 4313 dicuutur.

2352 4328 2435 4380 An
2462 4326 2619 4396 igitur
2656 4325 2829 4397 Νέρων
2866 4337 2918 4380 et
2948 4324 3099 4397 Ἱερὸν
3140 4344 3223 4399 Ρι·.
3250 4328 3441 4381 Noster
3465 4328 3743 4386 confudit?
3770 4334 3905 4388 Fieri

2340 4414 2525 4475 ,potest
2545 4414 2605 4457 ut
2617 4405 2784 4459 itares
2802 4404 3007 4461 babeat.
3023 4408 3355 4479 Quamquam
3374 4410 3530 4462 ctiam
3543 4409 3695 4464 aliam
3714 4414 3908 4466 erroris

2352 4483 2616 4631 33²3?ss
2635 4485 2927 4616 ’ξοῖὅὶω
2952 4482 3091 4634 '2⁰23‘
3119 4484 3379 4620 Xssffi‘
3410 4488 3792 4624 magns,
3829 4503 3910 4589 “3

2354 4602 2711 4694 Occidentales
2735 4582 3047 4697 isinspmnini
3074 4644 3265 4698 insulas
3286 4584 3415 4699 33
3428 4587 3908 4721 cmaespe:;q3;1;

2355 4718 2585 4771 Avienus
2613 4720 2708 4773 Or.
2732 4737 2865 4777 mar.
2894 4740 2962 4791 97
2994 4722 3389 4789 OEstomnides
3414 4723 3561 4791 dicit,
3589 4728 3798 4782 metallo
3821 4728 3908 4783 di-

2354 4796 2493 4850 vites
2526 4798 2709 4851 stanni
2741 4810 2792 4851 et
2821 4800 3049 4873 plumbi.
3086 4802 3180 4855 11ae
3227 4820 3352 4856 vero
3373 4804 3637 4875 pertinent
3684 4804 3753 4859 ad
3792 4824 3906 4861 eam

2354 4875 2534 4929 Galliae
2560 4886 2761 4948 partem
2780 4918 2795 4942 ,
2824 4880 2879 4932 in
2924 4897 3029 4951 qua
3052 4878 3252 4951 degunt
3282 4882 3559 4947 Ostimnii,
3586 4895 3646 4938 ut
3680 4886 3735 4939 in
3765 4887 3908 4941 Stra·

2352 4953 2509 5007 bonis
2545 4953 2704 5010 codd.
2734 4955 2939 5026 legitur.
2968 4960 3044 5012 Ea
3078 4970 3249 5013 autem
3288 4978 3408 5033 pars
3434 4980 3537 5015 sec.
3578 4964 3826 5035 Pytheam
3856 4975 3909 5018 et

2353 5032 2751 5087 Eratosthenem
2770 5037 2929 5107 magis
2954 5056 3111 5109 quam
3134 5040 3349 5093 Sacrum
3364 5058 3446 5111 pr.
3466 5058 3707 5095 occasum
3727 5060 3908 5095 versus

2352 5110 2675 5179 pertinebat,
2704 5111 2835 5166 adeo
2872 5124 2933 5168 ut
2965 5119 3132 5189 Caput
3162 5121 3418 5191 Europe,
3444 5119 3729 5191 insulaeque
3761 5122 3908 5192 obja-

2352 5200 2531 5243 centes
2580 5188 2851 5262 Ἕσπερῶες
2869 5191 2990 5264 jure
3029 5194 3133 5249 dici
3162 5207 3393 5267 possent.
3436 5200 3555 5252 Jam
3582 5200 3747 5270 igitur
3778 5203 3905 5255 Dio·

2352 5268 2554 5337 nysius,
2584 5287 2751 5342 quum
2776 5290 2891 5325 cam
2919 5274 3144 5347 Europae
3169 5274 3390 5347 figuram
3418 5277 3689 5333 exhiberet
3712 5298 3779 5333 ex
3801 5297 3907 5352 qua

2352 5354 2567 5409 Sacrum
2592 5375 2675 5430 pr.
2712 5359 2947 5413 omnium
2980 5360 3277 5433 longissime
3314 5382 3491 5419 versus
3517 5384 3761 5420 occasum
3786 5385 3907 5440 pon-
