4584 6284
665 567 776 617 150

693 706 774 747 72⁸
801 684 1113 763 ἀμφοτέρων
1139 683 1244 765 γὰρ
1265 681 1456 762 μέσσος
1483 685 1534 748 ἔς
1561 679 1849 763 Ὑρκανίην
1871 680 1975 739 ἅλα
2000 680 2200 759 βάλλει·

813 772 930 833 ἀλλ’
956 772 1074 845 ἤτοι
1101 772 1330 851 Βάκτροι
1354 768 1448 847 μὲν
1477 772 1560 828 ἐπ’
1588 767 1820 848 ἧπιίροιο
1845 767 2087 846 νέμονται

813 860 993 940 χώρην
1022 858 1300 939 ιῦρυτίρην
1324 861 1540 933 κνημοῖς
1566 856 1668 917 ὑπὸ
1701 859 2035 937 Παρνησοῖο,

2240 692 2254 807 Ι

2117 552 2465 613 ΒΙΟΝΥὸΙΙ

2294 704 2414 740 nam
2442 689 2577 742 inter
2600 698 2850 759 utrosque
2876 685 3081 742 medius
3102 689 3157 741 in
3176 687 3465 741 Hireanum
3488 704 3632 743 mare
3656 689 3789 743 exit.

2291 776 2363 826 At
2386 775 2554 827 Bactri
2580 775 2633 827 in
2658 774 2958 828 continente
2982 783 3163 827 tenent

2291 858 2553 928 regionem
2574 858 2809 913 latiorem
2830 859 2931 913 sub
2956 860 3169 913 Parnasi
3191 858 3406 913 saltibus
3422 898 3439 923 ,

815 948 1088 1028 Δερκὲὅιοι
1105 949 1150 1007 δ’
1163 946 1408 1026 ίτέρωθιν
1433 942 1677 1025 ἔφ’ὖδασι
1696 942 2036 1005 Κασπίοισιν.
2061 941 2201 1026 stem,
2289 942 2357 997 ab
2373 944 2529 999 altera
2552 962 2675 999 vero
2696 954 2843 1017 parte
2868 943 3109 998 Deroebii
3128 941 3196 997 ad
3215 944 3425 1016 Caspias
3440 945 3629 999 undas.

816 1038 953 1103 Τοὺς
969 1034 1024 1095 δὲ
1047 1033 1166 1113 μέτ’
1185 1032 1510 1108 ἀντολίηνδι,
1540 1031 1702 1112 πέρην
1731 1031 2032 1098 κελάδοντος
2049 1030 2200 1112 Ἆρά-

2289 1031 2414 1085 Post
2432 1031 2527 1085 bos
2544 1032 2599 1084 in
2616 1041 2791 1084 ortum
2808 1039 2951 1083 trans
2972 1039 3245 1083 sonantem
3262 1033 3490 1085 Araxem

660 1224 818 1278 quem
841 1201 1152 1257 Ptolemaeus
1176 1204 1230 1263 6,
1256 1216 1290 1253 a
1311 1208 1362 1252 et
1389 1198 1700 1253 Ammianus
1715 1195 2000 1251 Marcellin.
2028 1195 2117 1261 23,
2151 1200 2204 1259 6,
2294 1196 2475 1249 attinet
2502 1195 2743 1267 Δερκίὸιοι
2770 1195 3019 1261 sormam,
3045 1213 3153 1267 qua
3193 1197 3476 1269 Dionysius
3518 1198 3703 1265 utitur,
3752 1219 3847 1255 no-

661 1291 732 1349 4ο
753 1281 1002 1337 Mardum
1029 1278 1110 1333 vel
1134 1277 1426 1334 Amardum
1453 1278 1757 1341 nominant,
1790 1275 1934 1329 hune
1952 1276 2007 1328 iu
2030 1274 2205 1328 locum

661 1361 850 1418 cadem
886 1370 1152 1433 putemus.
1182 1384 1204 1405 ι
1233 1359 1598 1411 ΒιιιιιιΑιιοιτ.
1642 1360 1714 1409 At
1749 1354 1868 1408 luoe
1906 1352 2095 1408 clarius
2129 1364 2207 1407 αἱ

661 1439 804 1515 apud
834 1438 1172 1494 Ptolemaetun
1210 1435 1455 1489 Mardum
1499 1435 1718 1488 fluvium
1759 1450 1869 1487 esse
1895 1431 2205 1487 hodiernum

661 1515 959 1590 &fid-stud,
993 1517 1131 1569 inter
1168 1532 1258 1568 eos
1280 1514 1370 1586 qui
1406 1531 1438 1567 a
1465 1510 1684 1567 meridie
1711 1512 1762 1565 in
1789 1528 1929 1564 mare
1962 1511 2205 1581 Caspium

661 1606 875 1661 exeunt,
889 1596 1128 1648 omnium
1139 1594 1422 1647 maximum
1437 1612 1452 1658 ς
1470 1602 1653 1647 eontra
1676 1607 1798 1643 vero
1819 1607 1884 1643 ex
1897 1590 2026 1643 serie
2038 1606 2207 1660 popu-

663 1676 836 1729 lorum
858 1682 997 1746 patet
1014 1671 1155 1744 apud
1178 1672 1488 1743 Dionysium
1503 1668 2020 1725 commemorandum
2051 1667 2209 1721 fuisse

661 1756 905 1824 Margum
931 1751 1150 1805 fluvium
1185 1753 1207 1817 (
1219 1748 1513 1805 Mem-flua
1525 1749 1575 1822 )‚
1605 1750 1694 1822 qui
1728 1746 2011 1802 seeundum
2037 1746 2204 1800 Ptole·

663 1832 782 1885 maei
809 1828 1008 1884 tabulas
1033 1826 1173 1882 haud
1203 1827 1354 1899 longe
1378 1846 1410 1882 a
1436 1828 1567 1882 mari
1592 1828 1778 1898 Caspio
1804 1842 1923 1879 eum
1945 1827 2064 1879 Oxo
2083 1842 2208 1878 eon·

663 1910 798 1963 fluit.
820 1910 933 1963 Hac
953 1908 1009 1961 in
1020 1908 1231 1976 regione
1236 1904 1385 1976 juxta
1405 1906 1581 1960 Oxum
1597 1904 1652 1959 ss.
1678 1903 1980 1957 Ptolemaeus
1996 1919 2208 1974 quoque

665 1987 917 2042 Derbices
964 1984 1212 2049 collocat;
1255 2000 1427 2055 neque
1469 1982 1655 2037 Strabo
1697 2000 1754 2055 p.
1786 1980 1887 2046 514
1927 1983 2086 2050 (440,
2135 1984 2198 2045 41

663 2065 865 2136 Didot)
889 2062 1158 2129 dissentit,
1199 2063 1290 2133 qui
1343 2060 1588 2115 Derbices
1611 2062 1974 2133 Hyrcanorum
2009 2060 2205 2113 viciuos

663 2162 828 2220 prope
857 2141 1106 2197 orientale
1128 2140 1286 2195 maris
1311 2140 1482 2212 Caspii
1511 2140 1645 2194 latus
1665 2137 1880 2193 collocat
1897 2178 1913 2205 ‚
1937 2140 2005 2192 ita
2029 2148 2204 2192 tamen

666 2228 754 2297 (p.
787 2224 887 2277 515
908 2224 1049 2287 Cas„
1079 2224 1204 2287 441,
1223 2236 1292 2291 ²9
1316 2217 1502 2288 Didot)
1525 2229 1586 2273 ut
1610 2218 1748 2273 inter
1773 2229 2019 2289 utrosque
2046 2218 2206 2271 inter·

661 2304 820 2378 positi
833 2302 939 2357 sint
952 2300 1146 2373 Tapyri
1163 2300 1326 2370 (Ariae
1335 2299 1574 2370 vieini.p.
1595 2303 1717 2364 44ο,
1741 2298 1808 2369 37
1831 2296 2006 2367 Did.).
2022 2298 2205 2369 Neque

664 2400 790 2437 vero
832 2390 1108 2454 propterea
1129 2379 1186 2433 in
1216 2378 1470 2450 Dionysio
1496 2377 1698 2448 Μάρδος
1722 2376 1778 2430 in
1805 2376 2004 2448 Μάργος
2034 2385 2205 2429 muta·

662 2463 860 2528 verim,
891 2458 982 2513 sed
1015 2475 1170 2512 suum
1191 2466 1357 2530 poetae
1386 2473 1622 2511 eurorem
1655 2452 2052 2527 relinquendum
2092 2472 2204 2508 esse

659 2550 791 2612 puto
806 2577 824 2605 ,
859 2548 1003 2591 tanto
1025 2535 1308 2591 faciliorem
1325 2534 1468 2588 illum
1485 2574 1502 2600 ‚
1527 2552 1695 2605 quum
1717 2532 1890 2589 Mardi
1918 2533 2016 2587 late
2035 2534 2200 2605 sparsi

659 2618 954 2681 videantur,
985 2626 1040 2670 et
1063 2614 1132 2669 ad
1161 2616 1335 2687 ipsum
1354 2615 1509 2667 etiam
1536 2616 1711 2669 Oxum
1733 2613 1951 2668 fluvium
1970 2630 2202 2667 oomme·

657 2708 930 2753 morentur
953 2695 1095 2768 apud
1115 2694 1302 2749 Melam
1327 2695 1378 2759 3,
1402 2694 1454 2759 5,
1480 2698 1534 2761 6,
1556 2694 1646 2765 qui
1666 2695 1840 2749 Oxum
1862 2692 2000 2746 inter
2014 2693 2204 2745 Amar-

655 2777 753 2833 dos
779 2788 834 2831 et
865 2776 1080 2830 Poesieas
1123 2774 1265 2828 exire
1287 2773 1436 2828 dicit.
1465 2772 1676 2827 Eaedem
1702 2770 2009 2826 Mardorum
2052 2768 2201 2823 sedes

655 2855 1182 2912 sortasseindieantur
1203 2854 1261 2907 in
1281 2852 1536 2908 Strabone
1557 2870 1614 2925 p.
1641 2851 1742 2906 523
1765 2854 1924 2921 (449,
1955 2866 1986 2919 7
2015 2849 2140 2902 Did.
2158 2851 2200 2919 ),

653 2937 747 2992 ubi
767 2934 942 2992 Mardi
969 2943 1327 2988 memorantur
1344 2930 1498 3003 juxta
1533 2933 1770 3003 Tapyros
1813 2928 2096 2983 Derbieum
2127 2930 2213 2981 vi·-

654 3017 820 3070 cinos.
849 3018 1168 3084 Quanquam
1193 3012 1238 3065 si
1258 3019 1466 3082 reputes
1488 3008 1824 3064 Ptolemaeum
1845 3010 1898 3072 6,
1925 3023 1979 3070 a,
2007 3024 2062 3077 p.
2099 3004 2196 3075 391

651 3094 802 3167 juxta
821 3091 1074 3148 Cadusios
1100 3091 1156 3143 in
1185 3089 1342 3143 maris
1358 3086 1510 3141 litore
1537 3105 1696 3159 supra
1720 3085 1934 3140 Mardos
1957 3085 2204 3139 mediter·

657 3191 842 3227 raneos
866 3170 1118 3226 eollooere
1143 3166 1375 3238 Δρίὸυκας
1391 3206 1407 3231 ,
1447 3183 1480 3219 a
1506 3166 1700 3237 quibus
1726 3164 1974 3217 Derbices
2000 3165 2085 3217 vix
2120 3163 2204 3217 di-

659 3251 794 3305 versi
824 3248 1021 3303 fuerint
1042 3248 1132 3315 (ν.
1150 3255 1266 3301 not.
1292 3261 1403 3316 seq.
1419 3248 1460 3313 ),
1502 3244 1665 3298 facilis
1691 3241 1989 3313 conjectura
2009 3251 2086 3293 est
2105 3244 2207 3295 Ta·

659 3346 823 3458 3333:
836 3318 1956 3472 issffli‘n'issiffifflffssssffiffi
1969 3320 2207 3451 3²¹3?

2093 3438 2112 3469 ‚
2187 3424 2208 3441 .

662 3493 752 3536 cut
771 3481 1056 3552 Dionysius
1078 3478 1253 3533 Mardi
1279 3496 1469 3534 nomen
1487 3480 1543 3533 in
1568 3478 1804 3549 Margum
1826 3477 2043 3531 fluvium
2068 3486 2206 3530 tran·

663 3561 826 3617 stulit.
853 3561 878 3632 ss
899 3559 1201 3631 Δερὸικίων]
1219 3558 1453 3613 Eandem
1481 3558 1709 3613 nominis
1735 3556 1955 3612 sormam
1973 3555 2208 3628 praebent

667 3642 900 3696 Avienus
926 3656 1026 3710 911
1056 3648 1112 3693 et
1143 3639 1438 3693 Priscianus
1476 3642 1615 3711 7183
1658 3637 1924 3710 Διρκεὸόων
1947 3634 2112 3689 eodex
2155 3638 2204 3698 ζ.

667 3719 939 3791 Δερόεκέων
976 3716 1138 3771 scribi
1161 3716 1331 3772 voluit
1355 3716 1676 3783 Holstenius‚
1710 3715 1854 3787 quod
1879 3713 2052 3787 paullo
2092 3731 2211 3785 pro·

667 3800 786 3870 pius
819 3798 1020 3852 abesset
1049 3814 1082 3850 a
1107 3794 1287 3850 formis
1310 3796 1452 3869 apud
1481 3796 1708 3868 reliquos
1727 3804 1963 3849 auctores
1984 3794 2201 3851 usitatis.

667 3878 914 3931 Ceterum
935 3875 1132 3947 absque
1148 3875 1302 3930 metri
1325 3873 1523 3929 damno
1549 3875 1706 3929 etiam
1721 3873 1953 3927 notiores
1981 3872 2208 3924 nominis

667 3954 861 4009 formas
883 3953 1144 4008 inctnleare
1159 3970 1362 4026 poesesg
1383 3951 1529 4025 quod
1543 3970 1640 4006 rur
1657 3952 1822 4006 critici
1847 3950 1946 4003 viri
1968 3967 2074 4004 non
2097 3959 2207 4003 ten-

667 4034 824 4087 tarint
837 4033 1088 4104 inaprioo
1105 4041 1202 4085 est.
1223 4030 1515 4103 Stephanus
1525 4032 1647 4102 Byz.
1668 4030 1742 4083 ita
1756 4027 1910 4083 babet
1927 4044 1942 4081 τ
1957 4028 2209 4099 Δερὸίκκαι

669 4113 764 4185 (sic
787 4110 938 4166 editt.
945 4131 962 4178 ;
977 4110 1236 4163 Διλὸίκκαι
1252 4108 1434 4175 oodd.;
1463 4127 1531 4164 an
1549 4106 1802 4181 Διρὸίκαιῗ
1816 4110 1860 4177 ).
1889 4104 2209 4171 Ἀπολλώνιος

664 4189 800 4252 ὃὸδὶς
821 4189 878 4243 τδ
896 4209 926 4243 κ
948 4188 1108 4251 καλῶς
1126 4187 1340 4258 (zanua
1360 4187 1550 4261 Mein.)
1569 4188 1758 4259 γράφει.
1785 4184 1996 4253 Κτησίας
2011 4184 2064 4239 δὲ
2089 4186 2206 4256 Δερ-

665 4268 855 4332 ὅισσοὶις
888 4268 1147 4339 (Δερὸῐους
1169 4268 1200 4321 3
1237 4265 1434 4337 codd.)
1461 4264 1630 4330 αὖτοῦς
1669 4284 1813 4337 φησιν
1839 4265 1872 4334 ἢ
1898 4265 2204 4337 Τιρὸισσοῦς.

665 4350 908 4402 Formam
930 4346 1184 4419 Δερὸἱκκαι
1204 4345 1322 4400 libri
1337 4346 1531 4401 habent
1551 4346 1609 4399 in
1628 4344 1906 4400 Ptolemaeo
1920 4349 1973 4412 6,
1993 4362 2075 4410 ιο,
2099 4362 2132 4399 2
2155 4357 2210 4401 et

665 4428 850 4483 AElian.
870 4430 942 4483 V.
965 4428 1035 4482 Η.
1057 4431 1111 4492 4,
1145 4443 1195 4481 ι.
1215 4429 1277 4479 In
1302 4426 1485 4479 Ctesiae
1504 4424 1607 4495 (fr.
1634 4442 1687 4490 a,
1710 4435 1762 4480 et
1779 4426 1881 4496 29)
1903 4435 2208 4497 excerptor-e

667 4505 966 4572 Diodorou,
988 4501 1678 4577 2,Atp6m;,in1²hotioood.
1700 4507 1766 4571 76
1779 4502 2020 4573 Δερὸίκων
2031 4502 2206 4575 οιΔερ·

669 4586 819 4641 δίκεσι
841 4605 981 4641 nune
1004 4586 1209 4657 iegitur,
1239 4586 1292 4639 in
1308 4585 1410 4639 hoe
1423 4595 1615 4648 tamen,
1642 4586 1684 4639 si
1702 4594 2095 4638 aeoentusreete
2108 4584 2202 4639 lia·

667 4666 774 4731 bet,
798 4665 1096 4736 Δερὸίκαισιν
1115 4682 1262 4718 more
1284 4664 1457 4718 ionico
1477 4662 1755 4734 legendum
1777 4680 1888 4717 esse
1908 4664 2205 4734 suspicatur

667 4742 1049 4816 Bernhardyus.
1062 4743 1281 4815 Δίρὸικες
1297 4752 1546 4796 vocantur
1563 4744 1716 4795 etiam
1734 4740 1875 4813 apud
1893 4740 2201 4795 Strabonem

666 4840 722 4893 p.
739 4824 858 4878 508.
875 4823 995 4885 514.
1013 4823 1134 4888 520,
1152 4820 1454 4875 etDerbices
1469 4818 1827 4893 apudMelam,
1843 4820 1896 4885 3,
1912 4821 1962 4885 5,
1981 4824 2032 4884 4.
2049 4823 2208 4891 Apud

665 4900 892 4955 Plinium
925 4905 978 4967 6,
1013 4903 1097 4965 18,
1127 4902 1197 4965 48
1221 4899 1346 4953 item
1369 4898 1542 4953 editur
1563 4896 1820 4961 Derbices,
1861 4916 2078 4972 quorum
2104 4916 2208 4952 me-

662 4978 920 5050 diosfinis
933 4990 1075 5032 secat
1097 4980 1244 5031 oxus
1259 4974 1430 5048 [unde
1445 4974 1593 5039 Ὦξος
1607 4994 1704 5048 pro
1718 4976 1918 5048 Μάργος
1934 4992 2021 5046 ap.
2043 4976 2205 5031 Dion.

663 5058 761 5128 legi
787 5058 896 5111 vult
921 5056 1164 5111 Stiehlius
1189 5058 1243 5109 in
1270 5056 1520 5125 Philolog.
1553 5066 1683 5110 tom.
1713 5072 1796 5121 ιο,
1833 5073 1890 5127 p.
1915 5056 2084 5125 2321,
2114 5054 2206 5108 sed

659 5136 728 5189 «le
751 5134 1054 5206 conjectura
1069 5178 1085 5201 ‚
1107 5145 1167 5189 ut
1195 5134 1398 5189 videtur
1417 5154 1432 5200 3
1453 5134 1676 5200 codices,
1704 5144 1958 5205 quatenus
1980 5152 2010 5186 e
2027 5134 2206 5204 Silligii

657 5214 890 5267 editione
907 5224 1077 5285 patet,
1100 5214 1336 5286 praebent
1364 5213 1621 5278 Dribiees,
1659 5212 1931 5283 Dribyces‚
1955 5212 2204 5276 Revieeu

659 5293 934 5363 legendum
966 5305 1096 5366 puto
1125 5294 1371 5364 Δηὼ-σεε
1405 5294 1466 5365 (e
1494 5292 1614 5347 eod.
1651 5295 1748 5362 Τ),
1793 5310 1956 5362 quum
1983 5291 2209 5361 Δρὶὅυκες

653 5374 812 5428 etiam
840 5372 1152 5428 Ptolemoeus
1170 5378 1222 5439 6,
1249 5390 1283 5425 α
1304 5371 1492 5427 habeat
1511 5376 1600 5442 (v.
1627 5384 1736 5427 not.
1762 5383 1958 5427 antece.
1977 5375 2018 5442 ).
2046 5370 2207 5441 Quod

2295 1273 2511 1327 tandum
2530 1284 2610 1327 est
2633 1272 2773 1345 apud
2794 1273 3124 1328 Ptolemaeum
3147 1280 3200 1341 6,
3234 1292 3317 1342 ιο,
3337 1293 3395 1349 p.
3418 1280 3522 1340 4ι8
3550 1276 3636 1332 ed.
3662 1280 3838 1336 wilh.

2297 1354 2351 1406 in
2369 1352 2718 1424 compluribus
2736 1352 3005 1407 codicibus
3029 1354 3127 1425 legi
3148 1354 3400 1425 Διρὸίκκαι
3421 1354 3571 1410 οἱκαὶ
3595 1357 3838 1428 Διρκέὸοι.

2302 1434 2445 1487 Fort.
2493 1430 2765 1503 legendum
2808 1432 3065 1503 Δερκέὃιοι.
3116 1433 3137 1504 ΙΙ
3197 1432 3390 1504 ἀφνειὸν
3431 1433 3598 1489 codex
3656 1441 3704 1501 ζ.
3763 1442 3844 1493 De

2296 1510 2551 1565 feracitate
2581 1511 2789 1565 Bactriae
2812 1529 2862 1563 v.
2888 1512 3071 1565 Strabo
3098 1530 3133 1584 p
3182 1514 3249 1584 73
3276 1524 3329 1567 et
3351 1519 3454 1583 692
3477 1534 3492 1579 ς
3518 1515 3842 1573 aurifodinas

2294 1600 2547 1643 memorat
2565 1590 2759 1643 Ctesias
2782 1590 2837 1643 iu
2881 1588 3077 1644 Iudicis
3112 1610 3162 1645 c.
3208 1607 3265 1644 ιι
3300 1610 3385 1663 ap.
3414 1592 3594 1659 Phot.;
3626 1592 3695 1650 de
3722 1597 3842 1651 Oxo

2296 1669 2411 1721 auri
2446 1669 2692 1721 ramentis
2727 1666 2889 1722 divite
2917 1686 2966 1724 ν.
3004 1669 3303 1723 Aristoteles
3336 1670 3525 1724 Mirab.
3558 1690 3606 1725 c.
3638 1676 3739 1741 47;
3775 1674 3843 1729 de

2303 1745 2584 1816 smaragdis
2596 1747 2811 1800 Bactriae
2821 1748 3165 1819 Theophrast.
3184 1750 3263 1802 De
3273 1746 3375 1819 lap.
3393 1754 3482 1802 26.
3498 1750 3563 1803 35
3580 1762 3630 1803 et
3643 1752 3843 1808 Plinius

2301 1824 2389 1889 36,
2418 1828 2448 1893 s
2475 1824 2539 1877 65
2567 1823 2653 1878 ed.
2684 1823 2845 1895 Sillig.
2871 1825 2987 1879 Alia
3014 1824 3131 1879 vide
3153 1844 3239 1899 ap.
3266 1826 3403 1881 Plin.
3424 1828 3543 1897 375
3570 1834 3667 1883 160
3696 1831 3786 1896 31,
3812 1838 3843 1903 s

2296 1902 2386 1972 75.
2413 1902 2600 1957 Euseb.
2628 1905 2719 1957 Pr.
2748 1904 2845 1956 Ev.
2886 1907 2939 1967 6,
2989 1920 3071 1956 ιο.
3109 1904 3133 1975 11
3168 1933 3241 1946 -
3266 1905 3389 1975 735.
3435 1904 3749 1977 ἅμφοτεράων
3772 1928 3843 1982 q,-

2297 1982 2440 2053 μέσος
2464 1980 2587 2035 cm
2600 1980 2746 2045 Ald.;
2771 1980 2838 2044 εἰς
2862 1999 2920 2045 e,-
2965 1980 3173 2054 βάλλιι]
3217 1983 3342 2037 &tm
3388 1986 3483 2041 Gt.
3536 1985 3558 2054 ΙΙ
3606 2014 3680 2027 -
3713 1989 3837 2058 737.

2291 2060 2481 2132 κνήμης
2502 2064 2607 2116 Km
2628 2070 2699 2126 et,
2729 2078 2885 2133 supra
2911 2078 3012 2113 scr.
3043 2080 3131 2126 οις,
3154 2066 3223 2126 0,·
3259 2064 3496 2133 κρημνοῖς
3520 2066 3800 2121 GLNOote
3821 2105 3839 2132 ,

2292 2152 2475 2210 margo
2500 2141 2549 2203 ζ,
2576 2137 2721 2203 AM„
2752 2148 2823 2205 et,
2860 2156 3004 2211 supr.
3030 2156 3131 2195 scr.
3173 2160 3221 2205 ν,
3248 2158 3317 2213 q,·
3342 2146 3546 2214 κρημνῷ
3582 2148 3650 2208 Ε,
3672 2154 3725 2198 et
3749 2140 3844 2199 su-

2291 2235 2387 2289 pra
2408 2236 2510 2271 ser.
2536 2219 2629 2280 οῖς,
2650 2215 2935 2288 additoque
2954 2235 3036 2288 γρ.
3066 2224 3258 2291 κνημῷ,
3279 2217 3336 2272 d.
3373 2222 3394 2288 ΙΙ
3431 2220 3714 2291 Παρνησοῖο
3739 2230 3845 2283 AB

2295 2294 2733 2369 CDELObdekmq
2750 2295 2889 2361 Ald.;
2910 2296 3221 2367 Παρνησσοῖο
3234 2299 3408 2364 FQX,
3423 2296 3703 2370 Παρνασοῖο
3714 2314 3840 2359 oett.

2289 2375 2372 2432 Cs.
2414 2375 2654 2431 Eustatb.
2681 2386 2735 2430 et
2766 2376 3016 2450 Paraphr.
3046 2386 3101 2430 et
3131 2374 3268 2430 infra
3294 2394 3371 2433 vs.
3417 2393 3573 2449 1097.
3598 2380 3677 2434 Ne
3709 2383 3841 2454 quid

2286 2453 2357 2508 ad
2386 2472 2567 2509 verum
2593 2456 3029 2527 notissimumque
3054 2455 3359 2527 Paropanisi
3389 2472 3584 2510 nomen
3623 2461 3843 2533 propius

2285 2533 2537 2587 accedens
2552 2574 2573 2604 ,
2594 2544 2656 2589 ut
2675 2534 3011 2606 Παρπανισοῖο
3036 2534 3213 2608 (quod
3241 2552 3321 2588 vs.
3358 2552 3493 2605 1097
3519 2535 3677 2595 codd.
3702 2558 3841 2595 uon-

2288 2610 2417 2666 nulli
2459 2611 2650 2666 babent
2670 2611 2713 2683 ),
2750 2611 3112 2684 reponendum
3158 2623 3308 2685 putes
3325 2652 3340 2677 ,
3379 2612 3603 2685 impedit
3643 2618 3845 2672 Aristo-

2287 2690 2413 2743 teles
2429 2690 2769 2761 Meteorolog.
2802 2708 2850 2757 1,
2879 2692 2963 2757 13,
2992 2692 3053 2745 15
3075 2697 3240 2759 (tom.
3266 2692 3319 2755 3,
3346 2710 3401 2764 p.
3420 2691 3521 2762 569
3536 2691 3623 2747 ed.
3642 2695 3768 2748 Did.
3796 2700 3837 2767 ):

2294 2768 2386 2826 Ἐν
2408 2770 2491 2843 μὲν
2524 2765 2610 2825 οὖν
2638 2776 2701 2844 τῇ
2734 2770 2865 2842 ‘Acie
2888 2772 3111 2826 πλεῖστοι
3136 2771 3223 2843 μὲν
3252 2770 3305 2826 ἐκ
3326 2775 3413 2825 τοῦ
3439 2772 3725 2843 Παρνασσοῦ
3752 2796 3841 2829 κα-

2287 2848 2526 2921 λουμένου
2561 2850 2815 2920 φαίνονται
2852 2848 3037 2920 ῥέοντες
3077 2850 3217 2920 ὅρους
3242 2849 3327 2902 καὶ
3352 2850 3574 2921 μέγιστοι
3603 2856 3837 2923 ποταμοί·

2287 2933 2434 2983 τοῦτο
2452 2928 2499 2981 δ’
2515 2926 2837 3001 ὁμολογεῖται
2862 2928 3055 2981 πάντων
3080 2926 3211 2981 εἶναι
3235 2928 3462 2999 μέγιστον
3476 2928 3589 3000 ὅρος
3605 2936 3703 2984 τῶν
3723 2932 3842 3003 πρὸς

2287 3006 2377 3074 τήν
2395 3008 2462 3060 ἔω
2478 3005 2566 3073 τὴν
2590 3004 2891 3078 χειμερινήν·
2922 3005 3179 3077 ὓπέρὸάντι
3206 3006 3303 3077 γὰρ
3325 3005 3418 3073 ἤδη
3449 3010 3595 3063 τοῦτο
3618 3010 3841 3081 φαίνεται

2287 3086 2321 3154 ἡ
2356 3086 2448 3148 ἔξω
2474 3086 2690 3140 θάλαττα
2706 3124 2721 3151 ,
2748 3079 2807 3152 ἧς
2836 3085 2893 3139 ‘eb
2921 3086 3063 3155 πέρας
3084 3084 3141 3139 οὖ
3160 3085 3314 3153 δῆλον
3340 3088 3447 3148 τοῖς
3478 3086 3717 3144 ἐντεῦθεν.
3748 3088 3841 3145 Ἐκ

2291 3162 2379 3237 μὲν
2404 3159 2491 3216 οὖν
2521 3163 2690 3217 τούτου
2716 3163 2903 3235 ῥέουσιν
2940 3162 3089 3216 ἄλλοι
3124 3182 3177 3217 τι
3200 3164 3417 3234 ποταμοὶ
3453 3165 3537 3217 καὶ
3561 3166 3591 3219 ὁ
3627 3168 3841 3241 Βάκτρος

2290 3242 2416 3296 καὶὸ
2432 3243 2654 3310 Χοάσπης
2674 3242 2757 3295 καὶ
2779 3242 2809 3295 ὁ
2829 3241 3033 3313 Ἀράξης·
3061 3242 3234 3295 τούτου
3260 3242 3305 3295 δ’
3332 3242 3361 3295 ὁ
3375 3241 3557 3307 Τάναϊς
3574 3243 3838 3321 ἇποσχίζς-

2289 3340 2372 3375 ται
2396 3324 2535 3393 μέρος
2559 3324 2626 3375 ὢν
2657 3320 2722 3385 εἰς
2740 3319 2829 3387 τὴν
2846 3322 3062 3375 Μαιῶτιν
3085 3320 3288 3394 λίμνην.
3326 3317 3440 3377 Ῥεῖ
3450 3321 3502 3378 δὲ
3528 3326 3610 3379 καὶ
3630 3326 3660 3379 ὁ
3688 3327 3845 3392 Ἰνδὸς

2294 3399 2343 3461 ἐξ
2378 3400 2523 3453 αὐτοῦ
2536 3440 2552 3466 ,
2579 3400 2773 3453 πάντων
2810 3404 2908 3454 τῶν
2939 3405 3170 3471 ποταμῶν
3197 3400 3352 3473 ῥεῦμα
3389 3400 3643 3458 πλεῖστον.
3680 3405 3839 3477 Apud

2290 3478 2482 3535 Melam
2493 3479 2544 3546 3,
2559 3497 2611 3550 7,
2632 3484 2685 3544 6,
2703 3476 2800 3533 ubi
2811 3478 3134 3552 Ραωρωιίεο
3143 3478 3337 3545 editur,
3350 3477 3557 3532 codices
3572 3480 3842 3537 Tnchuk-

2291 3559 2368 3615 kii
2397 3570 2583 3633 praeter
2604 3576 2769 3612 unum
2796 3568 3041 3629 corrupte
3062 3557 3257 3612 habent
3285 3575 3300 3612 ι
3331 3561 3712 3630 eat-opamaso,
3744 3566 3839 3614 Ca-

2294 3656 2571 3713 mpemaso
2582 3678 2597 3703 ,
2638 3637 3046 3710 Calonpnrmso,
3088 3634 3453 3709 Calopant'aso.
3494 3637 3740 3692 Ceterum
3774 3638 3843 3694 de

2291 3718 2497 3772 ratione
2522 3717 2749 3771 nominis
2789 3714 3147 3787 Paropanisus
3176 3714 3385 3787 (minus
3416 3724 3559 3768 recte
3597 3718 3837 3790 Paropa-

2292 3796 2509 3869 mism),
2528 3814 2578 3851 v.
2596 3798 2786 3850 Lassen
2800 3792 2922 3847 Iud.
2939 3793 3170 3849 Alter-th.
3193 3809 3214 3845 ι
3234 3809 3287 3864 p.
3306 3808 3395 3846 αα.
3413 3803 3465 3845 et
3478 3802 3591 3847 not.
3609 3793 3677 3847 ad
3691 3798 3836 3850 Mar·

2291 3878 2429 3931 cian.
2458 3892 2505 3941 1,
2530 3875 2727 3945 3441—
2748 3873 2871 3944 738.
2900 3872 2968 3944 δ’]
2992 3870 3037 3925 θ’
3052 3889 3089 3944 q
3108 3894 3129 3935 ,·
3151 3870 3346 3942 ίτίρωθι
3363 3869 3435 3934 d;
3456 3870 3715 3925 Κασπίοισι
3733 3878 3843 3928 AD

2291 3955 2825 4021 EFGHKLMNOQ,
2843 3949 3123 4005 Kueaimew
3148 3960 3272 4004 cett.
3291 3951 3313 4022 ΙΙ
3331 3978 3407 3991 —·-
3431 3951 3557 4022 739.
3580 3954 3729 4025 πέραν
3754 3961 3843 4021 E,-

2298 4032 2483 4107 Ἀράξεα
2514 4034 2651 4095 Οὒι,
2699 4028 2888 4101 Ἀράξου
2911 4028 3161 4101 HKLQt.
3194 4030 3393 4082 Araxes
3418 4029 3495 4099 (i.
3524 4048 3573 4083 e.
3618 4032 3837 4104 rapidus

2292 4114 2535 4182 fluvius).
2562 4108 2707 4182 quod
2728 4126 2921 4163 nomen
2946 4108 3102 4161 etiam
3124 4106 3194 4162 de
3225 4107 3511 4172 Armeniae,
3536 4110 3839 4183 Mesopota-

2291 4196 2412 4250 miae
2430 4194 2598 4263 (Xeu.
2626 4192 2749 4263 Cyr.
2778 4206 2825 4255 1,
2852 4189 2922 4259 4)
2948 4198 3001 4242 et
3022 4186 3249 4243 Persidis
3270 4188 3478 4260 (Strabo
3500 4205 3555 4255 2,
3576 4191 3716 4263 978)
3743 4192 3840 4245 ssu-

2291 4275 2388 4328 viis
2414 4280 2721 4343 usurpatur,
2761 4286 2859 4321 nee
2882 4284 2989 4321 non
3016 4266 3144 4321 olim
3174 4265 3589 4321 Thermodontis
3633 4269 3842 4338 (schol.

2292 4352 2464 4427 Apoll.
2488 4350 2591 4405 Rb.
2621 4353 2675 4415 4,
2708 4347 2825 4400 133.
2858 4366 2909 4411 a,
2948 4346 3074 4419 978)
3104 4356 3157 4399 et
3185 4346 3343 4401 Penei
3372 4346 3581 4415 (Strab.
3612 4365 3668 4419 p.
3700 4349 3840 4422 53ι)

2290 4436 2349 4488 ss.
2381 4432 2536 4486 fuisse
2573 4425 2914 4501 perhibetur,
2960 4435 3141 4479 nostro
3180 4424 3294 4479 loco
3334 4422 3533 4479 dieitur
3571 4428 3835 4495 Iaxartes3

2289 4528 2447 4585 quem
2473 4507 2671 4581 Scythae
2709 4504 2856 4561 Silim
2896 4503 3071 4573 (Plin.
3117 4507 3168 4570 6,
3204 4504 3289 4568 15,
3335 4506 3365 4573 ς
3404 4505 3512 4574 48)
3556 4516 3839 4571 voearunt,

2291 4585 2583 4644 Alexander
2616 4593 2792 4639 autem
2825 4600 2857 4636 a
2889 4582 3054 4637 Tanai
3078 4598 3185 4633 non
3208 4578 3476 4635 diversum
3503 4598 3613 4634 esse
3640 4584 3844 4653 putavit

2295 4667 2412 4741 (Cf.
2451 4665 2647 4721 Plinius
2680 4662 2718 4715 l.
2764 4660 2826 4725 1.;
2867 4659 3157 4732 Polycritus
3181 4676 3267 4730 ap.
3308 4657 3553 4713 Strabou.
3596 4675 3652 4730 p.
3698 4658 3800 4729 509
3824 4680 3839 4723 3

2291 4748 2415 4801 Itin.
2448 4744 2595 4799 Alex.
2623 4759 2671 4794 e.
2704 4742 2791 4796 81.
2819 4738 2918 4802 85;
2946 4735 3233 4791 lornandes
3260 4739 3339 4791 De
3359 4736 3472 4791 reb.
3496 4737 3617 4790 Get.
3650 4754 3701 4791 c.
3732 4736 3761 4790 5
3791 4748 3847 4792 et

2292 4835 2441 4878 ortus
2456 4823 2579 4876 hinc
2597 4819 2854 4874 Ptolemaei
2875 4818 2952 4886 (3,
2976 4817 3032 4887 5)
3056 4835 3206 4870 error
3223 4834 3339 4870 aras
3357 4814 3641 4870 Alexandri
3654 4814 3725 4869 ad
3740 4817 3847 4871 Ta-

2295 4905 2434 4957 naim
2456 4898 2715 4955 Maeotidis
2736 4896 2955 4951 fluvium
2983 4894 3284 4967 ponentis).
3315 4896 3398 4948 De
3432 4896 3845 4949 Araxe-Iaxarte

2292 4978 2479 5034 Strabo
2520 4996 2575 5044 p.
2624 4977 2723 5031 513
2776 4992 2790 5030 :
2836 4972 3066 5027 Μάλιστα
3091 4972 3143 5027 δέ
3180 4991 3296 5045 φασι
3328 4971 3415 5027 τὸν
3450 4970 3645 5045 Ἀράξην
3692 4993 3843 5028 ποτα-

2298 5058 2391 5129 μὸν
2420 5057 2735 5120 κατακλύζειν
2758 5054 2847 5124 τὴν
2872 5055 3042 5124 χώραν
3062 5055 3170 5121 (so.
3197 5059 3291 5106 τῶν
3314 5052 3689 5126 Μασσαγετῶν)
3716 5052 3841 5108 πολ-

2292 5137 2428 5207 λαχῆ
2448 5136 2759 5206 σχιζόμενον,
2784 5131 3072 5186 ἐκπίπτοντα
3086 5130 3141 5184 δὲ
3164 5133 3269 5192 τοῖς
3299 5130 3385 5201 μὶν
3410 5130 3583 5193 ἄλλοις
3600 5132 3841 5203 στόμασιν

2295 5214 2360 5277 εἰς
2381 5212 2468 5279 τὴν
2489 5211 2647 5281 ἄλλην
2667 5217 2685 5278 (
2696 5231 2762 5267 an
2788 5209 3074 5283 μεγάληνῖ)
3095 5207 3184 5277 τὴν
3215 5210 3331 5280 πρὸς
3352 5208 3543 5280 ἄρκτοις
3567 5207 3834 5273 θάλατταν,

2296 5293 2369 5346 ἐνὶ
2392 5292 2445 5345 δὲ
2464 5294 2597 5362 μόνῳ
2618 5290 2733 5361 πρὸς
2754 5289 2839 5343 τὸν
2864 5288 3049 5341 κόλπον
3081 5287 3167 5341 τὸν
3195 5285 3471 5359 Ὑρκάνιον.
3503 5286 3587 5341 Cf.
3613 5290 3835 5342 Aristot-

2294 5373 2515 5425 Meteor.
2560 5388 2605 5434 1,
2640 5369 2699 5422 13
2738 5378 2791 5421 et
2822 5366 3024 5420 Tabula
3062 5366 3478 5437 Peutingeriana.
3506 5363 3839 5418 Cousercnda
