4584 6284
630 479 690 544 iv
1957 479 2110 541 PRO
2120 482 2480 544 LEGOMEN
2490 477 2552 541 A·

628 610 1011 714 correximus
1035 611 1241 712 tacite,
1271 627 1390 711 nec
1421 607 1928 712 monuimus-nisi
1951 608 2031 672 de
2055 628 2188 690 gra·
2281 631 2442 695 quus
2499 614 2748 678 urbium
2796 614 3084 696 scriptor,
3162 619 3482 700 superiora
3547 622 3833 705 Dionysii·

627 699 901 762 vlonbus
951 698 1048 761 vel
1099 717 1152 760 si
1185 697 1340 780 quid
1389 694 1471 759 ad
1519 699 1800 778 Dionysii
1845 695 2192 777 fragmenta
2278 700 2463 764 verba
2495 699 2674 764 affert
2717 722 2731 765 :
2773 725 2801 762 n
2868 720 2939 766 ea
2986 704 3068 766 ita
3103 705 3364 788 intelligi
3412 717 3706 788 possunt,
3752 721 3824 776 ut

627 787 908 869 proxime
947 785 1313 868 pertineret.
1373 783 1662 847 Ceterum
1705 786 1980 864 integros
2022 783 2190 850 Gillii
2277 786 2495 851 Gillius
2522 806 2749 852 nomen
2772 790 3039 854 auctoris
3063 809 3188 854 non
3212 791 3436 874 inipso
3464 813 3576 858 suo
3600 798 3823 862 codice

629 874 1114 940 commentarios
1154 892 1191 935 a
1225 871 1411 936 nobis
1456 871 1750 955 repetitos
1780 889 1917 934 esse
1961 890 2184 949 nemo,

626 970 696 1028 ut
725 982 908 1046 spero
925 1010 943 1040 ‚
980 962 1240 1026 dolebit.
1273 960 1523 1024 Habent
1549 978 1699 1024 sane
1721 959 2022 1023 nonnulla
2046 979 2186 1042 quse

627 1052 706 1117 ad
727 1071 864 1117 rem
898 1052 1112 1116 minus
1143 1054 1426 1134 spectent
1447 1049 1546 1113 vel
1574 1068 1688 1132 pro
1713 1056 2020 1131 praesente
2055 1049 2187 1112 lite—

627 1159 839 1204 rarum
855 1145 1019 1204 statu
1042 1158 1171 1204 non
1190 1138 1340 1204 satis
1354 1136 1825 1202 accommodate
1841 1137 2008 1200 dicta
2031 1137 2183 1213 sint;

624 1229 916 1312 plurimis
944 1235 1154 1292 autem
1195 1226 1555 1291 nominibus
1587 1225 1912 1308 permagni
1956 1225 2188 1290 facien-

625 1319 742 1381 dos
772 1334 912 1380 esse
964 1324 1094 1381 tam
1123 1323 1220 1380 est
1259 1315 1328 1378 in
1372 1313 1702 1396 propatulo
1729 1319 1800 1376 ut
1835 1311 1915 1375 de
1958 1312 2076 1376 hac
2117 1331 2185 1376 re

623 1405 816 1469 verba
847 1406 1054 1469 facere
1078 1402 1367 1486 putidum
1392 1401 1489 1464 sit.

709 1494 913 1557 Codex
953 1495 1258 1574 Dionysii,
1302 1508 1430 1576 quo
1479 1507 1630 1554 usus
1678 1495 1774 1553 est
1811 1487 2032 1552 Gillius
2081 1487 2181 1570 (1),

625 1599 780 1645 num
810 1581 890 1644 ab
916 1578 1141 1645 eodem
1168 1579 1356 1643 etiam
1386 1582 1590 1642 emtus
1617 1584 1682 1640 et
1709 1577 1774 1639 in
1795 1575 2059 1640 Galliam
2087 1577 2182 1640 vel

627 1668 692 1731 in
715 1670 961 1734 ltaliam
997 1669 1218 1731 allatus
1245 1667 1330 1730 sit
1373 1671 1434 1729 et
1463 1685 1605 1748 quae
1635 1673 1844 1729 cetera
1869 1664 2006 1744 ejus
2034 1662 2182 1726 libri

624 1759 751 1820 fata
793 1756 1055 1835 fuerint,
1090 1754 1424 1819 nescimus.
1473 1752 1832 1816 Holstenius
1869 1751 1913 1814 1.
1967 1751 2039 1828 1.,
2074 1750 2183 1834 qui

625 1849 843 1912 Romae
871 1847 1099 1910 frustra
1124 1845 1512 1927 quaesiverat,
1542 1860 1688 1906 eum
1714 1840 1950 1904 latitare
1979 1839 2186 1921 suspi-

621 1937 885 2003 cabatur
904 1936 970 1999 in
995 1934 1212 2000 Galliae
1239 1931 1637 1997 bibliothecis
1657 1977 1674 2011 ,
1701 1929 1868 1994 unde
1889 1929 2057 1992 furto
2079 1934 2184 1992 aut

625 2024 751 2088 alio
773 2043 921 2088 casu
939 2023 1168 2088 librum
1191 2021 1570 2104 disparuisse
1594 2020 1747 2084 dicit
1763 2017 2180 2084 Schneiderus

626 2112 709 2175 ad
736 2113 962 2176 AElian.
1001 2115 1118 2175 An.
1145 2113 1280 2174 Nat.
1327 2114 1387 2188 7,
1419 2111 1520 2173 24.
1555 2109 1698 2172 Alia
1729 2109 2086 2188 conjectura
2116 2105 2180 2168 in

623 2205 880 2284 promtu
907 2207 1033 2278 est,
1058 2199 1114 2262 si
1137 2205 1308 2263 recte
1330 2195 1570 2263 habent
1593 2213 1737 2279 quae
1765 2194 1830 2257 in
1859 2211 2004 2257 meo
2033 2191 2182 2256 Dio-

622 2289 785 2371 nysii
838 2285 1173 2369 exemplari
1219 2283 1562 2359 Schwabii,
1621 2280 1990 2366 professoris
2039 2279 2201 2363 Lip--

625 2377 874 2453 siensiS,
928 2395 1117 2440 manu
1173 2379 1466 2438 annotata
1513 2373 1805 2452 leguntur
1870 2369 2084 2433 haecce
2157 2388 2173 2431 ε

633 2487 665 2525 α
685 2465 846 2529 Huic
885 2464 1016 2527 viro
1062 2462 1183 2545 (sc.
1215 2458 1435 2545 Gillio)
1477 2459 1598 2523 alia
1643 2459 1933 2542 quaedam
1962 2478 2179 2523 manu-

622 2546 1994 2718 {istam”223223313223133‘333‘
2008 2546 2176 2716 ἑξεῖ·

622 2746 764 2810 qum
793 2728 912 2793 sub
947 2727 1204 2810 proprio
1233 2724 1490 2789 nomine
1524 2723 1924 2806 postmodum
1963 2681 2170 2803 protu3

617 2816 719 2895 lit3
750 2836 873 2896 qua
903 2813 1410 2880 dissimulatione·
1434 2810 1712 2875 eruditos
1751 2829 1880 2874 non
1915 2809 2165 2886 fefellit,

614 2919 809 2983 quum
825 2903 1070 2964 leonem
1089 2919 1163 2963 ex
1177 2898 1488 2980 unguibus
1501 2899 1945 2978 agnoscerent(
1959 2897 2172 2959 Boeck-

611 2988 727 3064 leri
781 2991 1125 3053 Commeat.
1185 2989 1276 3050 De
1337 2985 1474 3050 reb.
1535 2987 1719 3048 Ture.
1775 3003 1839 3066 p.
1895 2986 2069 3062 181).
2129 3007 2171 3044 »-

610 3077 842 3154 Quodsi
887 3077 1158 3158 exiguus-
1181 3075 1461 3157 Dionysii
1507 3078 1706 3138 nostri
1763 3072 2014 3135 libellus
2064 3073 2173 3135 ali-

609 3164 758 3230 cubi
818 3165 886 3228 in
926 3163 1328 3227 bibliothecis
1385 3161 1596 3224 adhuc
1657 3161 1838 3236 latet,
1895 3161 2172 3224 fortassis

611 3251 1090 3334 chronographo
1130 3249 1316 3313 alicui
1345 3247 1680 3330 Byzantino
1697 3246 1806 3311 .vel
1842 3245 2174 3329 antiquita-

611 3347 752 3404 tum
779 3337 1602 3421 Constantinopolitanarum
1637 3334 1928 3417 scriptori
1957 3334 2174 3415 adjun-

612 3433 751 3491 ctus
776 3428 874 3493 vel
901 3429 1088 3492 etiam
1121 3427 1389 3492 insertus
1411 3432 1510 3490 est
1543 3422 1651 3508 (2),
1689 3441 2024 3506 suppresso
2059 3442 2176 3486 no-

612 3515 784 3580 mine
832 3517 1126 3581 auctoris.
1181 3515 1361 3579 Certe
1405 3531 1548 3597 qum
1582 3511 1805 3578 Gillius
1844 3510 1926 3576 ad
1966 3513 2041 3575 fr.
2091 3517 2166 3577 65

611 3623 674 3687 p.
699 3608 772 3670 91
802 3603 964 3669 dicit
995 3624 1011 3668 ε
1049 3625 1080 3665 α
1096 3605 1188 3667 Ex
1212 3601 1314 3666 his
1337 3599 1615 3685 Dionysii
1640 3599 1849 3664 verbis
1874 3600 2056 3664 facile
2078 3619 2170 3665 as-

611 3693 933 3777 sequimur
999 3691 1258 3774 Bospori
1327 3691 1640 3774 Anaplum
1695 3687 1832 3754 esse
1896 3689 2171 3772 Dionysii

612 3781 780 3845 illius
816 3781 1090 3862 Byzantii
1127 3779 1544 3862 antiquissimi
1589 3777 1913 3861 scriptoris
1932 3825 1950 3856 ,
1981 3797 2170 3862 quem

608 3871 736 3950 iam
763 3869 1106 3953 saepissime
1147 3869 1365 3944 citavi;
1395 3886 1541 3931 nam
1577 3867 1964 3950 Stephanus,
2011 3868 2204 3931 anti--

607 4045 834 4112 peritum.
869 4043 1088 4098 Heredes
1123 4058 1188 4097 ex
1213 4043 1409 4098 schedis
1431 4043 1677 4110 postumis
1702 4043 2018 4108 publicarunt
2045 4057 2170 4109 opus

607 4114 743 4180 quod
765 4115 988 4167 omnium
1011 4115 1211 4167 minime
1225 4115 1322 4180 ipsi
1346 4113 1692 4180 intelligebant.
1712 4116 1816 4178 Ego
1831 4113 2048 4165 maximo
2065 4117 2169 4166 stu·

605 4185 689 4237 dio
714 4187 766 4237 et
791 4184 980 4237 difficili
1007 4185 1175 4240 labore
1201 4187 1366 4236 totum
1381 4183 1604 4235 recensui
1629 4181 1938 4234 adauctoris
1955 4187 2167 4235 mentem

605 4259 659 4308 et
677 4255 848 4312 sedulo
865 4259 1128 4309 auctorum
1153 4256 1262 4307 loca
1289 4267 1408 4319 qnae
1441 4253 1579 4316 citat,
1605 4252 1876 4318 perquisivi
1892 4257 1946 4306 et
1961 4255 2162 4306 contuli.

605 4329 773 4392 Neque
789 4327 842 4379 id
868 4329 1047 4390 solum,
1075 4327 1174 4398 sed·
1193 4326 1418 4379 chartam
1441 4324 1648 4390 Bospori
1679 4337 1737 4376 ex
1753 4323 1938 4376 tabulis
1954 4324 2166 4377 nauticis

605 4398 957 4449 Bollandorum
971 4401 1022 4449 et
1037 4397 1232 4450 duobus
1247 4396 1523 4459 itinerariis,
1538 4396 1695 4447 altero
1707 4394 1896 4461 anglico
1921 4393 2166 4447 Edmondi

605 4467 814 4532 Suades,
830 4470 982 4522 altero
1005 4468 1187 4521 Gallico
1212 4471 1307 4520 Dn.
1325 4467 1455 4519 dela
1479 4469 1616 4530 Haye
1630 4464 1698 4517 ad
1719 4465 1938 4531 Dionysii
1955 4469 2009 4518 et
2026 4466 2166 4520 -Gillii

603 4541 820 4592 mentem
844 4539 1048 4593 confeci.
1079 4560 1104 4584 υ
1143 4541 1274 4591 Inter
1299 4551 1360 4590 ea
1383 4549 1498 4601 qum
1533 4535 1769 4589 Holstenii
1795 4549 1949 4589 manu
1983 4537 2165 4602 scripta

604 4609 988 4662 humanissimus
1015 4608 1326 4662 bibliothecoe
1355 4607 1636 4659 Berberinae
1656 4609 1828 4660 custos
1857 4607 1980 4660 mihi
2008 4607 2161 4674 inspi-

604 4680 777 4733 cienda
801 4679 952 4744 dedit,
989 4681 1054 4732 ad
1077 4680 1364 4744 Dionysium
1386 4681 1502 4742 Byz.
1529 4677 1652 4730 nihil
1685 4677 1974 4743 pertinebat.

669 4752 739 4815 (1)
785 4751 1008 4817 Procopii
1051 4750 1319 4814 Anecdota,
1349 4749 1532 4814 quibus
1572 4747 1748 4800 Gillins
1781 4749 1865 4813 (p.
1900 4749 1997 4815 74)
2037 4763 2164 4802 usus

605 4825 698 4885 est,
717 4825 770 4875 in
792 4821 961 4875 codice
993 4821 1411 4886 constantinopoli
1433 4819 1607 4886 legisse
1625 4816 1839 4882 videtur,
1860 4818 2086 4871 fortassis
2109 4820 2163 4871 in

601 4893 794 4957 eodem,
813 4907 964 4959 quem
984 4895 1156 4960 postea
1175 4895 1390 4945 ioannes
1408 4890 1628 4944 Lascaris
1651 4889 2072 4955 Constantinopoli
2096 4890 2162 4942 ad

601 4965 925 5018 Laurentium
945 4964 1223 5017 Mediceum
1259 4963 1488 5017 attulisse
1513 4961 1712 5014 dicitur.
1740 4964 1802 5012 v.
1831 4964 2163 5014 Assemannus

603 5037 657 5089 in
679 5036 880 5089 Praefat.
904 5035 969 5087 ad
992 5039 1196 5100 Procop.
1223 5034 1344 5086 hist.
1365 5045 1527 5086 arcan.
1551 5047 1602 5097 p.
1631 5035 1782 5085 xxiv
1803 5030 1882 5082 ed.
1909 5033 2066 5084 Bonn.

668 5107 738 5170 (2)
751 5107 833 5158 Sic
866 5102 1103 5169 Anonymi
1131 5103 1441 5156 Stadiasmus
1454 5103 1607 5155 maris
1621 5102 1800 5155 intemi
1826 5101 2040 5154 insertus
2056 5105 2164 5154 erat

602 5177 806 5230 misellae
835 5173 1244 5242 Ghmnographim
1271 5174 1816 5240 constantinopolitane
1832 5192 1848 5236 ;
1867 5172 1942 5226 sic
1962 5173 2162 5225 Palladii

602 5245 668 5300 dc
709 5245 1096 5300 Bracluuanibus
1124 5244 1250 5296 liber
1287 5243 1455 5298 illatus
1487 5245 1562 5296 est
1591 5245 1644 5295 in
1672 5242 2162 5296 Pseudocallisthenis

603 5316 667 5370 de
689 5316 968 5371 Alexandro
993 5313 1263 5369 historiam.

2278 876 2606 959 repererit,
2630 877 2739 940 sed
2770 897 2847 942 ex
2868 879 3178 960 Stephano
3209 880 3459 945 demum
3484 885 3573 963 (v.
3603 888 3816 965 Χρυσό·

2274 967 2457 1040 πολις)
2492 965 2724 1029 eruerit
2750 965 2853 1050 (1).
2876 968 3160 1031 Ceterum
3190 968 3268 1033 de
3294 969 3570 1054 Dionysii
3599 972 3823 1038 codice

2274 1052 2549 1135 quodam
2580 1053 2745 1118 fama
2771 1061 2969 1118 exstat
2994 1055 3163 1138 apud
3188 1059 3555 1138 Gesnem,
3599 1061 3708 1144 qni
3753 1063 3819 1126 in

2273 1140 2565 1206 Biblioth.
2599 1160 2661 1225 p.
2696 1146 2813 1208 212
2868 1163 2883 1206 :
2926 1165 2955 1202 α
2990 1143 3451 1227 Navigationem
3470 1193 3487 1224 ,
3537 1148 3658 1225 ait,
3706 1169 3819 1232 per

2275 1229 2621 1312 Bosporum
2652 1250 2690 1294 a
2712 1230 3005 1314 Dionysio
3040 1232 3413 1318 descriptam
3452 1237 3664 1302 nescio
3708 1239 3827 1302 ubi.

2271 1315 2478 1382 adhuc
2507 1325 2747 1384 exstare
2780 1320 3083 1386 audivisse
3114 1321 3271 1384 mibi
3302 1322 3513 1388 videor
3540 1323 3825 1388 venetiis-

2272 1420 2351 1466 ex
2375 1403 2623 1470 Nicolao
2650 1407 2963 1489 Sopbiano
2981 1409 3236 1474 homine
3256 1410 3473 1475 Graeco
3494 1411 3568 1492 [e
3590 1413 3816 1495 Corcy-

2271 1507 2343 1552 ra
2370 1491 2665 1570 oriundo,
2694 1494 2801 1578 qui
2826 1514 3041 1560 versus
3073 1495 3265 1559 finem
3294 1497 3506 1560 soeculi
3530 1501 3637 1562 XV
3668 1499 3828 1564 vixit

2270 1580 2487 1644 Romae
2507 1587 2569 1645 et
2589 1581 2915 1664 venetiis}
2930 1606 2961 1643 n
2986 1585 3074 1646 De
3094 1583 3317 1647 eodem
3330 1582 3550 1648 codice
3576 1587 3819 1650 Holste-

2270 1666 2413 1730 nius
2444 1666 2556 1752 (2),
2586 1669 2831 1734 laudato
2856 1674 3166 1746 Gesnero,
3211 1670 3295 1734 ita
3322 1664 3598 1753 loquitur
3636 1678 3707 1739 ut
3747 1675 3827 1738 11--

2270 1753 2454 1818 brum
2472 1774 2663 1838 penes
2684 1757 2889 1839 ipsum
2916 1756 3299 1840 Sophianum
3327 1758 3516 1824 fuisse
3531 1760 3816 1827 videatur

2269 1841 2627 1909 credidisse.
2657 1846 2878 1910 Nescio
2902 1852 3111 1909 tamen
3139 1865 3219 1909 an
3247 1845 3447 1912 codex
3474 1847 3593 1912 iste
3623 1868 3819 1913 annu-

2268 1931 2602 1996 merandus
2629 1931 2705 1997 iis
2726 1933 2809 1999 sit
2830 1934 2939 2017 qui
2968 1934 3124 1997 nihil
3149 1933 3265 1996 nisi
3291 1934 3703 2016 fragmentum
3739 1955 3816 2000 ex

2268 2015 2445 2082 initio
2472 2021 2686 2104 scripti
2714 2021 3068 2104 Dionysiani
3095 2021 3492 2103 depromtum
3522 2022 3825 2087 exhibent

2267 2124 2391 2170 una
2412 2124 2556 2170 cum
2575 2110 2986 2192 Agathemero
3004 2109 3265 2192 aliisque
3276 2126 3724 2192 anonymorum
3745 2110 3819 2174 li-

2268 2194 2450 2260 bellis
2461 2199 2909 2282 geographicis.
2924 2197 3247 2281 Ejusmodi
3266 2197 3459 2262 libros
3472 2201 3815 2263 manuscri-

2266 2293 2411 2366 ptos
2429 2285 2711 2352 novimus
2726 2291 3099 2352 Par-isienses
3120 2290 3300 2366 1405,
3321 2289 3476 2350 1406
3492 2332 3508 2362 ,
3528 2290 3688 2351 2554
3706 2288 3731 2371 (
3748 2288 3815 2351 in

2264 2374 2389 2439 hoc
2415 2376 2487 2438 D.
2520 2377 2929 2459 fragmentum
2956 2377 3055 2442 bis
3094 2376 3370 2456 legitur),
3408 2377 3813 2442 Matritensem

2266 2465 2402 2537 138,
2436 2464 2744 2526 Palatino·
2755 2465 3105 2527 Vaticanum
3132 2465 3211 2526 62
3254 2463 3349 2546 (in
3379 2463 3663 2543 Sylburg.
3699 2465 3825 2527 Ca·-

2262 2549 2449 2630 talog.
2486 2550 2671 2613 codd.
2702 2551 3198 2615 Palatino-vatic.
3241 2571 3302 2633 p.
3332 2554 3405 2614 21
3428 2551 3484 2630 );
3514 2551 3613 2614 his
3641 2551 3807 2616 adde

2261 2637 2545 2702 codicem
2558 2641 2992 2717 Florentinum,
3007 2659 3043 2704 e
3057 2657 3184 2723 quo
3194 2641 3632 2719 Fragmentum
3648 2640 3809 2704 illud

2231 2805 2238 2810 .
2261 2726 2585 2808 exscripsit
2608 2728 2850 2792 Isaacus
2868 2726 3147 2805 Vossius,
3178 2733 3438 2791 testante
3460 2728 3812 2791 Montefau-
3909 2736 3917 2743 “

2258 2833 2418 2879 cono
2446 2817 2495 2896 1,
2529 2833 2591 2897 p.
2620 2818 2736 2878 677
2763 2816 2827 2877 in
2859 2815 3129 2895 Catalog.
3158 2833 3307 2878 mss.
3339 2817 3415 2880 Is.
3442 2815 3647 2880 Vossii
3682 2816 3803 2898 (Cf.

2258 2901 2563 2965 Gerhard.
2594 2904 2771 2966 VosS.
2802 2904 2892 2966 De
2918 2901 3139 2967 histor.
3172 2921 3263 2984 gr.
3285 2899 3351 2985 ‘p.
3379 2906 3493 2968 431
3524 2903 3623 2966 ed.
3660 2906 3823 2968 We-

2259 2989 2705 3069 sterm.).1dem
2719 2989 2989 3072 denique
3008 2992 3515 3056 Montefauconus
3534 2995 3580 3068 1,
3602 3013 3663 3076 p.
3687 2999 3808 3059 496

2260 3075 2326 3137 in
2358 3077 2645 3158 catalogo
2685 3079 2844 3145 Bibl.
2876 3078 3307 3144 Ambrosianae
3351 3089 3635 3146 recenset
3664 3085 3809 3146 Dio·

2259 3171 2423 3244 nysii
2444 3169 2729 3246 Byzantii
2750 3170 3187 3245 naviyationem
3214 3169 3468 3248 Bospori
3484 3214 3502 3243 ‚
3529 3187 3717 3249 quam
3744 3177 3810 3234 et

2260 3252 2462 3335 ipsam
2489 3253 2553 3316 in
2580 3272 2706 3319 uno
2734 3254 2843 3323 illo
2872 3255 3216 3336 fragmento
3244 3255 3575 3319 subsistere
3604 3257 3813 3340 suspi-

2260 3359 2495 3405 camur.
2521 3341 2765 3406 Primus
2797 3343 3208 3422 fragmentum
3248 3342 3445 3406 edidit
3472 3345 3597 3408 Leo
3642 3345 3813 3409 Alla-

2257 3429 2386 3493 tius
2420 3429 2499 3512 (3)
2534 3431 2599 3493 in
2630 3430 2794 3494 notis
2837 3429 2918 3494 ad
2946 3429 3273 3494 Philonem
3318 3432 3675 3512 Byzantium
3715 3435 3805 3496 De

2260 3523 2499 3600 septem
2524 3517 2693 3582 orbis
2716 3515 3085 3601 spectaculis
3108 3519 3361 3598 (Romae,
3388 3516 3564 3599 1640)
3585 3539 3601 3594 ;
3626 3537 3810 3583 acce-

2259 3614 2438 3690 perat
2474 3608 2598 3672 Leo
2645 3626 2683 3671 a
2706 3607 3023 3672 Malatesta
3072 3605 3343 3684 Albano,
3395 3606 3504 3691 qui
3558 3607 3692 3690 ipse
3729 3627 3807 3673 ex

2260 3695 2479 3761 codice
2506 3695 2799 3761 Vaticano
2833 3693 3215 3760 desumsisse
3248 3695 3512 3760 videtur.
3562 3699 3809 3770 Deinde-

2259 3804 2298 3849 a
2323 3785 2639 3866 Ducangio
2658 3784 2893 3849 editum
2912 3792 3005 3849 est
3029 3783 3095 3849 in
3116 3784 3576 3868 constantinop.
3604 3788 3809 3852 Chris-

2257 3873 2426 3938 tiana
2456 3874 2581 3957 (an.
2618 3873 2816 3954 1680),
2842 3871 3009 3936 unde
3036 3873 3454 3956 repetiverunt
3478 3875 3809 3939 Fabricius

2322 4117 2392 4180 (1)
2432 4116 2594 4166 Alium
2630 4117 2887 4167 incertum
2924 4116 3233 4178 scriptorem
3280 4112 3343 4164 de
3383 4113 3491 4165 loco
3538 4115 3803 4180 Bosporico

2255 4187 2430 4239 Gillius
2454 4183 2623 4236 laudat
2649 4197 2699 4249 p.
2724 4188 2803 4246 84,
2832 4197 2884 4234 a.

2317 4258 2386 4321 (2)
2412 4255 2626 4306 Holsten.
2655 4253 2706 4304 in
2730 4255 2819 4317 Ep.
2850 4251 2915 4303 ad
2941 4253 3147 4304 Peiresc.
3174 4275 3187 4304 ε
3222 4272 3247 4296 κ
3267 4253 3426 4304 Solam
3448 4265 3537 4318 ego
3563 4253 3809 4308 hactenus

2253 4325 2585 4392 praefationem
2614 4335 2772 4388 grace
2801 4321 2975 4387 reperi,
3000 4322 3255 4386 quantivis
3283 4335 3399 4374 sane
3423 4323 3568 4387 pretii
3594 4327 3648 4376 et
3668 4329 3813 4378 notae.

2250 4395 2461 4460 optimae.
2490 4393 2603 4444 Fuit
2636 4392 2879 4457 exemplar
2910 4391 3019 4454 eius
3050 4391 3186 4457 apud
3202 4393 3451 4442 Nicolaum
3482 4392 3799 4459 Sophianum,

2248 4463 2491 4516 hominem
2515 4475 2730 4529 gracum
2752 4465 2804 4513 et
2818 4475 2983 4512 rerum
2998 4460 3421 4527 geographicarum
3450 4461 3571 4514 satis
3586 4462 3801 4527 peritum

2249 4537 2303 4588 et
2334 4533 2420 4598 qui
2446 4534 2582 4586 solus
2608 4546 2675 4584 ex
2710 4544 2770 4584 ea
2809 4535 2952 4598 gente
2994 4535 3107 4597 post
3142 4533 3337 4584 renatas
3378 4531 3547 4584 literas
3590 4534 3809 4598 patriam.

2247 4603 2491 4656 illustr-are
2515 4603 2722 4654 conatus
2744 4604 2851 4665 est3
2884 4603 3104 4666 citatque
3135 4601 3188 4652 in
3230 4599 3527 4654 Bibliotheca
3558 4615 3653 4655 sua
3682 4606 3807 4657 Ges·

2249 4687 2417 4727 uerus.
2451 4695 2477 4720 ι

2312 4747 2381 4810 (3)
2413 4743 2637 4797 Allatiani
2676 4741 2937 4810 apographi
2977 4742 3217 4796 rationem
3255 4756 3353 4795 non
3375 4741 3528 4796 habui
3553 4743 3605 4797 in
3630 4747 3803 4799 annot..

2246 4817 2313 4869 ad
2332 4817 2392 4870 fr.
2415 4821 2459 4880 1,
2480 4814 2711 4881 quoniam
2732 4816 2858 4866 tunc
2874 4813 3000 4866 illud
3016 4827 3113 4866 non
3125 4826 3373 4866 noveram.
3398 4815 3466 4864 Ut
3481 4828 3614 4866 nunc
3632 4815 3794 4880 video,

2245 4886 2451 4940 mendas
2478 4886 2753 4936 ceterorum
2773 4882 2998 4935 codicum
3031 4881 3182 4936 habet
3214 4886 3265 4936 et
3288 4883 3467 4948 ipsum,
3496 4883 3677 4947 quibus
3702 4898 3793 4936 no-

2249 4971 2340 5010 vas
2378 4955 2619 5022 quasdam
2645 4955 2804 5007 stu-iba
2844 4953 3028 5006 codicis
3052 4955 3131 5007 vel
3179 4955 3383 5006 Allatius
3430 4952 3633 5006 addidit.
3678 4957 3799 5007 lloec

2247 5029 2433 5081 referre
2446 5038 2609 5093 operm
2624 5039 2723 5076 non
2747 5029 2825 5078 est
2840 5023 3068 5091 pretium.
3099 5027 3295 5078 Monere
3322 5028 3525 5090 praestat
3550 5024 3797 5077 nichium

2247 5099 2387 5152 initio
2414 5095 2671 5164 fiagruenti
2696 5107 2787 5160 pro
2817 5096 2967 5152 ἄλλως
2985 5093 3180 5146 dedisse
3218 5095 3274 5144 ἂν
3297 5097 3378 5156 ὡς,
3418 5091 3554 5158 quod
3586 5107 3717 5144 nunc
3746 5097 3801 5145 et

2246 5171 2356 5236 ipse
2380 5168 2577 5228 malim3
2600 5178 2897 5231 quamquam
2922 5165 2965 5217 si
2982 5167 3039 5216 ἂν
3053 5164 3106 5216 in
3125 5167 3310 5217 antece.
3326 5163 3589 5216 inserueris
3606 5200 3620 5225 ,
3647 5165 3805 5222 ἅὶλως

2247 5254 2351 5292 vox
2372 5237 2493 5291 nihil
2514 5236 2664 5289 habet
2682 5235 2878 5288 insoliti.
2902 5237 3019 5286 Mox
3033 5234 3175 5287 lineae
3201 5242 3230 5287 e
3257 5231 3403 5286 verba
3417 5234 3476 5284 δι’
3498 5234 3655 5298 ὀλίγου
3680 5244 3805 5285 cum

2249 5311 2438 5363 Frickio
2453 5311 2618 5361 vertas
2632 5319 2803 5373 parvo
2828 5305 3124 5358 intervallo.
