4584 6284
1964 494 2245 555 '1011th
2289 492 2514 555 ORBIS
2543 489 3016 555 DESCRIPTIO.

812 623 867 684 A
969 633 1059 695 64.
1108 632 1233 684 Post
1258 627 1506 701 Cycladas
1543 628 1751 681 Cretam
1790 628 2023 680 invenies
2068 626 2295 680 insulam
2322 642 2442 679 ma·
2479 640 2492 743 ¹

887 734 1051 789 gnam
1068 755 1083 781 ,
1111 732 1229 787 qua
1254 726 1467 769 centum
1496 732 1721 769 numero
1740 713 2035 767 civitatibus
2062 722 2243 767 ornata
2286 709 2450 766 refer-

898 506 1009 556 528

2533 634 2586 677 et
2611 634 2844 679 montem
2872 625 2966 697 qui
2995 625 3150 679 AEtna
3175 636 3412 692 vocatur,
3437 628 3530 697 qui
3559 626 3746 682 diebus
3771 639 3825 683 et
3847 627 4085 683 noctibus

2534 711 2723 767 ardens
2737 753 2754 778 ,
2777 713 2837 767 in
2862 712 3090 767 circuitu
3112 731 3214 768 suo
3235 716 3365 769 vites
3396 717 3624 788 optimas
3647 719 3834 781 nutrit,
3871 735 3984 789 quae
4012 720 4086 771 vi-

885 814 995 869 tur,
1019 812 1074 856 et
1100 812 1179 855 est
1215 802 1269 855 in
1299 801 1550 855 omnibus
1594 799 1741 853 dives
1778 809 1831 853 et
1849 796 2001 853 valde
2022 798 2300 864 mirabilis3
2329 815 2446 869 qnae
2533 816 2660 853 num
2686 798 2891 855 bonum
2918 798 3111 854 afferre
3138 798 3409 855 dicuntur.

884 896 1039 948 etiam
1068 893 1253 946 vinum
1274 894 1537 964 optimum
1564 890 1740 945 serens
1764 890 1926 945 habet
1964 893 2103 944 inter
2131 888 2255 944 alias
2278 892 2443 945 maxi-

2602 890 2690 942 66.
2721 887 2848 939 Post
2877 883 3108 940 Siciliam
3135 886 3457 941 Stoechades.
3493 888 3702 943 Deinde
3737 888 4005 957 Sardinia,
4033 901 4086 943 et

881 999 1022 1036 mam
1050 981 1318 1035 civitatem
1348 998 1467 1051 quie
1486 990 1708 1034 vocatur
1732 980 1999 1052 Gortyna,
2025 980 2081 1034 in
2107 997 2211 1051 qua
2248 990 2304 1033 et
2338 982 2439 1034 cir·
2529 972 2640 1042 59⁸⁸
2682 970 2939 1025 fructibus
2978 970 3235 1027 ditissima
3275 983 3328 1027 et
3348 971 3626 1043 jumentiS,
3653 985 3706 1029 et
3731 976 3890 1029 nimis
3913 976 4084 1048 splen-

877 1086 1057 1122 censes
1098 1077 1153 1121 et
1180 1067 1282 1120 viri
1320 1084 1385 1120 cx
1413 1077 1562 1138 parte
1600 1063 1797 1119 eruditi
1842 1084 1950 1120 esse
1996 1065 2264 1121 dicuntur.
2309 1065 2442 1121 Inde

877 1154 1133 1227 Cythera,
1164 1152 1466 1225 Zacynthus
1499 1162 1550 1206 et
1578 1152 1929 1224 cephalonia,
1986 1152 2234 1205 habentes
2274 1153 2440 1207 abun-

874 1238 1062 1293 danter
1089 1240 1271 1293 omnia
1294 1236 1453 1291 bona.

2527 1052 2672 1111 dida.

2601 1147 2668 1213 67
2683 1185 2696 1201 .
2731 1144 2938 1200 Deinde
2957 1146 3229 1201 Britannia
3257 1144 3428 1199 insula
3451 1144 3604 1199 valde
3629 1148 3862 1201 maxima
3886 1159 3936 1204 et
3950 1166 4085 1221 prae·

2529 1231 2700 1304 cipna,
2737 1234 2912 1286 omnia
2943 1234 3000 1286 in
3028 1232 3364 1287 multitudine
3381 1232 3684 1306 proferens',
3715 1236 3857 1289 viros
3878 1253 4088 1307 quoque

948 1327 1043 1383 65.
1091 1328 1219 1381 Post
1255 1325 1351 1379 has
1390 1326 1589 1396 optima
1631 1324 1868 1396 sequitur
1902 1335 1954 1377 et
1989 1326 2215 1380 maxima
2254 1327 2440 1383 Siciliae
2526 1328 2844 1389 pugnatores
2866 1330 2919 1374 et
2943 1319 3124 1375 sortes·

876 1414 1046 1469 insula
1062 1456 1075 1478 ,
1107 1431 1230 1487 quae
1252 1424 1472 1487 propter
1492 1411 1804 1467 soliditatem
1824 1422 1972 1467 terrae
1992 1411 2237 1467 disserens
2254 1418 2440 1470 ceteris

878 1501 1064 1555 insulis
1092 1501 1390 1569 invenitur3
1405 1499 1570 1553 multa
1586 1500 1729 1553 enim
1749 1510 1801 1553 et
1824 1516 2006 1570 magna
2026 1498 2164 1554 bona
2186 1518 2439 1571 generans

879 1586 1131 1642 omnibus
1159 1586 1358 1651 mittin
1393 1584 1511 1640 lana
1537 1602 1777 1657 qnoque,
1810 1584 2073 1640 frumento
2098 1596 2151 1640 et
2182 1584 2438 1657 jumentis

881 1672 1145 1731 abundat.
1174 1672 1343 1728 Habet.
1357 1686 1533 1727 autem
1560 1672 1795 1728 eruditos
1820 1684 1873 1727 et
1902 1672 2089 1727 divites
2108 1675 2245 1729 viros
2267 1694 2437 1747 giaco

880 1760 1151 1832 latinoque
1168 1776 1429 1813 sermone.
1450 1762 1596 1813 Inter
1613 1768 1808 1813 ceteras
1829 1777 1951 1813 vero
1974 1770 2077 1813 tres
2094 1760 2251 1815 babet
2263 1762 2437 1835 splen-

2597 1434 2686 1487 68.
2717 1432 2785 1485 Et
2809 1431 2924 1485 haec
2951 1404 3168 1505 quidem
3208 1433 3500 1488 secundum
3539 1434 3939 1507 possibilitatem
3987 1438 4086 1491 lu·

2525 1552 2734 1589 manam
2760 1534 3162 1609 descripsimus3
3193 1538 3237 1591 si
3262 1539 3402 1591 enim
3433 1538 3700 1595 latuerunt
3726 1558 3825 1596 nos
3851 1552 3940 1597 aut
3962 1560 4088 1615 pro·

2525 1636 2710 1691 vinciae
2737 1648 2830 1691 aut.
2855 1639 3088 1693 civitates
3110 1649 3213 1693 aut·
3228 1640 3438 1707 insulae,
3476 1660 3588 1696 non
3615 1644 3826 1711 multat,
3858 1654 3922 1700 ut
3954 1646 4090 1699 mihi

2526 1737 2766 1807 videtum
2789 1740 3051 1797 latuerunt
3067 1753 3242 1798 autem
3271 1762 3370 1817 pro
3393 1763 3458 1799 eo
3481 1746 3632 1817 quod
3667 1748 3987 1821 impossibile
4009 1761 4090 1804 est

877 1846 1031 1901 didas
1070 1848 1337 1913 civitates,
1382 1848 1685 1920 Syracusas,
1738 1847 2035 1902 Palm-mum
2072 1861 2124 1904 et
2163 1850 2400 1906 Catinam
2419 1894 2434 1919 ,
2521 1840 2726 1895 homini
2754 1844 2932 1899 omnia
2967 1862 3156 1912 nosse;
3184 1844 3326 1899 solus
3347 1847 3490 1901 enim
3529 1846 3694 1913 deus.
3721 1852 3812 1921 qui
3845 1852 4088 1907 universa

876 1935 933 1989 in
960 1934 1154 2007 quibus
1175 1944 1229 1989 et
1254 1933 1547 2007 spectacula
1570 1936 1881 1990 circensium
1898 1936 2234 1994 exhibentur.
2264 1940 2438 1996 Habet
2524 1947 2737 2012 creavit,
2761 1958 2940 2020 potest
2961 1950 3140 2004 omnia
3171 1968 3342 2008 nosse.

887 2044 4081 2081 Ἢ

796 2080 848 2144 Β
876 2107 964 2152 tur
978 2115 1089 2152 non
1113 2094 1356 2169 indigens
1387 2097 1597 2151 alterius
1622 2099 1905 2171 provincie
1929 2100 2209 2173 quicquam
2226 2120 2329 2175 pro
2353 2102 2431 2157 ia·

872 2184 1020 2238 brica
1044 2184 1291 2251 navium3
1320 2186 1607 2238 necessaria
1634 2187 1745 2257 ipsa
1778 2184 1948 2241 insula
1968 2185 2125 2241 babet
2144 2190 2323 2243 omnia
2357 2191 2436 2244 in·

872 2271 1035 2325 serius
1058 2269 1337 2336 declarata,
1357 2269 1578 2341 lignum,
1604 2282 1943 2326 aeramentum
1959 2312 1975 2338 ,
2003 2271 2218 2339 serrum,
2239 2276 2431 2347 picem,

870 2378 971 2415 nec
993 2379 1107 2414 non
1126 2378 1253 2414 vero
1279 2360 1557 2414 linteamen
1586 2377 1685 2431 pro
1704 2358 1891 2414 velaria
1922 2370 1975 2414 et
2014 2360 2219 2416 funium
2258 2380 2430 2418 usum.

870 2450 1071 2502 Dicunt
1096 2458 1273 2502 autem
1286 2458 1339 2501 et
1366 2447 1479 2501 aliis
1496 2446 1650 2501 bonis
1662 2447 1901 2501 homines
1918 2446 2203 2505 abundare.
2231 2450 2435 2505 Deinde

866 2534 1124 2589 Euhcmm
1152 2543 1206 2587 et
1221 2533 1387 2604 ipsam
1422 2532 1645 2587 insulam
1674 2533 1903 2587 nobilem
1928 2552 2037 2589 esse
2063 2534 2277 2601 dieunt,
2309 2536 2434 2591 inde

864 2638 983 2692 quae
1009 2620 1087 2673 sic
1121 2628 1380 2673 vocantur
1414 2617 1665 2691 Cycladas
1692 2618 1883 2673 insulas
1920 2638 2141 2675 numero
2169 2623 2432 2693 quinqua·

861 2707 1008 2778 ginta
1034 2716 1172 2773 tres,
1206 2722 1325 2777 quae
1348 2722 1533 2758 omnes
1576 2722 1733 2758 suum
1766 2704 1999 2775 judicem
2037 2706 2249 2762 hahent.
2281 2711 2430 2777 Qua-

858 2812 981 2849 rum
1006 2794 1207 2867 aliquas
1222 2810 1290 2847 ex
1310 2793 1527 2847 nomine
1552 2790 1729 2846 dicere
1752 2794 2097 2848 necessarium
2119 2806 2219 2861 est,
2241 2814 2434 2868 nempe

857 2879 1111 2935 Rhodum
1136 2878 1363 2933 insulam
1397 2888 1452 2933 ct
1478 2879 1743 2933 civitatem
1784 2880 2067 2933 maximam
2083 2921 2099 2944 ,
2125 2898 2265 2952 quae,
2297 2883 2432 2937 sicut

856 2968 1192 3041 prophetavit
1212 2966 1405 3039 Sibylla
1418 3006 1435 3034 ,
1464 2966 1531 3020 ab
1557 2967 1636 3020 ira
1658 2964 1743 3020 dei
1779 2977 1915 3021 esset
1938 2968 2188 3039 peritura.
2216 2970 2314 3023 Est
2337 2987 2430 3023 au·

856 3069 966 3113 tem
1002 3058 1060 3112 in
1096 3058 1209 3130 ipsa
1234 3058 1444 3111 civitate
1486 3066 1675 3121 statua,
1705 3071 1865 3126 quam
1907 3072 2091 3110 omnes
2123 3056 2430 3111 colosseum

858 3146 1172 3212 nominant,
1204 3162 1405 3199 novum
1438 3145 1611 3198 visum
1642 3142 2055 3215 magnitudinisg
2084 3142 2237 3197 dolus
2286 3146 2431 3199 enim

859 3232 917 3287 in
943 3233 1058 3305 ipsa
1086 3232 1206 3296 fuit,
1236 3230 1528 3286 secundum
1555 3230 1888 3304 prophetiam
1912 3230 2177 3303 praedictae
2203 3230 2429 3303 Sibyllae.

858 3323 977 3375 Jam
1016 3330 1072 3374 et
1102 3320 1265 3374 altera
1292 3330 1373 3374 est.
1404 3318 1661 3391 Apollinis
1698 3316 1973 3383 Tenedos3
2019 3317 2087 3372 ab
2124 3319 2236 3391 ipsa
2274 3319 2424 3373 inve-

861 3409 973 3461 nies
992 3406 1241 3463 Imbrum
1261 3448 1276 3473 ,
1304 3424 1423 3479 quae
1447 3406 1661 3460 Imbrus
1683 3405 1973 3478 leporinam
1996 3417 2191 3461 vestem
2210 3405 2432 3461 multam

862 3494 1004 3567 ejicit
1033 3506 1256 3568 propter
1287 3493 1665 3550 abundantiam
1698 3496 1861 3567 ipsius
1888 3496 1998 3561 rei;
2026 3494 2099 3548 ibi
2121 3494 2428 3549 animalium

862 3582 1150 3639 multitudo
1162 3604 1179 3652 ;
1211 3584 1267 3639 in
1298 3584 1488 3639 ceteris
1519 3601 1645 3637 vero
1690 3583 1847 3639 rebus
1886 3582 2153 3638 moderate
2193 3584 2310 3656 ipsa
2333 3582 2431 3638 sibi

862 3671 1129 3727 sufficiens
1146 3712 1163 3737 ,
1198 3672 1385 3727 vinum
1402 3682 1575 3727 autem
1606 3671 1833 3728 multum
1858 3672 2050 3728 faciens
2066 3713 2082 3739 ,
2108 3671 2432 3727 Macedoniae

864 3771 918 3815 ct
940 3761 1181 3817 Thraciae
1204 3761 1408 3832 regioni
1434 3761 1685 3818 similans.

935 3854 1025 3919 oh.
1054 3852 1241 3909 Postea
1268 3850 1477 3907 Cretam
1517 3849 1741 3905 insulam
1768 3850 2035 3915 invenies,
2066 3868 2183 3923 quae
2210 3861 2424 3905 eentum

826 3933 840 3952 ’
863 3961 1093 4000 numero
1118 3941 1421 3997 civitatibus
1455 3949 1637 3995 ornata
1660 3948 1767 4007 εἰς
1797 3949 1851 3993 et
1883 3938 2040 3994 estin
2067 3937 2315 3993 omnibus
2333 3936 2421 3991 di·

2523 2107 2621 2163 alia
2649 2109 2818 2165 insula
2833 2150 2849 2176 ,
2879 2110 3002 2165 inde
3021 2114 3324 2185 Zacynthus
3347 2124 3402 2168 et
3425 2114 3770 2188 Cephallenia
3793 2118 3974 2173 insula:
4002 2120 4090 2175 ha-

2525 2194 2702 2249 bentes
2723 2206 2776 2250 et
2801 2196 3124 2253 abundantes
3141 2200 3322 2255 omnia
3345 2199 3507 2256 bona.

2595 2284 2682 2339 65.
2699 2286 2825 2341 Post
2832 2304 2961 2357 quas
2972 2287 3167 2342 insulas
3188 2306 3374 2344 omnes
3389 2292 3590 2363 optima
3599 2302 3654 2345 et
3669 2292 3899 2347 maxima
3915 2293 4088 2349 Sicilia

2522 2372 2708 2442 insula,
2725 2392 2842 2447 quie
2862 2374 3115 2451 [propter]
3135 2376 3452 2432 soliditatem
3473 2388 3625 2433 terrae
3651 2378 3901 2435 differens
3921 2384 4090 2452 [inve-

2522 2462 2707 2533 πίων]
2726 2464 2892 2519 Multa
2907 2466 3046 2519 enim
3065 2465 3207 2521 bona
3220 2466 3394 2521 Sicilia
3415 2479 3632 2539 generat
3646 2508 3662 2535 ,
3680 2480 3735 2523 et
3749 2470 3944 2526 emittit
3967 2471 4086 2525 ubi-

2523 2569 2624 2622 que
2647 2554 2853 2623 negotia
2879 2554 3024 2609 utilia
3051 2555 3105 2608 in
3134 2554 3510 2610 abundantiam
3529 2596 3547 2624 ,
3579 2556 3753 2612 lanam
3784 2557 4082 2627 infinitam,

2521 2638 2759 2693 similiter
2784 2650 2838 2695 et
2853 2638 3110 2712 jumenta.
3135 2640 3310 2695 Habet
3340 2653 3519 2697 autem
3547 2654 3602 2697 et
3635 2645 3776 2697 viros
3812 2643 4010 2701 divites
4033 2660 4088 2703 et

2519 2726 2752 2783 eruditos
2775 2732 2920 2784 omni
2947 2729 3186 2785 doctrina
3213 2748 3380 2802 ssraeca
3397 2748 3614 2804 quoque
3643 2743 3698 2787 et
3719 2734 3901 2791 latina.
3933 2738 4080 2791 Civi-

2522 2825 2651 2870 tates
2693 2828 2866 2872 autem
2909 2818 3070 2873 habet
3095 2817 3394 2892 splendidas
3419 2820 3701 2893 Syracusas
3723 2833 3777 2877 et
3799 2824 4082 2892 Catanam,

2523 2904 2576 2957 in
2613 2904 2809 2976 quibus
2848 2906 3203 2979 spectaculum
3229 2906 3546 2961 circensium
3578 2907 3716 2963 bene
3753 2909 4079 2982 completum

2520 2994 2762 3048 animalia
2803 2997 2944 3049 enim
2972 2995 3113 3050 bona
3154 3006 3208 3050 et
3253 2996 3412 3051 fortia
3448 2995 3710 3053 habentes
3753 2999 4086 3055 contendunt

2521 3079 2832 3135 delectantes
2853 3082 3159 3135 animalium
3185 3083 3402 3139 virtute.
3431 3084 3496 3136 In
3522 3100 3628 3156 qua
3657 3082 3832 3139 insula
3851 3095 3906 3139 et
3931 3104 4088 3141 mon·

2521 3176 2626 3220 tem
2654 3166 2890 3240 [habent]
2911 3170 3002 3240 qui
3023 3168 3102 3221 sic
3124 3179 3344 3223 vocatur
3379 3168 3556 3225 AEtna.
3591 3170 3644 3224 Si
3673 3169 3828 3243 [fide]
3863 3170 4086 3244 dignum

2522 3263 2598 3307 est
2615 3294 2630 3319 ,
2660 3252 2913 3308 divinitas
2939 3254 3092 3309 estin
3114 3254 3205 3308 illo
3232 3266 3440 3320 monte,
3467 3256 3718 3327 quonism
3753 3255 3940 3312 diebus
3979 3277 4078 3314 no·

2521 3341 2796 3413 ctibusque
2841 3340 2990 3397 ardet
3023 3342 3080 3396 in
3128 3342 3300 3414 capite
3341 3344 3572 3411 montis,
3616 3343 3762 3399 unde
3808 3356 3863 3401 et
3904 3346 4084 3402 fumus

2521 3426 2801 3483 ascendere
2828 3439 3058 3501 apparet.
3086 3429 3194 3498 Qui
3220 3445 3375 3483 mons
3406 3430 3462 3483 in
3499 3447 3688 3501 gyrum
3715 3431 3892 3487 vineta
3915 3434 4081 3489 multa

2521 3516 2720 3570 habens
2745 3528 2957 3589 generat
2981 3516 3099 3571 vina
3118 3516 3402 3591 praecipua.

2593 3609 2682 3662 66.
2710 3604 2918 3660 Deinde
2942 3606 3181 3661 Gossora.
3210 3606 3337 3659 Post
3373 3604 3512 3659 hanc
3532 3604 3634 3660 alia
3667 3604 3841 3662 insula
3864 3626 3983 3681 quae
4006 3610 4082 3663 sie

2521 3704 2743 3749 vocatur
2773 3692 3040 3759 Sardinia,
3068 3702 3122 3745 et
3161 3693 3274 3765 ipsa
3313 3688 3574 3747 ditissima
3613 3690 3880 3749 fructibus
3907 3706 3961 3750 et
3996 3693 4083 3769 jn-

2521 3782 2709 3836 mentis
2725 3819 2742 3848 ,
2767 3790 2820 3835 et
2847 3792 2927 3834 est
2944 3778 3090 3833 valde
3112 3775 3556 3851 splendidissima.

2591 3873 2680 3938 67.
2710 3866 2914 3922 Deinde
2933 3866 3032 3921 alia
3055 3883 3173 3938 quae
3199 3865 3275 3920 sic
3308 3874 3532 3920 vocatur
3559 3865 3838 3923 Britannia
3865 3869 4040 3926 insula
4059 3913 4080 3938 ,

2518 3959 2654 4013 sicut
2674 3958 2765 4030 qui
2793 3956 3006 4011 fuerunt
3027 3965 3264 4021 narrant,
3287 3952 3437 4008 valde
3467 3956 3698 4010 maxima
3736 3967 3790 4012 et
3815 3962 4080 4033 praecipua

861 4050 951 4087 ves
972 4042 1025 4086 et
1049 4027 1321 4084 mirabilis.
1360 4030 1494 4097 Quae
1530 4026 1688 4081 babet
1711 4027 1993 4081 maximam
2030 4025 2300 4079 civitatem
2330 4042 2427 4077 no·
2517 4046 2573 4101 ᾖ,
2592 4044 2857 4102 omnibu&

864 4121 1008 4176 mine
1030 4120 1326 4189 Gortynam
1344 4156 1360 4182 ,
1391 4118 1448 4170 in
1472 4134 1577 4187 qua
1600 4116 1858 4169 circenses
1884 4130 1995 4168 esse
2015 4113 2220 4175 dicunt,
2257 4122 2313 4165 et
2334 4111 2427 4166 ba·

858 4206 950 4263 bet
966 4206 1111 4260 viros
1137 4202 1329 4258 divites
1354 4220 1419 4256 ex
1449 4212 1596 4275 parte
1616 4211 1671 4255 et
1690 4200 1944 4256 eruditos.
1972 4196 2175 4253 Deinde
2199 4198 2428 4270 Cythera

2654 4192 2882 4265 Explicit
2905 4191 3178 4263 Expositio
3204 4191 3367 4245 totius
3391 4189 3580 4245 mundi
3603 4201 3658 4245 et
3675 4192 3932 4262 gentium.

858 4376 911 4419 et
946 4362 1185 4438 ipsarum
1222 4370 1550 4415 numeratus.
1584 4360 1607 4429 ΙΙ
1630 4388 1703 4399 -
1720 4356 1779 4410 In
1816 4357 1865 4410 A
1893 4353 2050 4409 verba
2093 4354 2148 4407 in
2194 4352 2421 4407 velorum

859 4442 1117 4515 supplevi.
1150 4440 1174 4512 11
1200 4470 1267 4481 --
1290 4440 1356 4493 In
1380 4440 1425 4492 Β
1455 4454 1470 4491 2
1499 4434 1649 4492 bonis
1690 4433 1921 4489 homines
1960 4432 2041 4488 vel
2071 4432 2221 4489 bonis
2255 4431 2422 4486 omni-

862 4524 981 4592 bus]
1004 4520 1154 4577 bonis
1166 4516 1460 4573 hominibus
1484 4516 1602 4572 cod.
1625 4517 1738 4587 11-
1756 4514 2007 4570 Euboeam
2023 4525 2073 4568 et
2098 4514 2217 4588 ipsa
2246 4512 2422 4567 insula

859 4601 982 4657 cod.
1019 4602 1045 4672 ss
1076 4630 1149 4641 —
1170 4598 1251 4653 sic
1274 4607 1497 4652 vocatur
1518 4595 1638 4650 cod.
1668 4612 1845 4668 nempe
1878 4592 2135 4666 Rhodum}
2156 4610 2281 4647 nam
2304 4610 2421 4665 quoe

858 4678 1101 4737 Rhodum
1134 4676 1257 4734 cod.
1291 4676 1411 4749 11-
1432 4693 1539 4731 esse
1568 4674 1813 4748 peritum
1849 4670 1971 4729 cod.
2009 4670 2226 4727 Rhodus
2266 4682 2418 4725 terrae

858 4770 1015 4814 motu
1036 4757 1285 4813 subversa
1304 4756 1591 4811 Constantii
1615 4773 1702 4810 an.
1720 4758 1772 4819 8,
1793 4771 1880 4807 an.
1910 4752 2010 4816 344
2027 4770 2081 4824 p.
2112 4750 2263 4812 Chr..
2290 4760 2419 4803 teste

859 4839 1131 4897 Cedreno.
1159 4841 1241 4893 De
1259 4838 1461 4910 sibyllae
1485 4838 1727 4890 vaticinio
1745 4834 1815 4889 cs.
1839 4833 2117 4889 Pausanias
2140 4846 2193 4895 α,
2220 4848 2273 4901 7,
2306 4846 2357 4887 1.
2390 4830 2411 4898 ΙΙ

856 4950 932 4961 -
954 4936 1152 4973 novum
1190 4918 1387 4985 visum]
1412 4935 1599 4969 not-um
1636 4914 1810 4969 virum
1837 4911 1958 4968 cod.
1987 4910 2071 4965 Cf.
2102 4913 2132 4978 S
2158 4914 2246 4964 61.
2289 4908 2312 4977 ΙΙ
2347 4936 2416 4947 -—

854 4998 1082 5053 alteram
1140 5008 1193 5051 et
1235 4996 1508 5069 Apollines
1550 4994 1769 5048 Tenedos
1799 4992 1916 5048 cod.
1951 4994 1973 5063 ΙΙ
1999 5021 2072 5032 -
2094 4988 2163 5042 ab
2188 4988 2332 5061 ipsos

855 5076 1093 5131 Imbrum

2517 4350 2663 4422 tyna]
2687 4346 2929 4417 gmtiosa
2953 4346 3094 4412 Par„
3117 4344 3406 4401 cardinum
3422 4348 3486 4403 B.
3515 4347 3538 4417 ΙΙ
3560 4350 3680 4416 —S
3713 4346 3780 4402 65
3801 4351 3868 4403 Α.
3891 4347 4080 4401 Palat-

2512 4431 2673 4503 mum]
2707 4430 2916 4484 Nomen
2953 4427 3056 4481 hoc
3069 4466 3084 4493 ,
3123 4424 3269 4498 quod
3312 4426 3369 4479 in
3395 4427 3438 4480 B
3465 4443 3576 4479 non
3615 4424 3825 4497 legitur,
3854 4428 3909 4480 in
3949 4426 4080 4482 cod..

2511 4508 2729 4563 Cavensi
2781 4506 2980 4577 magnis
3019 4505 3183 4561 literis
3233 4514 3506 4560 exaratum
3546 4515 3643 4562 est.
3697 4530 3721 4553 e
3767 4506 3882 4576 Ego
3913 4504 4076 4575 igitur

2507 4590 2748 4661 suspicor
2773 4587 3056 4641 Cavensem
3096 4586 3371 4657 antiquum
3407 4584 3731 4640 monachum
3773 4584 4069 4640 Palarmnm

2507 4666 2774 4721 addidisse
2793 4665 2960 4720 codici
2978 4682 3078 4720 suo
3102 4682 3261 4737 quem
3276 4662 3606 4729 conficiebat,
3627 4674 3906 4737 postquam
3923 4663 4070 4717 urbis

2509 4745 2622 4817 ejus
2635 4745 2942 4816 magnitudo
2961 4743 3289 4815 dignitasque
3308 4742 3641 4799 inclaruerat.
3665 4766 3688 4793 s
3712 4747 3781 4797 A.
3799 4745 3930 4797 Mu.
3954 4744 3978 4813 ΙΙ
3997 4772 4070 4785 -

2508 4828 2572 4879 In
2592 4829 2634 4880 Β
2661 4842 2809 4898 :quoe
2824 4822 3046 4878 solidam
3071 4834 3219 4877 term·
3235 4820 3488 4892 diffitens
3603 4820 3809 4889 negotia
3829 4819 3986 4875 utiles

2508 4908 2701 4962 habens
2735 4903 2857 4961 cod.
2889 4904 2910 4974 ΙΙ
2931 4906 3052 4972 —S
3075 4906 3144 4957 66
3185 4905 3252 4957 A.
3287 4898 3596 4973 Stoechades]
3636 4901 3840 4954 Harum
3883 4898 4000 4953 loco
4023 4900 4076 4953 B·

2509 4989 2789 5041 Cossuram
2807 4983 3024 5037 insulam
3040 4982 3216 5037 habet.
3238 4983 3262 5052 ΙΙ
3277 5011 3344 5023 -
3361 4984 3474 5049 §67
3491 4982 3554 5036 B.
3575 4980 3740 5034 aliam
3759 4980 3982 5034 insulam

1264 5072 1531 5128 moderata
1571 5072 1691 5127 cod.
1731 5074 1753 5141 ΙΙ
1778 5102 1851 5113 -
1874 5069 2137 5140 similans]
2182 5084 2247 5120 an
2297 5064 2420 5119 sub·
2511 5065 2812 5121 Sardiniam
2851 5061 3036 5117 codex.
3068 5062 3091 5132 ΙΙ
3113 5064 3274 5116 -68
3301 5064 3367 5115 A.
3405 5059 3638 5114 Similem
3659 5059 3944 5115 clausulam
3967 5057 4066 5113 ad-

854 5157 1113 5212 mittens?
1134 5158 1309 5213 Gom.
1347 5155 1369 5226 ΙΙ
1395 5156 1513 5223 —S
1542 5157 1605 5218 64
1633 5156 1698 5208 A.
1732 5152 1864 5207 inter
1878 5170 1986 5207 om.
2008 5152 2129 5207 Cav.
2158 5149 2267 5213 [1-
2288 5152 2419 5203 Gor·
2500 5145 2617 5218 jicit
2646 5144 2929 5217 Dionysius
2965 5141 3248 5212 Periegetes
3289 5156 3440 5194 versu
3472 5144 3606 5195 1166
3634 5157 3752 5213 sqq.

2140 5347 2694 5377 ...ψ--
