4584 6284
1780 562 2131 625 ANAPLUS
2174 560 2494 622 Bosronl
2537 560 2878 621 THRACH.

3852 579 3924 633 73

724 706 935 761 ortum,
960 694 1251 767 impeditur
1270 694 1640 767 promontorio
1664 693 1943 765 Ancyraeo.
1971 710 2081 765 quo
2114 691 2290 747 minus
2327 725 2334 803 Ι
2374 690 2767 765 promontorio,
2813 691 2972 745 etiam
3017 707 3162 745 nunc
3201 689 3458 763 appellato
3504 690 3760 747 Con-acio·
3777 728 3794 753 ,
3825 702 3944 751 toto

724 780 795 835 ab
836 782 917 837 his
961 780 1191 853 scopulis
1230 778 1397 835 latum
1448 780 1695 852 utrinque
1738 797 1881 833 mare
1920 779 2283 851 prospiciatur.
2327 822 2332 836 .
2373 796 2558 845 saxeo,
2604 796 2669 833 ex
2695 794 2792 843 eo,
2831 787 2892 832 ut
2926 775 3114 831 dicunt
3160 777 3332 833 Graeci
3370 776 3527 849 hujus
3563 779 3756 846 aetatis,
3794 778 3940 851 quod

724 868 879 925 Adde
902 867 1049 941 quod
1070 868 1209 923 ratio
1230 868 1558 940 Cyaneerum
1575 907 1591 935 ,
1616 884 1773 939 quam
1798 865 2045 923 describit
2075 864 2286 941 Apollo-
2327 857 2332 937 J

724 958 844 1011 nius
866 958 1132 1028 ceterique
1144 956 1446 1028 scriptores,
1462 956 1625 1027 magis
1650 955 1893 1010 convenit
1906 956 2077 1027 Pyrgo
2090 953 2289 1009 Medeae
2327 948 2332 987 Ε

726 1060 887 1116 quam
919 1042 1136 1115 reliquis
1168 1042 1417 1115 scopulis.
1462 1042 1731 1101 Fluctibus
1754 1041 1896 1097 enim
1916 1041 2079 1113 magis
2106 1040 2285 1095 verbe-

725 1140 895 1197 ratur,
924 1137 988 1183 ut
1012 1130 1177 1201 magis
1213 1128 1651 1201 septentrionibus
1671 1138 1871 1201 patens.
1943 1129 2199 1183 Praeterea
2231 1128 2285 1182 in

727 1227 957 1289 quatuor
971 1226 1144 1289 petras
1168 1216 1369 1271 divisus
1386 1215 1621 1289 undique
1640 1214 1993 1271 circumdatur
2008 1218 2146 1271 saxis
2170 1234 2289 1289 pro-

726 1300 876 1373 iectis
900 1320 965 1357 ex
990 1304 1191 1369 ruinis,
1230 1320 1359 1375 quas
1390 1301 1671 1375 aliquando
1707 1300 1931 1357 edidisse
1958 1302 2167 1358 videtur
2209 1303 2288 1359 vel

732 1400 885 1447 terrae
930 1401 1082 1446 motu
1123 1390 1205 1445 vel
1248 1391 1496 1464 temporis
1536 1401 1815 1459 vetustate,
1860 1389 1939 1445 vel
1953 1430 1971 1457 ,
2013 1401 2075 1446 ut
2120 1402 2287 1465 poetae

729 1476 913 1542 aiunt,
956 1496 1021 1533 ex
1062 1494 1324 1533 concursu
1360 1476 1783 1550 symplegadum.
1856 1478 2011 1531 Hunc
2048 1478 2191 1532 enim
2227 1478 2283 1532 in

730 1576 959 1637 quatuor
985 1574 1157 1637 petras
1188 1563 1413 1619 divisum
1451 1564 1843 1619 convenientius
1882 1562 2089 1619 videtur
2108 1563 2286 1639 appel·

729 1649 837 1705 lare
872 1651 1128 1724 Cyaneas,
1156 1660 1217 1705 ut
1242 1668 1427 1706 omnes
1458 1650 1661 1723 antiqui
1698 1650 1955 1723 appellant
1974 1652 2031 1705 in
2060 1668 2286 1705 numero

727 1736 989 1809 plurium,
1030 1754 1187 1809 quam
1222 1738 1459 1809 quemvis
1493 1755 1559 1792 ex
1586 1738 1769 1791 ceteris
1807 1737 2032 1809 scopulis
2068 1737 2285 1809 singulis

727 1838 835 1877 una
854 1831 999 1895 petra
1018 1823 1372 1878 constantibus
1389 1836 1435 1879 7.
1486 1823 1587 1879 Sed
1611 1824 1679 1879 de
1694 1822 1777 1878 bis
1798 1824 2039 1897 relinquo
2058 1824 2283 1880 liberum

722 1906 987 1979 judicium
1014 1908 1261 1963 omnibus
1290 1908 1404 1976 his,
1434 1910 1527 1981 qui
1555 1920 1673 1983 post
1708 1927 1793 1965 me
1814 1910 2122 1981 deligentius
2148 1910 2282 1983 Cya-

725 2012 847 2051 neas
867 1997 1210 2069 pervestigare
1232 1998 1587 2053 conabuntur.

722 2152 815 2209 lv,
842 2157 919 2209 De
933 2154 1289 2228 promontorio
1322 2156 1536 2211 Cor-acio
1559 2170 1609 2212 et
1630 2156 1693 2211 de
1718 2157 1995 2213 Pantichio
2011 2170 2061 2213 ee
2083 2157 2147 2213 de
2162 2176 2270 2213 sca·

1185 2242 1257 2298 Iis
1290 2245 1611 2319 nuncupatis
1640 2244 1823 2301 Chelis.

790 2395 1221 2449 Promontorium
1240 2436 1255 2461 ,
1292 2392 1437 2467 quod
1477 2413 1507 2450 a
1542 2396 1979 2468 septentrionibus
2020 2397 2183 2469 cingit
2212 2398 2283 2451 si·

722 2496 879 2547 num,
906 2480 1061 2551 vulgo
1086 2492 1447 2554 nuncupatum
1468 2481 1599 2536 Dios
1624 2483 1779 2537 Sacra
1804 2481 1905 2556 (ex
1941 2500 2004 2536 eo
2030 2483 2277 2549 arbitror,

722 2565 869 2638 quod
896 2564 1020 2621 olim
1046 2567 1119 2621 ibi
1146 2566 1319 2640 aliqua
1341 2568 1487 2622 Jovis
1509 2568 1589 2622 vel
1604 2570 1853 2641 Neptuni,
1883 2568 2090 2623 alterius
2112 2570 2277 2637 Iovis,

721 2670 813 2708 ara
824 2654 1133 2729 castita-iv)
1150 2654 1385 2729 undique
1404 2672 1633 2729 praceps
1649 2666 1703 2710 et
1721 2673 1933 2711 saxeum
1951 2666 2047 2723 est,
2063 2656 2281 2729 longum

720 2741 933 2797 dreiter
955 2753 1223 2797 sexa-tos
1246 2760 1428 2817 passus
1444 2783 1461 2811 ,
1490 2742 1639 2815 cujus
1662 2742 1879 2799 dorsum
1896 2756 2203 2817 angustum,
2225 2746 2281 2800 in

722 2848 831 2903 quo
856 2828 983 2885 olim
1032 2848 1121 2885 ara
1148 2830 1322 2905 aliqua
1362 2841 1558 2887 statuta
1583 2850 1693 2886 esse
1716 2833 1888 2914 potuit
1918 2832 1997 2888 vel
2020 2835 2167 2889 Jovis
2203 2834 2281 2889 vel

718 2919 973 2974 Mercurii
1004 2921 1029 2990 (
1035 2929 1096 2974 ut
1122 2937 1269 2975 nunc
1296 2920 1353 2975 in
1379 2938 1444 2975 eo
1472 2920 1711 2975 videmus
1749 2922 1986 2976 cumulos
2011 2922 2245 2996 lapidum
2261 2963 2278 2991 ,

719 3024 855 3079 quos
872 3008 1091 3063 Hennes
1108 3008 1364 3081 appellare
1384 3008 1604 3083 possis),
1626 3022 1927 3081 exaggerata
1951 3009 2020 3065 ad
2048 3010 2282 3067 indican-

718 3094 841 3150 dam
868 3096 1003 3149 viam
1028 3098 1197 3151 nautis
1214 3136 1230 3163 ,
1254 3098 1492 3169 quamvis
1514 3098 1569 3152 in
1595 3098 1697 3153 hoc
1718 3097 1893 3155 medio
1914 3100 2069 3171 sinu(
2085 3119 2151 3156 ex
2172 3118 2281 3173 quo

722 3182 900 3254 paucis
918 3191 1039 3235 ante
1058 3182 1209 3237 annis
1220 3182 1409 3238 ess'ossa
1424 3193 1550 3239 sunt
1562 3184 1899 3240 aedificiorum
1918 3184 2277 3260 fundamenta)

721 3284 833 3323 esee
878 3270 1049 3341 potuit
1074 3268 1211 3325 aedes
1236 3270 1317 3325 vel
1353 3273 1500 3326 Jovis
1544 3272 1623 3326 vel
1666 3273 1919 3345 Neptuni.
1992 3274 2095 3329 Hic
2132 3274 2279 3330 sinus

726 3354 855 3409 situs
887 3372 917 3409 e
955 3356 1167 3426 regione
1204 3358 1350 3411 sinus
1391 3356 1645 3429 Myrleani
1663 3396 1679 3422 ,
1722 3358 1949 3429 cingitur
1986 3377 2017 3413 ιι
2061 3358 2283 3414 meridie

801 3586 855 3639 7.
884 3567 1081 3621 Ceteris
1098 3586 1215 3640 quac
1237 3568 1458 3623 suadent
1483 3572 1711 3643 Cyaneas
1738 3572 1991 3628 Asiaticas
2014 3570 2083 3627 ad
2108 3576 2282 3645 Ancy-

726 3664 891 3703 raeum
911 3650 1331 3720 promontorium
1357 3648 1679 3713 collocandas
1700 3669 1830 3719 esse,
1860 3650 2053 3707 addere
2080 3652 2285 3726 Gyllius

729 3729 903 3800 potuit
928 3727 1109 3799 viginti
1145 3729 1433 3783 stadiorum
1461 3728 1757 3785 distantiam
1793 3750 1897 3803 qua
1918 3732 1985 3786 ab
2018 3734 2287 3805 Europaei‘s

730 3807 952 3880 Cyaneis
977 3808 1204 3880 separari
1233 3810 1472 3864 Asiatica
1510 3806 1778 3865 dicuntur.
1808 3812 1935 3865 Hac
1958 3813 2101 3865 enim
2146 3822 2287 3867 recte

2375 864 2518 919 corvi
2559 866 2614 919 in
2659 864 2774 937 ipso
2805 862 3076 918 nidificare
3113 862 3302 919 solent.
3374 864 3610 919 Positum
3651 876 3730 919 est
3755 878 3942 923 contra

2373 952 2792 1026 promontorium
2827 950 3080 1025 Europe,
3107 950 3254 1025 quod
3293 950 3490 1007 claudit
3525 964 3738 1025 portum
3765 955 3940 1027 Ephe-

2373 1040 2593 1095 siorum.
2664 1040 2811 1093 Inter
2837 1038 2950 1093 hec
2974 1035 3086 1093 duo
3109 1039 3477 1113 promontoria
3504 1039 3742 1096 nonnulli
3773 1042 3939 1114 pisca·

2377 1139 2514 1184 tores
2535 1126 2720 1183 dicunt
2749 1126 2944 1183 {retum
2972 1128 3196 1201 Bospori
3223 1138 3329 1182 tam
3371 1139 3652 1199 angustum
3693 1127 3802 1185 sere
3829 1148 3942 1187 ease

2375 1234 2533 1290 quam
2580 1217 2719 1272 inter
2771 1215 2971 1271 Fana3.
3045 1219 3164 1271 Jam
3212 1234 3341 1271 vero
3385 1218 3440 1271 in
3482 1217 3636 1285 sinu,
3664 1234 3825 1289 quem
3873 1218 3942 1275 ab

2373 1304 2617 1376 aquilone
2649 1302 2848 1357 claudit
2872 1304 3298 1377 promontorium
3325 1304 3604 1359 Coracium
3621 1344 3638 1371 ,
3669 1304 3816 1359 locus
3861 1316 3942 1361 est

2373 1394 2674 1447 nominatus
2720 1409 2751 1447 a
2799 1393 2996 1447 Graecis
3035 1391 3363 1464 Mancipium
3377 1432 3394 1459 ,
3445 1390 3830 1447 affirmantibus
3865 1393 3942 1449 ibi

2373 1476 2500 1533 clim
2528 1476 2684 1533 fuisse
2724 1477 2968 1545 furnum,
2999 1496 3156 1551 quem
3203 1476 3385 1549 vulgus
3426 1478 3733 1533 Graecorum
3768 1480 3942 1535 nomi·

2373 1584 2500 1621 nare
2525 1566 2656 1622 solet
2675 1566 3026 1641 mancipium,
3057 1566 3416 1637 ignorantium
3437 1565 3614 1621 locum
3641 1566 3788 1621 hunc
3813 1566 3940 1623 olim

2371 1653 2684 1727 appellatum
2717 1652 2875 1709 fuisse
2916 1653 3281 1719 Pantichium,
3315 1652 3460 1709 unde
3493 1655 3592 1726 ipsi
3619 1674 3648 1709 a
3679 1654 3942 1711 vicinitate

2371 1740 2602 1795 nominis
2619 1738 2954 1795 detorserunt
2971 1740 3026 1793 in
3055 1741 3384 1812 Mancipium
3415 1756 3442 1797 ε·
3453 1740 3506 1794 id
3537 1741 3680 1814 quod
3715 1759 3781 1795 ex
3809 1742 3942 1797 Dio-

2371 1828 2522 1901 nysio
2549 1825 2862 1895 ostenditur,
2882 1844 3007 1883 cum
3023 1828 3099 1881 ait
3123 1845 3138 1884 τ

3021 1988 3122 2049 Fr.
3169 1996 3268 2047 56.

2441 2150 2569 2200 Post
2600 2150 2822 2217 &aneas
2848 2162 2954 2199 esse
2971 2142 3384 2217 promontorium
3405 2146 3674 2198 Comcmm
3693 2153 3744 2197 et
3771 2142 3938 2199 laeum

2371 2226 2525 2281 littus
2539 2265 2556 2291 ,
2577 2226 2665 2280 cui
2686 2242 2866 2279 nomen
2891 2214 3205 2297 Παντιίχιον
3223 2221 3291 2275 ab
3311 2222 3661 2277 exstructione
3663 2221 3942 2293 fossarum

2367 2330 2562 2366 omnem
2585 2313 2722 2365 hunc
2748 2310 2914 2365 Iocum
2936 2308 3274 2365 ambientium
3291 2320 3335 2365 ¹.

2439 2400 2562 2453 Duo
2581 2396 2852 2453 Pantichia
2877 2395 3196 2470 scriptorum
3224 2394 3580 2450 monumentis
3606 2392 3943 2451 celebrantur

2368 2487 2468 2540 sita
2507 2486 2562 2540 in
2602 2504 2696 2541 ora
2734 2484 2996 2539 maritima
3023 2482 3367 2538 Chalcedonis
3380 2523 3395 2548 ,
3433 2492 3656 2554 utraque
3702 2482 3940 2555 Byzantii

2369 2571 2668 2627 suburbana
2683 2611 2700 2637 ,
2744 2580 2971 2644 utraque
2996 2570 3110 2644 pari
3153 2570 3323 2643 spatio
3361 2566 3612 2622 distantia
3639 2568 3892 2640 Byzantio
3917 2586 3936 2625 ε

2368 2678 2598 2734 quorum
2618 2659 2838 2715 alterum
2858 2657 3018 2733 paulo
3047 2668 3168 2712 ante
3193 2665 3664 2711 commemoratum
3690 2665 3772 2709 est
3787 2652 3942 2727 juxta

2370 2751 2665 2821 Bosporum
2715 2748 2875 2802 situm
2917 2748 3056 2801 inter
3102 2745 3383 2801 Coracium
3425 2744 3853 2817 promontorium
3887 2754 3943 2797 et

2365 2837 2570 2894 Fanum
2597 2834 2771 2901 Jovis,
2799 2833 3020 2890 alterum
3047 2834 3186 2887 inter
3219 2830 3644 2903 promontorium
3665 2846 3938 2902 nuncupe-

2370 2934 2486 2977 tum
2504 2924 2706 2977 Acritas
2731 2939 2762 2975 a
2787 2921 3042 2994 Menippo
3061 2920 3118 2973 ln
3141 2916 3346 2991 periplo
3367 2916 3628 2988 Bithyniae
3652 2924 3708 2969 et
3727 2913 3942 2969 Chalce-

2369 3009 2564 3064 donem
2587 3008 2816 3083 positum
2849 3005 3005 3079 juxta
3033 3001 3412 3077 Propontidem
3428 3042 3449 3073 ,
3483 2999 3629 3073 quod
3655 3018 3800 3055 nunc
3833 2998 3938 3055 fre-

2369 3108 2616 3169 quentem
2650 3097 2824 3151 vicum
2847 3094 3025 3161 habet,
3049 3094 3208 3147 etiam
3237 3108 3380 3146 nunc
3394 3110 3425 3145 a
3451 3089 3607 3161 vulgo
3628 3091 3939 3146 Graecorum

2370 3186 2678 3241 Pantichion
2724 3186 3075 3247 nominatum,
3093 3184 3150 3237 in
3173 3198 3282 3253 quo
3301 3180 3504 3251 antiqui
3529 3180 3667 3233 muri
3701 3178 3942 3235 visuntur

2372 3271 2518 3329 valde
2539 3274 2730 3340 crassi,
2757 3272 3046 3327 indicantes
3063 3270 3192 3325 clim
3217 3268 3292 3323 ibi
3318 3280 3549 3323 castrum
3579 3268 3940 3341 per-munitum

2371 3372 2617 3434 recteque
2649 3354 2966 3432 Παντιῖχιον
2984 3358 3299 3433 appellatum
3321 3356 3500 3411 fuisse.
3574 3355 3744 3428 Hujus
3761 3356 3942 3413 merui.

2373 3590 2490 3645 quae
2515 3573 2730 3645 quidem
2767 3570 3018 3625 vocabula
3053 3570 3210 3625 etiam
3246 3568 3370 3623 alias
3404 3564 3805 3622 contunduntur
3829 3566 3938 3636 (V.

2375 3652 2552 3726 Steph.
2579 3653 2738 3708 Thes.
2772 3670 2805 3705 v
2855 3650 3042 3718 αἰπῦς).
3075 3649 3216 3703 Fieri
3240 3648 3416 3721 potuit
3449 3655 3512 3701 ut
3531 3646 3654 3701 litus
3679 3644 3941 3701 excelsum

2375 3743 2428 3787 et
2453 3732 2711 3787 abscisum
2753 3729 3018 3785 diceretur
3059 3726 3356 3797 Παντιέχιον
3373 3746 3390 3793 3
3431 3736 3487 3780 at
3511 3726 3622 3799 ipse
3653 3724 3856 3798 Gyllius
3881 3726 3938 3780 in

2375 3829 2521 3883 seqq.
2547 3809 2616 3864 de
2637 3808 2912 3865 Pantichio
2944 3808 3015 3861 ita
3043 3806 3275 3878 loquitur
3297 3814 3358 3859 ut
3379 3822 3491 3859 non
3528 3804 3650 3859 litus
3667 3846 3682 3871 ,
3713 3803 3806 3859 sed
3827 3822 3942 3859 cer-

726 3894 1069 3958 comp'utatur
1107 3883 1177 3939 ad
1214 3888 1529 3959 Ancyraeum
1570 3890 1991 3961 promontorium
2008 3929 2025 3955 ‚
2064 3890 2193 3945 dum
2220 3887 2290 3944 ad
2355 3901 2492 3945 'tum
2523 3887 2784 3962 quendam
2811 3887 2980 3942 litoris
3013 3885 3190 3941 locum
3229 3885 3492 3939 munitum
3509 3926 3525 3951 ,
3555 3883 3780 3939 similem
3805 3885 3940 3939 Pau-

727 3964 976 4037 scopulos
1000 3981 1168 4038 prope
1194 3964 1430 4020 Anadoli
1455 3965 1657 4023 Kale-esi
1675 3969 1801 4021 sitos
1836 3970 2043 4023 nonnisi
2068 3979 2290 4041 septem·
2379 3970 2540 4024 tichio
2567 3971 2704 4024 inter
2729 3966 3112 4023 Chalcedonem
3141 3976 3196 4020 et
3223 3962 3586 4020 Nicomediam
3623 3966 3726 4019 sito
3745 4004 3762 4029 ,
3793 3963 3943 4019 intel·

726 4042 905 4098 decim
932 4054 1057 4098 sunt
1080 4042 1245 4100 stadia
1280 4062 1295 4099 z
1329 4045 1463 4100 adeo
1496 4056 1559 4101 ut
1593 4047 1810 4119 Cyanee
1836 4046 1993 4103 fuisse
2017 4048 2296 4103 videantur
2380 4050 2563 4105 lexisse
2617 4058 2882 4123 appareat.
2929 4046 3032 4103 Sed
3075 4063 3145 4101 ne
3185 4054 3464 4119 propterea
3504 4043 3662 4099 scn‘bi
3700 4042 3886 4114 jubeas
3925 4060 3939 4097 ε

724 4134 819 4178 aut
829 4134 1081 4197 quattuor
1089 4135 1269 4180 cautes
1282 4125 1511 4180 minores
1520 4126 1637 4200 rupi
1652 4126 1911 4195 rotunde,
1928 4145 2087 4199 quam
2096 4126 2295 4183 Medeae

726 4204 923 4258 turrim
940 4202 1143 4276 Gyllius
1156 4201 1308 4270 dicit,
1326 4202 1620 4276 adjacentes
1637 4222 1756 4259 cum
1772 4223 1937 4279 eaque
1956 4207 2011 4259 in
2028 4205 2298 4279 profundo

721 4282 1050 4357 conjuncta,
1084 4296 1178 4339 aut
1203 4282 1305 4338 alia
1334 4302 1461 4339 saxa
1486 4302 1551 4339 ex
1575 4286 1811 4359 quinque
1840 4286 1938 4340 illis
1959 4303 2076 4359 quie
2091 4286 2159 4341 ad
2187 4291 2296 4342 An·

720 4379 955 4437 cyraeum
976 4364 1405 4435 promontorium
1430 4364 1485 4419 in
1507 4364 1797 4421 Moltkiana
1830 4364 2005 4421 tabula
2030 4376 2298 4422 notantur.

800 4458 849 4497 ι.
896 4440 1047 4496 Iovis
1084 4442 1218 4515 am]
1248 4442 1405 4497 Nunc
1430 4452 1579 4499 vetus
1616 4444 1778 4499 turris
1802 4455 1970 4501 exstat
2006 4446 2061 4501 in
2106 4448 2302 4502 montis

722 4521 917 4576 vertice
936 4520 1031 4593 qui
1049 4520 1223 4577 Pilum
1242 4524 1613 4596 promontorio
1639 4523 1899 4581 imminet.

797 4619 853 4658 α.
878 4600 1065 4657 Etiam
1086 4621 1225 4657 nunc
1262 4604 1509 4676 Cor-acio]
1540 4603 1715 4659 Hodie
1760 4604 1855 4659 Fil
1876 4610 2113 4661 Boumou
2144 4608 2217 4677 (i.
2246 4626 2296 4661 e.

723 4680 1016 4755 elephantis
1048 4683 1473 4755 promontorio),
1517 4682 1573 4737 in
1602 4700 1712 4756 quo
1736 4682 1988 4739 tredecim
2036 4697 2302 4741 tormenta

728 4759 915 4816 bellica
940 4763 1108 4834 posita
1133 4774 1275 4817 sunt.

803 4842 859 4895 3.
906 4844 1037 4896 Tam
1078 4856 1360 4910 engratiam
1376 4842 1497 4913 jere
1534 4861 1694 4917 qnam
1730 4855 1867 4897 mter
1890 4845 2077 4917 Fano]
2110 4846 2176 4899 In
2202 4864 2296 4901 no·

729 4920 957 4975 viaimis
979 4920 1167 4976 tabulis
1189 4921 1379 4977 fretum
1406 4932 1483 4977 est
1502 4934 1700 4996 septem
1722 4922 2035 4979 stadiorum.

801 5004 898 5057 Fr.
948 5000 1038 5057 56.
1072 5020 1120 5056 1.
1152 5006 1347 5057 Latum
1374 5001 1546 5059 litus..
1582 5003 1953 5076 Pantichium]
1983 5004 2133 5059 Litus
2160 5004 2292 5071 hoc,

728 5088 855 5134 octo
877 5078 989 5133 sm
1014 5080 1181 5135 stadia
1204 5080 1417 5151 longum
1436 5099 1469 5136 a
1496 5081 1587 5135 Fil
1608 5085 1849 5135 Boumou
1875 5080 2148 5135 meridiem
2179 5100 2296 5136 ver·

724 5174 818 5211 sus
844 5158 1077 5231 pertinet
1122 5176 1288 5231 usque
1322 5159 1389 5214 ad
1439 5159 1859 5214 Ketchelidiman
1898 5158 2121 5232 (Chelas
2150 5161 2295 5233 apud

730 5238 1099 5313 Dionysium).
1120 5242 1303 5309 Quum
1330 5259 1573 5296 saxosum
1586 5252 1639 5295 et
1658 5251 1976 5314 praeruptum
2004 5241 2091 5306 sit,
2120 5242 2298 5295 nescio
2386 5260 2441 5315 p.
2472 5248 2610 5313 ⁵9²3
2651 5242 2784 5297 Tab.
2821 5239 2999 5305 Peut.;
3045 5238 3365 5293 Sozomenus
3412 5252 3465 5306 7,
3503 5250 3573 5288 ιιι
3589 5254 3606 5301 3
3658 5234 3701 5289 P

2383 4128 2513 4185 litus
2539 4130 2622 4201 [et
2647 4129 2872 4202 Iocum],
2899 4126 2988 4183 cui
3013 4144 3192 4181 nomen
3213 4124 3630 4196 Hevrslxiou
3657 4140 3780 4179 nam
3809 4125 3944 4179 Pan·

2385 4208 2602 4263 tichium
2635 4208 2756 4263 litus
2806 4207 3004 4262 dicitur
3039 4222 3140 4278 pro
3186 4203 3338 4259 litore
3364 4201 3666 4267 Pantichii,
3714 4203 3851 4256 sicut
3887 4203 3945 4256 in

2387 4289 2452 4343 [ι.
2479 4290 2548 4343 5ο
2569 4306 2624 4361 p.
2660 4288 2756 4341 155
2801 4286 2946 4341 littus
2985 4285 3202 4355 longum
3235 4282 3432 4339 dicitur
3463 4293 3656 4356 portus
3689 4280 3942 4356 Ephesio-

2385 4387 2522 4435 rum,
2545 4368 2614 4421 de
2637 4377 2797 4441 portu
2823 4365 3142 4440 propinquo.
3181 4361 3284 4419 Sed
3305 4362 3552 4436 deinceps
3573 4360 3716 4436 apud
3749 4363 3947 4436 Diony-

2387 4449 2524 4504 sium
2549 4449 2803 4521 scriptum
2825 4445 2985 4501 fuisse
3000 4454 3154 4517 putes
3177 4462 3192 4501 ε
3215 4444 3301 4498 cui
3323 4460 3518 4499 nomen
3537 4440 3853 4515 Παντιίχιον,
3880 4441 3950 4497 ab

2387 4528 2734 4585 exstructione
2773 4524 3067 4598 [murorum
3089 4524 3174 4597 ee]
3198 4522 3496 4593 fossarum,
3523 4522 3776 4593 quoniam
3799 4520 3948 4576 locus

2387 4608 2701 4680 Παντιίχιον,
2725 4624 2832 4661 non
2861 4622 2984 4659 vcro
3001 4603 3328 4675 Hevrcfipptov,
3361 4602 3534 4657 dictus
3561 4606 3737 4673 τειχῶν
3771 4602 3949 4673 potius

2388 4704 2548 4761 quam
2571 4686 2763 4758 τάφρων
2801 4683 3120 4739 mentionem
3148 4682 3396 4753 requirat.
3424 4680 3562 4734 Fieri
3587 4680 3744 4734 etiam
3779 4688 3950 4752 potest

2389 4778 2449 4822 ut
2474 4766 2618 4838 quod
2637 4764 2838 4837 Gyllius
2865 4761 3064 4833 legebat
3087 4761 3278 4833 τάφρων
3299 4759 3352 4813 in
3375 4764 3554 4831 τειχῶν
3578 4757 3950 4829 corrigendum

2387 4856 2538 4903 esset.
2563 4847 2722 4900 Nunc
2753 4844 2808 4897 in
2843 4843 2946 4898 hoc
2975 4840 3128 4896 litore
3163 4850 3328 4895 exstat
3372 4849 3518 4893 vetus
3546 4838 3946 4905 monasterium,

2387 4923 2532 4997 quod
2571 4922 2803 4979 Saul-sou
2847 4930 3053 4976 vocant.
3091 4920 3236 4975 Num
3277 4920 3332 4972 in
3367 4916 3555 4973 eodem
3598 4914 3714 4971 loco
3763 4917 3950 4970 veteris

2385 5004 2640 5061 Pantichii
2663 5004 2794 5057 situs
2818 5000 3130 5075 quaerendus
3153 5000 3252 5065 sit,
3288 5000 3482 5054 nescio.

2457 5100 2510 5139 2.
2553 5086 2635 5138 Dc
2657 5082 2759 5136 boc
2785 5080 3056 5137 Panticbio
3075 5081 3098 5150 (
3111 5076 3268 5134 hodie
3293 5076 3492 5131 Pantik
3507 5118 3522 5140 ,
3555 5074 3783 5138 Pandik,
3807 5078 3948 5129 Pan-

2383 5161 2520 5225 diki,
2548 5160 2772 5229 Pendic)
2798 5178 2848 5215 v.
2871 5160 2998 5214 Itin.
3030 5161 3156 5214 Ant.
3185 5173 3240 5229 p.
3276 5157 3374 5227 139
3390 5195 3406 5222 ,
3428 5157 3562 5218 231;
3585 5155 3712 5209 Itin.
3739 5154 3944 5247 Hieros.

3867 5247 3948 5286 ius

734 5335 801 5372 an
828 5336 931 5391 pro
958 5318 1125 5374 latum
1149 5319 1280 5374 litus
1307 5320 1510 5394 Gyllius
1536 5319 1801 5391 scripserit
1832 5320 2000 5373 altum
2037 5318 2199 5383 litus,
2228 5339 2294 5375 an
2388 5320 2512 5374 Bell.
2559 5318 2724 5377 Goth.
2764 5320 2824 5384 3,
2857 5318 2921 5373 35
2960 5336 3014 5390 p.
3057 5320 3160 5389 427
3208 5313 3292 5369 ed.
3329 5316 3482 5368 Bonn
3511 5334 3527 5381 ς
3567 5311 3821 5384 Theopby
3871 5314 3944 5363 ct.

733 5398 791 5453 in
815 5398 995 5470 goecis
1030 5396 1163 5471 εὖρός
1198 5409 1449 5473 corrupte
1488 5400 1739 5474 scriptum
1779 5397 1939 5455 suerit
1978 5416 2077 5471 pro
2112 5396 2251 5463 αἰπύς
2276 5416 2288 5429 ·

2387 5398 2536 5470 Bulg.
2565 5398 2670 5455 vol.
2701 5406 2753 5465 ὀ,
2783 5416 2836 5471 p.
2865 5415 2988 5470 7⁰9·
