4584 6284
660 534 743 588 28

650 656 749 710 111.
777 657 855 708 De
857 652 1081 725 flumine
1108 652 1295 725 &dari
1324 665 1375 708 et
1401 654 1628 721 Barbyse
1644 673 1709 708 ex
1732 655 1929 728 anaplo
1948 654 2210 727 Dionysii.

1302 807 1403 867 Fr.
1452 818 1547 869 18.

712 961 963 1026 Flumen,
1004 961 1197 1033 inquit,
1246 960 1464 1033 Qrdarts
1496 962 1641 1017 venit
1672 962 1741 1017 ab
1765 981 1955 1018 occasu
1988 962 2175 1019 oestiw
2194 1004 2210 1027 ,

645 1047 895 1119 Barbyses
910 1066 1034 1103 vero
1049 1066 1087 1101 a
1105 1047 1255 1102 borea
1274 1059 1445 1103 vento.
1468 1049 1746 1121 Barbysem
1768 1048 1872 1104 alii
1888 1048 2075 1104 dieunt
2092 1048 2215 1103 edu·

641 1147 867 1190 catorem
906 1135 1161 1207 Byzantis
1175 1177 1192 1200 ,
1242 1135 1344 1191 alii
1396 1136 1763 1207 navigationis
1805 1137 1987 1193 ducem
2041 1156 2213 1194 eor-um

644 1222 738 1293 qui
764 1240 883 1277 cum
901 1225 1092 1277 Iasone
1113 1233 1165 1277 et
1188 1221 1381 1293 Minyis
1403 1223 1727 1293 navigarunt
1744 1223 1821 1278 ad
1842 1224 2069 1289 Colchos,
2095 1224 2213 1298 qui-

644 1308 771 1363 dam
792 1310 989 1365 heroem
1014 1308 1513 1383 indigenamfuisse.
1549 1310 1655 1367 Ubi
1676 1312 1911 1383 flumina
1930 1310 2108 1366 delata
2140 1312 2217 1365 ad

643 1397 708 1451 ob
716 1397 858 1451 vium
871 1398 1289 1472 promontorium
1314 1416 1548 1454 crassum
1570 1399 1709 1453 inter
1720 1417 1776 1455 se
1795 1411 1978 1455 coeunt
2002 1398 2055 1453 in
2072 1417 2215 1453 mare

644 1485 889 1540 exeuntia
903 1526 919 1551 ,
950 1484 1028 1541 ibi
1052 1504 1151 1541 ara
1166 1498 1245 1542 est
1259 1491 1543 1559 Semystroe,
1579 1507 1615 1541 a
1642 1505 1749 1561 qua
1768 1488 1910 1542 loeus
1932 1506 2111 1543 nomen
2135 1486 2213 1543 in-

642 1572 807 1626 venit.
846 1576 1105 1644 Semystra
1140 1572 1326 1628 nutrix
1344 1572 1467 1645 suit
1496 1578 1741 1628 Ceroessoe
1775 1573 1967 1629 matr-is
2009 1579 2212 1645 Byzan·

640 1658 732 1713 tis.
754 1662 816 1713 Io
834 1659 969 1715 enirn
987 1677 1109 1715 eum
1120 1661 1273 1716 Iouis
1286 1673 1400 1715 arte
1428 1660 1483 1715 in
1508 1680 1729 1716 vaccam
1746 1680 1839 1716 con
1848 1680 2013 1726 versa,
2034 1662 2214 1735 imque

637 1746 861 1801 Iunonis
886 1759 1043 1803 oestro
1060 1748 1206 1804 alato
1221 1747 1502 1803 stimulata
1516 1748 1713 1803 multas
1730 1760 1899 1803 terras
1915 1748 2211 1822 percurris-

637 1844 717 1886 set
730 1874 746 1897 ,
769 1832 921 1905 apud
939 1834 1077 1889 huno
1094 1834 1260 1889 Iocum
1268 1833 1611 1908 parturiendi
1635 1832 1809 1889 dolore
1833 1833 2035 1906 affecta
2056 1834 2210 1907 (nam

638 1929 751 1971 emt
774 1916 953 1976 divini
976 1920 1189 1975 seminis
1219 1920 1438 1994 plena),
1473 1920 1731 1991 infantem
1752 1920 2031 1992 soeminam
2048 1938 2210 1996 pepe-

639 2003 734 2059 rit.
767 2006 923 2061 Hane
957 2005 1139 2061 toHens
1164 2010 1425 2076 Semystra
1457 2004 1628 2061 laetat
1664 2016 1717 2061 et
1754 2004 1927 2062 nutrit
1955 2018 2209 2075 gerentem

647 2088 847 2163 insigne
868 2092 1343 2163 transformationis
1374 2104 1645 2161 maternoe3
1673 2111 1922 2149 eor-nuum
1940 2094 2077 2148 enim
2096 2094 2211 2168 typi

639 2198 707 2235 ex
726 2179 913 2253 fmnte
944 2178 1234 2237 emineBant
1247 2222 1265 2247 ,
1315 2180 1447 2237 unde
1481 2182 1785 2257 appellatur
1830 2186 2080 2238 Ceroessa.
2118 2186 2209 2237 Ex

638 2266 740 2321 hae
774 2277 826 2321 et
858 2269 1103 2341 Neptuno
1139 2266 1349 2337 genitus
1390 2278 1469 2322 est
1501 2272 1692 2338 Byzas,
1740 2268 1833 2323 vir
1861 2267 2112 2323 similiter·
2148 2280 2209 2323 ut

638 2352 767 2407 deus
782 2352 1085 2418 honoratus,
1128 2372 1165 2407 a
1196 2371 1298 2427 quo
1336 2353 1647 2425 Byzantium
1684 2353 1950 2409 eonditum
1986 2366 2082 2408 est.
2119 2358 2205 2408 Se-

640 2448 839 2507 mystra
856 2435 998 2491 loeus
1014 2454 1211 2511 parum
1226 2435 1423 2507 abfuit,
1449 2435 1579 2509 quin
1598 2436 1722 2491 urbs
1738 2434 2027 2507 efficeretur
2038 2458 2061 2499 ,-
2081 2454 2203 2490 nam

640 2521 720 2576 tbi
751 2520 906 2576 duces
924 2520 1133 2579 colonia
1162 2520 1336 2577 urbem
1357 2521 1567 2576 condere
1582 2521 1981 2585 constituerant,
2012 2520 2123 2576 nisi
2136 2540 2205 2577 ea·

638 2605 810 2661 media
854 2607 1083 2677 flanona
1135 2624 1317 2662 eor-ew
1372 2606 1639 2681 rapuisset
1674 2618 1885 2680 partem
1930 2606 2166 2661 victimoe
2179 2647 2196 2671 ,

636 2710 845 2767 eamque
880 2692 937 2747 in
954 2692 1259 2768 Bosporium
1285 2691 1701 2766 promontorium
1724 2692 1952 2750 tulisset.
1980 2695 2097 2748 Hoc
2130 2693 2201 2748 ab

632 2779 881 2854 Apolline
894 2792 1151 2837 ostentum
1169 2784 1491 2853 conjecerunt
1510 2779 1684 2836 Groeei
1707 2799 1744 2835 a
1768 2792 1987 2855 pastore
2006 2779 2195 2844 edocti,

627 2866 724 2940 qui
758 2866 827 2919 ab
847 2866 1061 2941 specula
1078 2865 1308 2922 intuitus
1324 2878 1455 2933 erat,
1480 2866 1575 2922 ubi
1588 2884 1779 2923 eor-vus
1796 2866 2030 2922 victimae
2050 2866 2199 2941 rapi-

626 2970 749 3007 nam
767 2950 1106 3026 deposuisset,
1132 2952 1395 3027 secutique
1412 2951 1620 3023 signum
1637 2952 1982 3009 condiderunt
1998 2958 2199 3025 Byzan-

626 3038 761 3094 tium
787 3039 843 3093 in
860 3038 1220 3115 promontorio
1244 3040 1513 3116 Bosporio.

696 3127 987 3199 Hucusque
1008 3125 1150 3181 dicta
1168 3126 1275 3180 sint
1300 3144 1364 3181 ex
1391 3126 1678 3199 Dionysio,
1709 3144 1829 3199 qun
1847 3124 1961 3199 jam
1982 3126 2107 3182 inde
2133 3124 2200 3179 ab

626 3212 1003 3284 antiquissimis
1030 3211 1355 3285 temporibus
1382 3214 1685 3285 pervulgata
1698 3252 1716 3279 ,
1748 3214 1793 3267 si
1818 3215 1937 3286 quis
1957 3233 2043 3270 me
2064 3216 2201 3271 otio-

626 3298 735 3351 tior
768 3296 922 3351 altius
957 3296 1279 3363 consideret,
1316 3315 1424 3351 non
1454 3298 1569 3352 sine
1590 3298 1804 3371 physica
1829 3300 2033 3353 ratione
2056 3300 2201 3355 inve·

628 3384 739 3437 niet
764 3384 827 3438 Io
850 3400 1065 3438 vaccam
1084 3382 1411 3454 cornigeram
1436 3386 1700 3456 peperisse
1726 3386 2025 3441 Ceu-oessam
2048 3384 2203 3458 juxta

630 3470 915 3525 fluviorum
951 3471 1111 3537 ostia,
1167 3470 1271 3525 boc
1314 3481 1393 3525 est
1441 3489 1669 3537 cornua,
1721 3470 1977 3545 juxtaque
2024 3475 2198 3529 sinum

632 3556 817 3611 Cornu
838 3566 1203 3631 nuncupatum
1240 3574 1257 3613 ε
1296 3574 1327 3611 e
1350 3556 1543 3629 quibus
1569 3575 1708 3631 aqua
1741 3557 1909 3613 dulcis
1952 3557 2201 3631 prodiens

633 3660 796 3717 supra
812 3642 998 3699 salsam
1024 3642 1170 3698 sinus
1193 3652 1247 3698 et
1272 3640 1391 3698 freti
1410 3661 1671 3699 summam
1699 3662 1887 3717 aquam
1921 3644 2091 3701 fertur
2112 3665 2201 3703 ve·

632 3730 711 3787 lut
729 3731 891 3787 altera
910 3733 973 3787 10
988 3770 1005 3799 ,
1031 3732 1285 3805 sinusque
1316 3730 1592 3787 Cei-atinus
1621 3742 1932 3803 agnoscetur
1956 3751 2109 3789 verus
2138 3733 2199 3789 fi-

632 3820 733 3875 lius
755 3821 1019 3876 Ceroessae
1035 3831 1089 3875 et
1108 3820 1369 3893 Neptuni,
1390 3818 1446 3875 id
1468 3830 1577 3888 est,
1616 3838 1765 3894 aque
1780 3820 1950 3876 duleis
1966 3833 2020 3878 et
2035 3822 2197 3890 salsae,

632 3911 911 3983 veriorque
938 3928 1095 3983 quam
1124 3909 1401 3983 qnisquam
1434 3910 1594 3983 Byzas
1612 3908 2037 3984 deprehendetur
2067 3930 2197 3966 con·

632 3996 777 4051 ditor
800 3996 1054 4069 Byzantii.
1086 3993 1248 4066 Quod
1273 3996 1459 4050 attinet
1484 3998 1930 4069 promontorium,
1962 3996 2031 4051 ad
2053 3996 2198 4069 quod

1882 523 2230 588 DIONYSII
2270 524 2638 587 BYzaN‘m

2300 673 2416 709 sum
2441 664 2520 710 est
2542 665 2594 709 et
2610 695 2625 721 ‚
2650 666 2711 709 ut
2725 654 2810 709 ille
2826 656 2900 709 ait
2914 695 2929 721 ‚
2950 672 3203 721 mssum,
3223 655 3278 708 in
3295 652 3624 709 altitudinem
3652 652 3858 709 editum

2301 741 2519 814 amplius
2547 740 2684 795 mille
2701 757 3208 815 passuum,quorum
3240 740 3552 813 septingenti
3583 738 3864 795 inferiores

2299 837 2424 881 sunt
2441 825 2762 894 decliviores,
2778 826 3142 899 quadringenti
3156 826 3450 899 superiores
3467 827 3642 881 minus
3661 826 3860 899 procli·

2301 932 2409 969 ves
2436 916 2555 985 Jugi
2579 910 2754 969 cervix
2768 953 2783 980 ,
2808 930 2911 986 qua
2929 913 3356 985 promontorium
3373 912 3671 968 adnectitur
3695 912 3863 969 dorso

2303 1002 2495 1056 montis
2512 1040 2528 1067 ,
2576 1001 2730 1055 latior
2766 1018 2873 1055 non
2921 1010 2999 1055 est
3037 1000 3251 1072 triginta
3279 999 3535 1073 passibus,
3585 1009 3859 1071 angustata

2299 1086 2505 1144 duabus
2519 1088 2733 1144 vallibus
2750 1104 2764 1142 :
2783 1106 2889 1143 una
2901 1106 2932 1143 a
2947 1087 3181 1155 meridie,
3203 1087 3258 1143 in
3272 1105 3376 1161 qua
3393 1105 3600 1142 summa
3612 1085 3843 1161 depmsae

2301 1186 2380 1231 est
2421 1177 2554 1232 fossa
2597 1177 2950 1233 conservatrix
2987 1177 3188 1231 nivium
3203 1216 3219 1243 ,
3253 1177 3362 1231 suis
3398 1175 3559 1231 labris
3591 1177 3827 1232 sustinen

2299 1261 2528 1335 ligneum
2574 1266 2838 1337 tugurium
2880 1265 3189 1335 fastigiatum
3235 1266 3290 1319 in
3338 1282 3645 1319 mucronem
3687 1276 3842 1320 metat.

2299 1351 2593 1423 cujusmodi
2651 1352 2888 1425 plurimoe
2921 1351 3058 1407 circa
3101 1351 3287 1406 tit-bem
3333 1351 3580 1405 videntur
3623 1368 3638 1404 ε
3693 1349 3856 1409 altera

2299 1440 2427 1495 valle
2441 1441 2785 1513 promontorii
2807 1440 3079 1511 stringitur
3101 1457 3132 1495 a
3155 1440 3528 1511 septentrione,
3551 1440 3604 1493 in
3631 1455 3736 1511 qua
3751 1438 3858 1494 ima

2298 1536 2376 1580 eat
2394 1544 2538 1581 sacer
2572 1526 2688 1581 fons
2699 1566 2714 1592 ,
2739 1542 2896 1597 quem
2917 1526 3086 1580 Graeci
3118 1524 3358 1595 Agiasma
3383 1524 3639 1597 appellare
3665 1524 3851 1579 solent.

2297 1613 2651 1669 Promontorii
2672 1612 2872 1668 radices
2887 1612 3078 1685 partim
3117 1611 3382 1681 attingunt
3415 1612 3586 1683 ripam
3613 1610 3856 1683 Cydaris,

2297 1702 2486 1773 partim
2513 1698 2816 1773 impendent
2841 1700 2897 1754 in
2923 1698 3190 1771 planitiem
3212 1715 3244 1752 a
3267 1700 3384 1771 ripa
3405 1708 3458 1752 et
3489 1698 3860 1771 promontorio

2300 1789 2676 1856 intermissam,
2701 1786 2990 1843 latitudinis
3025 1796 3314 1853 trecentos,
3351 1786 3690 1858 longitudinis
3737 1786 3860 1859 plus

2298 1876 2471 1931 minus
2505 1876 2819 1948 quingentos
2851 1874 3172 1946 septuaginta
3196 1891 3377 1946 passus
3416 1872 3693 1928 habentem
3706 1914 3724 1941 ,
3751 1875 3856 1928 cir·

2296 1966 2442 2019 cuitu
2473 1963 2898 2037 complectentem
2929 1962 3136 2017 circiter
3159 1962 3299 2017 mille
3320 1974 3374 2017 et
3395 1963 3711 2035 quingentos
3741 1978 3854 2035 pas-

2295 2068 2404 2106 sus.
2451 2050 2752 2107 Secundum
2780 2048 2917 2104 hanc
2961 2048 3186 2104 mediam
3237 2061 3318 2105 ωε
3344 2050 3513 2105 coitus
3554 2047 3773 2121 Cydaris
3801 2061 3855 2105 et

2295 2138 2534 2212 Barbysae
2579 2138 2856 2192 fluminum
2875 2176 2892 2203 ,
2940 2153 3168 2208 quorum
3219 2146 3443 2209 uterque
3489 2135 3646 2210 paulo
3695 2155 3856 2211 supra

2294 2223 2512 2279 eandem
2532 2224 2796 2297 planitiem
2810 2222 2928 2277 fluit
2947 2219 3014 2276 ab
3029 2222 3191 2276 altero
3213 2233 3478 2294 separatus
3490 2224 3858 2295 promontorio

2292 2310 2450 2381 longo
2485 2321 2538 2365 et
2579 2320 2734 2366 acuto
2765 2329 2779 2366 ε
2829 2308 2884 2364 id
2925 2310 3166 2364 existimo
3193 2328 3330 2376 esse,
3387 2308 3532 2380 quod
3572 2310 3858 2382 Dionysius

2290 2400 2594 2471 Drepanum
2619 2408 2784 2453 vocat.

2947 2538 3048 2601 Fr.
3103 2548 3195 2599 19.

2362 2698 2416 2749 A
2447 2705 2617 2762 tergo,
2657 2694 2848 2766 inquit,
2879 2698 3163 2763 Semystroe,
3193 2692 3361 2768 puulo
3389 2710 3554 2768 supra
3568 2694 3854 2764 fluminum

2286 2779 2429 2835 ostia
2452 2778 2667 2834 initium
2687 2778 3045 2851 circumflexus
3077 2780 3132 2835 in
3161 2779 3384 2834 alterum
3417 2780 3560 2835 latus
3583 2778 3733 2834 sinus
3763 2785 3848 2836 Ce-

2286 2868 2456 2923 ratini
2475 2868 2639 2939 efficit
2651 2867 3062 2942 promontorium
3089 2872 3390 2942 Drepanum
3415 2867 3679 2938 inflexum,
3699 2872 3849 2940 cujus

2286 2973 2528 3010 cacumen
2549 2966 2760 3009 acutum
2782 2954 3115 3029 appellarunt
3146 2955 3369 3010 But-olon
3385 2996 3400 3017 .
3437 2955 3530 3009 hoe
3555 2967 3634 3010 est
3658 2955 3852 3011 Bubul-

2288 3061 2405 3097 cum
2420 3084 2437 3107 ,
2477 3054 2637 3112 grata
2673 3040 2917 3096 memoria
2943 3043 3214 3116 prosecuti
3251 3041 3471 3097 indicem
3513 3062 3580 3097 ea·
3613 3042 3707 3098 hoo
3743 3044 3850 3097 Ioco

2287 3131 2615 3205 speculatum
2637 3128 2781 3189 urbis
2797 3126 3106 3185 conditorem
3129 3148 3362 3185 corvum.

2357 3220 2438 3271 Ex
2475 3218 2556 3271 his
2591 3214 2828 3287 Dionysii
2870 3215 3041 3270 verbis
3079 3215 3292 3270 adverte
3310 3256 3326 3281 ,
3367 3234 3524 3287 quem
3563 3217 3608 3269 is
3631 3214 3851 3288 appellat

2288 3304 2570 3376 Barbysem
2589 3344 2604 3369 ,
2654 3300 2868 3356 Suidam
2917 3302 3248 3375 reliquosque
3295 3312 3528 3355 recentes
3571 3303 3852 3373 scriptores

2288 3390 2516 3446 scribere
2533 3389 2875 3465 Barbyssuuu
2906 3404 3064 3460 quam
3085 3398 3244 3453 recte,
3267 3386 3396 3441 fides
3416 3388 3482 3440 sit
3499 3404 3658 3460 penes
3676 3404 3854 3441 emen-

2288 3476 2440 3533 datos
2467 3476 2692 3533 codioes.
2718 3475 2958 3549 Barbysae
2973 3493 3167 3529 nomen
3195 3473 3329 3529 adeo
3351 3472 3464 3545 jam
3497 3474 3734 3545 ignotum
3769 3484 3848 3528 eat

2288 3567 2445 3621 etiam
2471 3565 2689 3634 accolis,
2719 3576 2782 3619 ut
2823 3564 2973 3620 aliter
2997 3563 3254 3637 appellare
3288 3562 3561 3637 Byzantini
3612 3563 3848 3617 nesciant

2287 3671 2447 3726 quam
2474 3652 2814 3708 chartaricon
2851 3664 2865 3689 ¹
2891 3651 3112 3706 fluvium
3149 3648 3218 3706 ab
3244 3648 3459 3705 officina
3489 3650 3636 3704 ostiis
3673 3648 3849 3703 ilumi-

2285 3758 2416 3795 num
2459 3741 2750 3815 propinqua
2767 3780 2782 3804 ,
2829 3738 2920 3800 ubi
2966 3736 3157 3793 cbartae
3196 3748 3428 3792 contusae
3471 3734 3845 3810 explanantur-3

2288 3828 2496 3894 rustici,
2520 3826 2612 3898 qui
2629 3824 2868 3881 accolunt
2885 3822 2997 3897 ejus
3023 3824 3224 3888 fontes,
3251 3823 3397 3878 bunc
3425 3824 3700 3877 nominant
3726 3825 3852 3877 Pec-

2287 3913 2580 3969 tiuacorion
2611 3911 2766 3986 (bod.
2792 3909 3204 3981 steina-Aliost)
3221 3928 3251 3964 a
3287 3910 3404 3963 vico
3435 3909 3508 3962 ita
3542 3918 3850 3982 nuncupato

2290 4000 2426 4055 illius
2457 4000 2689 4054 sontibus
2716 3999 2908 4053 vicino.
2939 4000 3153 4068 longus
3189 4007 3268 4051 est
3294 3996 3508 4050 circiter
3542 3994 3847 4069 quindecim

630 4082 759 4139 dicit
798 4084 1081 4157 Dionysius
1110 4083 1329 4139 flumina
1345 4084 1487 4139 exire
1506 4086 1561 4138 in
1591 4102 1764 4153 mare,
1784 4084 2022 4158 profecto
2043 4084 2199 4141 obtu-
2289 4085 2508 4139 miliaria
2518 4105 2535 4151 ς
2559 4084 2688 4139 lenis
2715 4082 2848 4138 adeo
2877 4083 3024 4150 fluit,
3059 4094 3120 4137 ut
3157 4083 3214 4137 in
3237 4092 3476 4137 neutram
3499 4091 3702 4155 partem
3733 4100 3852 4136 mo-

700 4242 795 4295 Fr.
839 4242 923 4296 18.
965 4237 1212 4310 quasis]
1254 4239 1483 4311 quar-us
1521 4258 1608 4313 ap.
1641 4240 1907 4296 Codinum
1934 4252 1989 4296 et
2029 4242 2197 4313 Hesy-

630 4316 811 4371 chium
837 4320 867 4387 S
894 4318 925 4371 3
954 4335 1009 4390 p.
1050 4320 1149 4389 147
1176 4335 1191 4373 z
1223 4318 1438 4391 Κόδαρός
1466 4338 1522 4373 τε
1548 4318 1633 4372 καὶ
1656 4318 1911 4392 Βαρδῦσης
1947 4320 2197 4391 ποταμοὶ,

632 4394 663 4449 ὁ
692 4394 777 4468 μὲν
802 4401 899 4451 τῶν
923 4395 1177 4471 ἀρκτῴων,
1202 4396 1233 4451 ὁ
1263 4396 1318 4453 δὲ
1341 4404 1439 4452 τῶν
1466 4397 1702 4471 ἑσπερίων
1734 4400 2063 4472 προρρέοντες.
2085 4402 2200 4471 ΙΙ-

636 4474 903 4548 Βαρὸὗσης]
926 4476 1174 4548 Βαρδύὸης
1194 4475 1315 4532 libri
1334 4475 1555 4543 Godini;
1576 4478 1854 4552 Βαρὸὖσσος
1869 4476 2055 4533 Suidas
2076 4496 2121 4532 s.
2144 4496 2198 4532 v.

643 4551 928 4626 Ἡράκλειος
945 4564 999 4610 et
1013 4555 1128 4623 alii3
1157 4556 1429 4629 Βάρνυσσος
1450 4568 1699 4631 corrupte
1723 4557 2053 4631 Nicephorua
2081 4558 2203 4611 Bre-

640 4633 769 4687 viar.
799 4652 856 4707 p.
902 4634 986 4689 15.
1026 4634 1050 4707 ΙΙ
1088 4665 1163 4678 -
1186 4634 1381 4691 heroem
1412 4636 1743 4710 indigenam]
1783 4638 1869 4692 Sic
1894 4636 2201 4692 Chronicon

637 4714 875 4769 Paschal.
886 4732 945 4787 p.
958 4715 1081 4785 493.
1102 4714 1300 4785 n—ibi
1320 4734 1417 4769 ara
1430 4727 1507 4770 est
1518 4718 1824 4789 Semystra]
1845 4717 2043 4771 Praeter
2056 4733 2203 4770 aram

636 4791 911 4863 Semystra
957 4793 1114 4847 etiam
1164 4793 1539 4855 Dioscurorum
1587 4794 1765 4848 lucum
1803 4792 1872 4847 ad
1918 4794 2203 4847 fluviorum

636 4870 961 4925 confluentes
990 4869 1147 4926 fuisse
1172 4868 1329 4926 tradit
1354 4872 1643 4943 Hesychius
1664 4872 1899 4927 Milesius
1926 4890 1983 4945 p.
2024 4876 2143 4942 ¹49.
2172 4874 2194 4944 ΙΙ

635 4979 709 4991 -
739 4966 927 5005 corvus
949 4950 1247 5025 rapuisset}
1275 4953 1354 5006 De
1374 4951 1456 5005 his
1482 4950 1752 5007 oraculum
1776 4951 1935 5007 fuisse
1960 4951 2205 5024 perhibet

635 5028 849 5083 Simeon
894 5030 1182 5100 Logothcta
1220 5030 1277 5083 in
1316 5030 1514 5085 Chron.
1545 5047 1667 5085 ms:
1698 5032 1968 5094 Βυζάντιον
2014 5028 2203 5102 εἴρηται

635 5104 733 5161 ὰπὸ
760 5112 849 5161 τοῦ
886 5110 1167 5177 κτίσαντος,
1192 5106 1235 5183 ᾧ
1272 5109 1398 5164 κατὰ
1434 5110 1662 5182 χρησμὸν
1702 5112 2199 5183 προαναπφώνηται,

635 5188 790 5256 κρέως
818 5206 865 5241 τι
904 5186 1145 5259 ἀράμενος
1172 5187 1332 5251 αἰετὸς
1376 5187 1447 5261 ἔφ’
1472 5186 1531 5243 οὗ
1550 5192 1609 5243 ἂν
1645 5188 2002 5257 κατακτήσεται
2036 5191 2205 5261 χώρου

632 5264 718 5318 καὶ
740 5263 863 5318 αὐτὸ
888 5266 1058 5321 iletre
1083 5269 1106 5337 (
1126 5268 1160 5322 l.
1193 5266 1525 5341 ἀποδάλοιτο)
1542 5309 1557 5334 ,
1592 5266 1701 5323 ἐκεῖ
1716 5266 1803 5336 τὴν
1830 5267 1977 5323 πόλιν
2016 5268 2207 5339 ἱδρύσα-

633 5345 772 5398 σθαι.
801 5344 999 5401 Eadem
1032 5346 1203 5401 sabula
1232 5346 1301 5401 de
1339 5347 1637 5403 Alexandro
1674 5346 2043 5403 Alexandriam
2078 5365 2205 5401 con·

3683 4196 3825 4208 -———·

2280 4240 2460 4295 dituro
2485 4250 2725 4294 narratur
2750 4257 2836 4311 ap.
2874 4236 3298 4294 Pseudoeallisth.
3344 4254 3393 4302 1,
3439 4238 3541 4303 32,
3573 4253 3628 4308 p.
3663 4236 3750 4302 56,
3793 4246 3847 4291 et

2281 4318 2349 4374 de
2376 4318 2579 4374 Candiae
2619 4317 2981 4374 conditoribus
3028 4336 3114 4389 ap.
3160 4316 3340 4389 steph.
3373 4318 3432 4370 B.
3473 4334 3506 4368 v
3568 4315 3752 4387 napata
3789 4324 3844 4369 et

2280 4397 2442 4454 schol.
2478 4400 2532 4451 in
2561 4397 2831 4452 Demosth.
2862 4415 2919 4470 p.
2959 4397 3050 4461 63,
3103 4399 3166 4451 16
3195 4398 3261 4451 R.
3304 4394 3551 4452 Similiter
3577 4391 3850 4448 Cedreuus

2284 4476 2442 4533 tradit
2467 4477 2867 4533 Constantinum
2883 4515 2899 4541 ,
2940 4492 3106 4546 quum
3143 4474 3332 4529 urbem
3358 4475 3414 4527 in
3440 4470 3786 4527 Chalcedonis
3813 4489 3846 4527 a

2282 4558 2454 4612 Persis
2484 4556 2672 4612 dirutae
2700 4556 2817 4611 loco
2851 4552 3078 4609 condere
3101 4554 3360 4626 coepisset,
3383 4570 3506 4607 mox
3535 4551 3844 4607 sententiam

2288 4647 2514 4691 mutasse
2539 4636 2784 4691 edoctum
2810 4633 3024 4706 aquilis,
3067 4650 3185 4706 quae
3209 4632 3408 4706 lapillos
3430 4630 3838 4685 architectorum

2284 4716 2475 4770 iterum
2521 4716 2814 4787 iterumque
2836 4713 3094 4787 rapientes
3119 4713 3174 4765 in
3208 4729 3330 4765 eum
3359 4708 3743 4764 transtulissent
3766 4707 3845 4761 lo·

2284 4812 2407 4848 cum
2422 4834 2438 4860 ,
2471 4793 2564 4848 ubi
2602 4792 2724 4849 dein
2751 4791 2964 4848 condita
2999 4802 3078 4845 est
3103 4787 3598 4861 Constantinopolis.

2358 4876 2450 4927 Fr.
2487 4890 2571 4941 ¹9-
2606 4870 2867 4945 BueoIon]
2899 4869 2980 4926 Cf.
3009 4868 3349 4942 Hesychiuss
3378 4868 3408 4921 3
3441 4883 3456 4920 :
3483 4864 3730 4919 Βουκόλον
3751 4860 3842 4931 τὴν

2284 4956 2373 5007 τοῦ
2397 4952 2585 5023 ὄρνιθος
2619 4950 2952 5012 ὑποδείξαντος
2977 4952 3171 5016 πτῆσιν,
3212 4946 3292 5019 ἀφ’
3319 4944 3465 5016 οὗπερ
3491 4943 3574 4999 καὶ
3601 4943 3846 4997 Βουκόλια

2286 5032 2448 5086 ἐκεῖνο
2473 5031 2532 5085 τὸ
2558 5032 2742 5103 χωρίον
2771 5028 2971 5097 ἐκλήθη.
2999 5058 3074 5070 —
3104 5044 3150 5083 1.
3183 5024 3522 5080 Char-taricdn
3533 5024 3640 5096 fi.]
3669 5021 3848 5077 Hodie

2286 5114 2484 5165 tureice
2523 5110 2707 5165 codem
2759 5127 2915 5163 seusu
2956 5108 3145 5162 fluvius
3195 5115 3411 5159 vocatur
3449 5101 3836 5172 Kiagadohane.

2283 5189 2355 5242 V.
2378 5206 2480 5243 von
2499 5188 2747 5242 Hammer
2775 5184 3248 5259 constantinopolis
3265 5202 3320 5241 u.
3344 5183 3401 5238 d.
3430 5188 3688 5257 Bosporus
3709 5192 3750 5236 t.
3786 5197 3843 5251 1,

2282 5286 2339 5341 p.
2367 5268 2453 5323 15.
2474 5268 2724 5341 Barbyses
2744 5278 2956 5321 vocatur
2972 5264 3326 5335 Ali-bersan.
3346 5306 3361 5329 ,
3387 5261 3641 5335 Hydrales
3663 5271 3841 5317 antem

2284 5344 2640 5415 migrari-sou.
