4584 6284
761 428 877 482 576

2003 425 2046 485 C
2057 426 2705 494 ERESTOMATHIAE

754 552 979 612 σταδίων
1027 550 1139 610 ἐστὶ
1182 549 1248 624 δ’,
1292 555 1321 610 ὁ
1369 551 1422 609 δὲ
1472 551 1756 632 περίπλους
1795 550 1840 611 τ’
1881 555 2110 615 σταδίων
2149 559 2310 620 ἐστίν.
2408 562 2551 618 bitus
2590 575 2767 620 autem
2796 576 3172 624 trecentorum.
3248 569 3697 625 Circumhabitant
3724 572 3889 644 ipsum
3926 594 3956 628 a

756 642 1084 718 Περῑουῑοῧσῑ
1125 640 1173 698 δ’
1219 637 1372 697 αὗτὸν
1425 638 1730 720 Ἀμφῖλῦχοῑ
1780 639 1874 717 μὲν
1917 643 2046 724 πρὸς
2092 647 2313 727 βορρᾶν,
2405 662 2761 732 septentrione
2782 665 3153 738 Amphilochi,
3181 664 3250 721 ab
3272 677 3396 721 ortu
3417 670 3747 736 Acarnanes,
3776 670 3842 725 ab
3866 691 3957 727 oc-

751 725 1054 805 Ἀκαρνᾶνες
1097 723 1154 784 δὲ
1199 724 1330 803 πρὸς
1377 727 1666 801 ἀνατολὰς,
1723 729 2070 791 Κασσωπαῖοι
2117 731 2170 791 δὲ
2225 734 2316 793 καὶ

750 811 1067 884 Νικόπολις,
1116 810 1421 888 Αὐγούστου
1459 811 1685 886 κτίσμα,
1728 812 1860 892 πρὸς
1909 816 2132 893 δυσμάς.
2219 820 2313 881 Ἐν

748 898 804 957 δὲ
833 903 909 980 τῷ
946 903 1100 979 μυχῷ
1135 903 1226 958 τοῦ
1254 898 1456 958 κόλπου
1487 898 1785 980 Ἀμπρακία
1827 902 1937 961 ἐστὶ
1967 907 2144 977 πόλις,
2173 906 2226 976 ἐξ
2250 899 2313 980 ἧς

748 990 777 1045 ὃ
803 985 992 1052 κόλπος
1010 982 1348 1062 ὠνόμασται,
1373 983 1546 1063 ὀλίγον
1574 985 1678 1046 ἀπὸ
1703 988 1994 1063 θαλάσσης·
2015 991 2081 1065 ἣν
2106 993 2313 1077 Πύρρος

747 1077 776 1132 ὃ
804 1073 1134 1155 Ἠπειρώτης
1161 1073 1422 1151 ἐπίσημον
1455 1072 1697 1148 ἐποίησε,
1720 1076 1970 1160 βασιλείῳ
1991 1079 2162 1161 ταύτῃ
2185 1104 2313 1162 χρη.

749 1160 996 1239 σοίμενος·
1023 1159 1224 1237 κτίσμα
1254 1163 1300 1220 δ’
1330 1158 1442 1220 ἐστὶ
1464 1161 1661 1240 Γόργου
1684 1168 1774 1222 τοῦ
1807 1165 2045 1246 Κυψέλου
2069 1169 2253 1238 παιδὸς
2273 1175 2308 1242 ἦ

747 1246 1052 1330 Ἀμπρακία
1079 1247 1253 1316 πόλις.

825 1357 901 1398 ss.
943 1333 1076 1397 Ὀτι
1112 1333 1182 1394 τὰ
1218 1330 1408 1395 Ἄκτια
1454 1337 1850 1418 πενταετηρικὸς
1890 1332 2039 1420 ἀγών
2067 1346 2210 1403 ἐστιν
2253 1348 2307 1404 ἐν

747 1422 1063 1484 Νικοπόλει·
1098 1421 1218 1483 ἔνθα
1243 1426 1272 1481 δ
1301 1423 1595 1502 Αὔγουστος
1632 1425 1898 1488 ’Λντώνιον
1946 1453 2306 1506 καταναυμα-

745 1511 919 1590 χήσας
965 1511 1087 1590 περὶ
1134 1511 1197 1570 τὸ
1221 1508 1425 1571 Ἄκτιον
1472 1512 1565 1585 τήν
1609 1535 1666 1572 τε
1695 1514 1847 1574 πόλιν
1887 1517 2106 1578 ἐκάλεσε
2145 1521 2307 1580 Νικό-

745 1602 899 1660 πολιν
927 1598 1019 1658 καὶ
1055 1599 1175 1678 περὶ
1197 1598 1257 1657 τὸ
1287 1595 1494 1660 Ἄκτιον
1518 1600 1586 1659 τὰ
1612 1597 1799 1661 ’Ἀκτια
1824 1605 1999 1681 ἀγῶνα
2024 1605 2224 1678 ἔθηκεν.

828 1709 902 1748 οε.
944 1683 1076 1748 Ὅτι
1104 1688 1238 1765 μετὰ
1260 1689 1358 1758 τὴν
1383 1692 1486 1747 τῶν
1515 1689 1808 1769 Ἐπιγόνων
1837 1694 1910 1760 εἰς
1934 1692 2125 1766 Θήὸας
2152 1719 2306 1776 στρα·

746 1773 892 1833 τείαν
929 1771 1242 1848 Ἀλκμαίων,
1287 1775 1640 1854 παρακληθεὶς
1682 1776 1784 1838 ὑπὸ
1810 1779 2137 1857 Διομήδους,
2183 1807 2307 1842 συν-

739 1864 901 1935 ἥλθεν
975 1863 1047 1932 εἰς
1111 1861 1374 1922 Αἰτωλίαν
1441 1866 1606 1946 αὐτῷ·
1657 1865 1747 1927 καὶ
1816 1868 2306 1944 συγκατεκτήσαντο

745 1949 944 2024 ταύτην
974 1972 1032 2009 τε
1059 1947 1152 2022 τὴν
1184 1949 1525 2033 Ἀμφιλοχίαν
1557 1951 1648 2013 καὶ
1679 1951 1774 2026 τὴν
1802 1955 2064 2014 Αἰτωλίαν
2092 1956 2183 2016 καὶ
2208 1957 2305 2026 τὴν

745 2037 1108 2120 Ἀκαρνανίαν.
1192 2040 1493 2109 Καλοῢντος
1519 2042 1567 2100 δ’
1595 2041 1781 2110 αὖτοὺς
1822 2042 1908 2102 ἐπὶ
1950 2043 2038 2103 τὸν
2064 2045 2303 2125 Τρωικὸν

747 2127 980 2204 πόλεμον
1021 2125 1436 2206 Ἀγαμέμνονος,
1463 2133 1492 2188 δ
1521 2127 1616 2206 μὲν
1647 2129 1915 2208 Διομήδης
1948 2133 2234 2212 ἐπορεύθη,
2273 2137 2303 2192 ὁ

745 2211 802 2272 δὲ
850 2211 1172 2292 Ἀλκμαίων,
1204 2213 1386 2292 μείνας
1429 2218 1480 2275 έν
1522 2219 1588 2296 τῇ
1627 2215 1965 2300 Ἀκαρνανίᾳ,
2015 2219 2078 2279 τὸ
2117 2217 2300 2299 Ἄργος

743 2301 918 2362 ἔκτισε
934 2346 950 2376 ,
979 2300 1206 2370 καλέσας
1231 2301 1625 2386 Ἀμφιλοχικὸν,
1651 2305 1921 2382 ἰπώνυμον
1943 2313 2032 2366 τοῦ
2055 2309 2298 2390 ἀδελφοῦ·

739 2385 952 2470 Ἴναχον
988 2389 1071 2464 δὲ,
1100 2389 1188 2451 τὸν
1235 2389 1320 2450 διὰ
1368 2396 1463 2464 τῆς
1509 2391 1688 2473 χώρας
1727 2392 1912 2473 ῥέοντα
1955 2395 2195 2471 ποταμὸν
2226 2400 2299 2466 εἰς

739 2476 828 2535 τὸν
873 2478 1083 2551 κόλπον,
1113 2476 1218 2536 ἀπὸ
1265 2483 1357 2537 τοῦ
1403 2476 1541 2539 κατὰ
1591 2478 1690 2552 τὴν
1737 2479 1981 2561 Ἀργείαν
2025 2483 2290 2563 προσηγό-

740 2586 937 2645 ρευσεν.

813 2673 888 2716 σο.
932 2649 1060 2714 'On
1083 2653 1308 2727 πλησίον
1334 2657 1427 2726 τῆς
1448 2676 1507 2715 τε
1535 2654 1865 2724 Μακεδονίας
1893 2655 1984 2716 καὶ
2021 2660 2112 2728 τῆς
2148 2660 2288 2720 Θετ·

730 2740 912 2808 ταλίας
935 2739 1053 2820 περὶ
1081 2738 1141 2800 τὸ
1172 2744 1333 2803 Ποῖον
1364 2739 1482 2823 ὅρος
1508 2739 1598 2801 καὶ
1623 2741 1720 2816 τὴν
1760 2742 1955 2805 Πίνδον
1983 2742 2194 2813 Αἶθικές
2229 2770 2288 2807 τε

729 2828 820 2888 καὶ
851 2831 905 2887 αἱ
933 2832 1022 2888 τοῦ
1053 2831 1280 2900 Πηνειοῦ
1307 2830 1494 2908 πηγαί.
1577 2829 1658 2891 Τὸ
1690 2828 1745 2889 δὲ
1788 2832 1841 2891 ἔν
1884 2831 2116 2911 Δωδώνῃ
2153 2857 2291 2914 μαν·

726 2923 862 2976 τοῖον
885 2918 937 2976 ἐν
965 2919 1031 2997 τῇ
1071 2916 1393 3000 Θεσπρωτίᾳ
1420 2915 1562 2977 ἐστί·
1584 2918 1676 2978 καὶ
1704 2921 1754 2978 οἳ
1781 2920 1997 2994 ποιηταὶ
2023 2921 2289 3002 Θεσπρω-

724 3005 842 3064 τίδα
867 3003 964 3076 τὴν
996 3001 1254 3077 Δωδώνην
1285 3004 1506 3085 ἔφασαν.
1590 3007 1784 3066 Κεῖται
1834 3004 1891 3067 δὶ
1933 3006 2036 3069 ὕπὸ
2079 3012 2156 3089 τῷ
2182 3013 2289 3071 Τό·

728 3090 880 3173 μόρῳ
906 3089 1038 3172 ὄρει·
1065 3091 1156 3150 καὶ
1179 3090 1284 3150 ἀπὸ
1304 3095 1396 3150 τοῦ
1418 3095 1470 3152 Τ
1471 3091 1672 3174 ομᾶρου
1690 3092 1840 3174 ὄρους
1860 3094 1951 3155 καὶ
1973 3099 2022 3156 οῖ
2051 3101 2144 3156 τοῦ
2165 3095 2288 3166 Διὸς

723 3183 986 3259 ὓποφῆται
1004 3176 1348 3246 ἀνιπτόποδες
1364 3182 1416 3239 Τ
1415 3178 1630 3260 όμουροι
1650 3183 1930 3242 ἐκαλοῦντο
1941 3229 1959 3256 ,
1973 3183 2027 3243 ἓν
2045 3189 2287 3266 συγκοπῇ

723 3266 829 3327 ἀπὸ
860 3272 950 3326 τοῦ
986 3262 1347 3344 Τομάρουροι,
1385 3269 1455 3332 ὣς
1499 3264 1562 3324 ὃν
1607 3272 1696 3326 τοῦ
1741 3268 1989 3348 Τομᾶρου
2040 3269 2284 3350 φύλακες.

725 3351 835 3414 Καὶ
864 3352 924 3413 τὸ
950 3353 1006 3412 έν
1048 3356 1116 3432 τῇ
1155 3351 1444 3434 Ὀδυσσεία
1482 3351 1584 3413 ὑπὸ
1625 3355 1944 3437 Ἀμφινόμου
1980 3355 2284 3434 λεγόμενον,

725 3466 748 3492 ι
778 3440 824 3498 εἰ
849 3437 944 3516 μέν
991 3439 1042 3498 κ’
1066 3436 1324 3511 αἰνήσωσι
1351 3444 1474 3508 Διὸς
1504 3441 1755 3520 μεγάλοιο
1787 3442 2056 3520 θέμιστες,
2080 3469 2106 3497 n
2137 3442 2284 3522 [ἔνιοι

721 3521 1048 3611 γράφουσιν]
1084 3553 1112 3581 ι
1149 3530 1196 3588 sl
1227 3528 1322 3606 μέν
1366 3533 1419 3588 κ’
1450 3528 1705 3602 αἰνήσωσι
1732 3531 1853 3600 Διὸς
1882 3530 2135 3612 μεγάλοιο
2175 3532 2282 3595 Τό-

723 3638 922 3698 μουροι.
954 3641 980 3669 ³·
1063 3615 1318 3694 Οὗδαμοῒι
1350 3615 1454 3700 γὰρ
1489 3617 1560 3678 τὰ
1596 3620 1818 3696 μαντεῖα
1844 3619 2091 3698 θέμιστας
2133 3622 2289 3682 καλεῖ

719 3699 994 3785 Ὄμηρος,
1020 3703 1141 3763 ἀλλ’
1171 3702 1263 3764 ἐπὶ
1284 3709 1391 3764 τῶν
1427 3708 1712 3766 πολιτικῶν
1751 3709 1842 3767 καὶ
1885 3707 2124 3788 νομίμων
2156 3712 2282 3770 ἐθῶν

725 3792 869 3852 εἴωθε
895 3794 1078 3853 καλεῖν
1121 3790 1182 3854 τὸ
1218 3791 1486 3872 θέμιστας.
1571 3795 1836 3878 Πρότερον
1865 3795 1930 3870 δὴ
1955 3798 2054 3858 ὑπὸ
2082 3798 2281 3878 ἀνδρῶν

725 3885 1000 3962 προφητῶν
1041 3883 1343 3960 ἐκρατεῖτο,
1368 3880 1584 3963 ὕστερον
1614 3882 1670 3944 δὲ
1700 3883 1802 3943 ὕπὸ
1835 3889 1990 3964 τριῶν
2017 3889 2281 3965 γυναικῶν

723 3975 927 4051 γραιῶν.
945 3959 1053 4031 ’Ἦν
1089 3967 1144 4028 δὲ
1172 3969 1420 4053 πρότερον
1455 3970 1578 4052 περὶ
1614 3971 1974 4048 Σκότουσσαν,
2009 3973 2164 4034 πόλιν
2191 3979 2285 4047 τῆς

2402 775 2526 811 casu
2554 759 2811 832 Cassopaei
2839 771 2890 814 et
2916 760 3184 834 Nicopolis
3222 761 3289 816 ab
3313 767 3551 834 Augusto
3582 764 3810 822 condita.
3892 771 3956 822 In

2402 856 2592 910 intimo
2618 856 2741 912 sinu
2762 853 2865 913 hoc
2901 858 3181 914 Ambracia
3208 860 3333 914 urbs
3360 873 3465 926 est,
3496 881 3526 916 a
3552 881 3657 935 qua
3682 867 3823 920 sinus
3857 885 3955 921 no-

2400 972 2521 1008 men
2545 953 2702 1009 habet
2717 994 2734 1021 ‚
2760 973 2857 1010 nec
2878 956 3065 1029 procul
3088 975 3119 1011 a
3151 959 3283 1012 mari
3316 959 3479 1013 abest.
3552 961 3705 1016 Hanc
3727 964 3955 1035 Pyrrhus

2401 1055 2737 1126 Epirotarum
2777 1075 2872 1112 rex
2920 1055 3154 1111 reddidit
3196 1057 3485 1133 celebrem,
3518 1062 3659 1131 regia
3698 1060 3823 1116 sede
3854 1063 3959 1119 illic

2400 1153 2704 1210 constituta.
2780 1155 2903 1218 Fuit
2922 1166 3097 1211 autem
3115 1174 3146 1210 a
3166 1157 3346 1228 Gorgo
3364 1157 3567 1229 Cypseli
3585 1156 3696 1214 filio
3712 1159 3960 1215 edificata

2400 1252 2701 1310 Ambracia.

2470 1343 2558 1397 58.
2598 1343 2733 1398 Actii
2764 1341 2875 1397 ludi
2918 1344 3329 1415 quinquennales
3369 1357 3493 1401 sunt
3531 1348 3807 1419 Nicopoli;
3848 1367 3960 1420 quo

2398 1410 2514 1465 loco
2562 1419 2860 1483 Augustus,
2903 1415 3140 1470 Antonio
3174 1415 3343 1469 navali
3385 1433 3563 1488 pugna
3591 1416 3831 1482 devicto,
3882 1421 3961 1492 ip-

2396 1500 2509 1534 sam
2554 1483 2738 1537 urbem
2772 1483 3045 1556 appellavit
3071 1485 3380 1557 Nicopolin,
3420 1504 3537 1558 quae
3571 1487 3718 1560 prius
3744 1489 3957 1544 Actium

2397 1551 2983 1679 fflzlzlagg,iujsq?ttgiqpe
3026 1554 3163 1609 illam
3209 1556 3483 1610 Actiorum
3522 1568 3785 1612 certamen
3820 1559 3957 1614 cele-

2468 1711 2557 1782 59.
2595 1711 2723 1766 Post
2752 1714 3115 1785 Epigonorum
3150 1711 3399 1768 adversus
3423 1714 3631 1770 Thebas
3663 1716 3957 1788 expeditio-

2396 1825 2517 1861 nem
2543 1807 2811 1862 Alcmaeon
2839 1827 2870 1863 a
2890 1807 3150 1864 Diomede
3174 1809 3457 1864 accersitus
3484 1807 3553 1864 ad
3578 1794 3704 1864 efim
3730 1812 3787 1865 in
3810 1812 3957 1867 Eto-

2393 1904 2517 1958 liam
2531 1905 2813 1970 concessit,
2840 1905 3000 1978 inque
3018 1905 3117 1960 hac
3130 1905 3497 1978 Amphilochia
3523 1916 3578 1960 et
3596 1907 3789 1962 Etolia
3807 1918 3860 1963 et
3878 1918 3955 1964 A·

2391 1998 2635 2052 carnania
2658 1997 2975 2071 occupandis
2997 2001 3199 2054 socium
3232 2018 3288 2053 se
3309 2001 3357 2054 ei
3386 1999 3630 2072 praebuit.
3704 2003 3953 2057 Ceterum

2390 2111 2553 2164 quum
2579 2093 2694 2150 illos
2718 2093 2787 2149 ad
2816 2095 3008 2151 bellum
3028 2094 3321 2168 Trojanurn
3363 2101 3730 2168 Agamemnon
3768 2117 3949 2154 accer-

2388 2200 2524 2243 seret
2540 2227 2555 2252 ,
2577 2188 2835 2245 Diomede
2860 2190 3247 2262 proficiscente,
3276 2191 3544 2246 Alcmaeon
3574 2193 3627 2246 in
3657 2195 3954 2249 Acarnania

2386 2301 2660 2338 remanens
2688 2289 2859 2356 Argos
2881 2285 3147 2352 condidit,
3173 2286 3555 2360 appellavitque
3586 2288 3953 2361 Amphilochi·

2384 2399 2509 2437 cum
2536 2393 2887 2454 cognomento
2914 2381 3119 2450 fratris3
3145 2383 3399 2438 Inachum
3439 2401 3652 2456 quoque
3690 2385 3947 2452 fluvium,

2383 2476 2475 2547 qui
2499 2493 2596 2548 per
2623 2475 2763 2530 illam
2800 2479 3066 2548 regionem
3104 2480 3159 2532 in
3200 2479 3376 2532 sinum
3418 2479 3625 2544 influit,
3661 2477 3731 2533 ab
3756 2480 3949 2550 Argivo

2380 2579 2535 2616 amne
2560 2562 2758 2618 Inacho
2782 2563 3075 2636 appellavit.

2454 2653 2540 2704 60.
2579 2652 2743 2705 Juxta
2768 2649 3132 2704 Macedoniam
3151 2661 3205 2704 et
3221 2651 3572 2717 Thessaliam,
3602 2653 3739 2706 circa
3758 2654 3947 2708 Poeum

2380 2745 2615 2790 montem
2658 2746 2713 2790 et
2754 2735 2983 2791 Pindum
3028 2735 3257 2791 AEthices
3304 2747 3430 2792 sunt
3465 2746 3519 2791 et
3557 2739 3717 2792 Penei
3750 2738 3941 2798 sontes.

2379 2823 2713 2880 Dodonaeum
2758 2835 2933 2880 autem
2974 2824 3248 2880 oraculum
3286 2825 3343 2879 in
3376 2824 3693 2898 Thesprotia
3737 2837 3815 2881 est
3830 2865 3848 2894 ,
3890 2837 3948 2881 et

2378 2908 2659 2965 Dodonam
2684 2909 3036 2984 Thesprotida
3068 2910 3514 2983 cognominarunt
3534 2913 3723 2982 poete.
3796 2913 3947 2967 Jacet

2377 3007 2555 3050 autem
2572 2997 2629 3050 in
2646 2995 2911 3052 radicibus
2927 2998 3145 3053 Tomari
3162 2997 3361 3052 montis
3372 3038 3389 3062 ,
3406 3015 3439 3052 a
3456 3015 3563 3069 quo
3600 3008 3782 3053 monte
3794 3001 3945 3054 Jovis

2378 3095 2546 3152 vates,
2570 3103 2703 3157 quos
2720 3087 2880 3140 Poeta
2900 3095 3052 3142 vocat
3077 3084 3423 3152 ἀνιπτόποὸας,
3444 3087 3665 3142 Tomuri
3688 3085 3945 3142 vocaban-

2377 3182 2485 3234 tur,
2506 3187 2605 3244 per
2631 3189 2913 3245 syncopem
2933 3171 3131 3227 scilicet
3152 3173 3295 3226 vocis
3321 3171 3658 3244 Τομὰρουροι,
3691 3183 3941 3245 tanqum

2375 3260 2593 3314 Tomari
2612 3260 2854 3316 custodes
2872 3260 3033 3316 dieas.
3047 3263 3118 3316 Et
3136 3262 3191 3316 in
3208 3260 3439 3334 Odyssea
3463 3264 3541 3330 (π,
3567 3260 3691 3335 404)
3716 3261 3773 3315 id
3793 3263 3945 3334 quod

2378 3349 2771 3422 Amphinomus
2814 3349 2943 3406 dicit
2987 3366 3003 3405 ι
3041 3372 3065 3404 ε
3105 3352 3161 3406 si
3199 3352 3346 3405 Jovis
3382 3349 3485 3405 hoc
3527 3351 3706 3421 magni
3747 3351 3945 3423 liqueat

2370 3435 2589 3511 jussisse
2630 3440 2923 3495 Themistas
2966 3465 2990 3489 ι
3038 3440 3277 3496 nonnulli
3299 3442 3459 3495 scribi
3486 3439 3669 3495 volunt
3706 3440 3854 3495 hunc
3882 3442 3942 3494 in

2376 3529 2599 3587 modum
2632 3545 2650 3586 ι
2686 3553 2709 3582 ι
2740 3533 2793 3588 Si
2818 3533 2962 3588 Jovis
2984 3531 3090 3587 hoc
3114 3532 3288 3602 magni
3336 3531 3532 3605 liqueat
3565 3528 3781 3603 jussisse
3824 3531 3939 3587 To-

2377 3639 2582 3679 muros.
2614 3645 2640 3670 ι
2668 3623 2939 3696 Nusquam
2967 3624 3112 3678 enim
3137 3623 3401 3677 Homerus
3418 3621 3631 3676 oracula
3644 3620 3942 3676 Themistas

2374 3710 2600 3783 appellat
2613 3750 2629 3775 ,
2656 3709 2750 3765 sed
2778 3710 2847 3766 de
2868 3711 3107 3766 civilibus
3132 3720 3185 3764 et
3203 3709 3447 3780 legitimis
3467 3707 3943 3764 consuetudinibus

2376 3797 2431 3851 id
2458 3816 2653 3854 nomen
2681 3817 2932 3872 usurpare
2963 3798 3113 3853 solet.
3187 3795 3477 3853 oraculum
3513 3796 3667 3852 initio
3707 3816 3740 3852 a
3764 3796 3941 3854 tribus

2374 3889 2500 3942 viris
2552 3887 2847 3954 tenebatur,
2892 3889 2985 3960 qui
3035 3887 3405 3942 vaticiniorum
3452 3887 3684 3941 ministri
3742 3897 3928 3953 erant;

2372 3984 2551 4046 postea
2582 3984 2687 4028 tres
2709 3991 2841 4028 anus
2868 3983 2993 4028 sunt
3020 3973 3288 4031 adhibite.
3362 3974 3519 4028 Prius
3549 3972 3692 4046 apud
3720 3973 3939 4028 Scotus-

727 4057 1160 4136 Πελασγιώτιδος,
1187 4060 1246 4118 τὸ
1260 4059 1602 4140 χρηστήριον·
1626 4061 2011 4143 ἐμπρησθέντος
2040 4063 2087 4121 δ’
2099 4061 2282 4123 Ἀπόλ-
2370 4077 2484 4116 sam
2522 4059 2711 4114 urbem
2749 4059 3062 4132 Pelasgicam
3088 4059 3228 4116 istud
3264 4060 3540 4116 oraculum
3571 4071 3717 4128 erat3
3746 4060 3939 4115 arbore

727 4165 886 4212 Λωνος
901 4144 1001 4206 ὑπό
1015 4168 1166 4205 τινων
1179 4151 1270 4205 τοῦ
1287 4146 1520 4228 δένδρου,
1546 4149 1841 4230 μετηνέχθη
1867 4149 2004 4208 κατὰ
2033 4150 2278 4229 χρησμὸν
2374 4148 2568 4205 deinde
2584 4169 2615 4206 a
2634 4150 2949 4224 quibusdam
2973 4153 3213 4218 incensa,
3228 4151 3540 4208 translatum
3560 4150 3661 4206 suit
3679 4150 3938 4224 Apollinis

732 4230 1047 4302 Ἀπόλλωνος
1087 4239 1177 4294 τοῦ
1208 4236 1261 4294 ἔν
1289 4233 1546 4318 Δωδώνῃ.
1628 4235 2000 4318 Ἔχρησμῴδει
2023 4237 2074 4296 δ’
2099 4239 2159 4297 οὗ
2190 4238 2277 4299 διὰ
2362 4233 2517 4307 jussu
2540 4236 2844 4295 Dodonam.
2917 4237 3091 4292 Dabat
3110 4247 3287 4293 antem
3317 4255 3567 4311 responsa
3585 4254 3697 4292 non
3721 4236 3930 4303 verbis,

731 4321 921 4398 λόγων,
949 4322 1081 4385 ἄλλα
1102 4321 1189 4382 διά
1207 4346 1358 4383 τινων
1387 4322 1692 4401 συμὸόλων,
1723 4321 1904 4406 ὥσπερ
1931 4323 1994 4385 τὸ
2019 4327 2074 4384 ἓν
2099 4324 2276 4406 mea„

2368 4325 2462 4380 sed
2485 4344 2579 4398 per
2595 4326 2742 4399 signa
2760 4327 3001 4400 quadam
3016 4367 3033 4394 ,
3052 4326 3504 4400 quemadmodum
3526 4327 3935 4383 Ammoniacum

731 4401 1105 4486 Ἀμμωνιακόν·
1127 4411 1252 4478 ἴσως
1280 4410 1335 4471 δέ
1366 4433 1484 4475 τινα
1512 4419 1704 4485 πτῆσιν
1734 4415 1790 4474 αἱ
1817 4420 1954 4495 τρεῖς
1976 4415 2279 4495 περιστεραὶ
2368 4413 2424 4466 in
2471 4413 2672 4488 Libya3
2704 4413 2934 4470 fortassis
2968 4413 3219 4488 peculiari
3264 4414 3517 4489 quopiam
3556 4413 3721 4468 modo
3755 4412 3931 4467 tribus

722 4495 966 4557 ἶπέτοντο
992 4497 1264 4578 ἐξαίρετον,
1296 4499 1348 4568 ἔξ
1387 4492 1458 4558 ὧν
1497 4503 1550 4560 αἱ
1579 4500 1764 4584 ἱέρειαι
1791 4499 2263 4585 παρατηρούμεναι

722 4581 1112 4663 προεθέσπιζον.
1186 4585 1334 4646 Φασὶ
1361 4585 1414 4645 δὲ
1443 4589 1532 4646 καὶ
1559 4587 1696 4648 κατὰ
1722 4590 1818 4659 τὴν
1847 4589 1952 4647 τῶν
1981 4589 2267 4648 Μολοττῶν

721 4670 816 4731 καὶ
839 4673 1173 4754 Θεσπρωτῶν
1201 4675 1438 4752 γλῶτταν
1463 4674 1556 4743 τὰς
1578 4675 1764 4755 γραίας
1785 4672 1970 4742 πελίας
1995 4677 2270 4734 καλεῖσθαι

719 4757 812 4818 καὶ
835 4757 955 4827 τοὺς
969 4759 1216 4844 γέροντας
1239 4760 1463 4830 πελίους·
1488 4761 1578 4822 καὶ
1604 4761 1729 4830 ἴσως
1746 4764 1843 4822 οὐκ
1861 4761 2016 4844 ὄρνεα
2043 4755 2182 4837 ἦσαν
2210 4765 2264 4823 αἱ

717 4846 1068 4926 θρυλούμεναι
1110 4849 1408 4922 πελειάδες,
1449 4850 1584 4910 ἀλλὰ
1626 4858 1866 4930 γυναῖκες
1906 4859 2088 4933 γραῖαι
2133 4859 2270 4933 τρεῖς

713 4933 836 5013 περὶ
863 4934 925 4993 τὸ
950 4934 1088 5017 ἱερὸν
1115 4936 1485 5017 σχολάζουσαι.

2364 4503 2623 4558 columbis
2656 4503 3021 4571 volitantibus,
3048 4503 3279 4560 volatum
3316 4514 3607 4578 spectantes
3632 4501 3931 4558 sacerdotes

2365 4589 2577 4645 oracula
2601 4589 2848 4649 edebant.
2894 4588 3062 4663 Ajunt
3085 4591 3305 4663 insuper
3334 4589 3687 4645 Molossorum
3714 4598 3769 4642 et
3786 4587 3930 4641 The-

2363 4677 2688 4747 spi-otiorum
2706 4675 2883 4748 lingua
2902 4694 3033 4732 anus
3060 4676 3304 4750 appellari
3324 4675 3493 4740 πελίας
3507 4716 3523 4742 ,
3544 4692 3693 4729 senes
3710 4671 3926 4736 πελίους.

2364 4763 2607 4817 Fortasse
2650 4763 2812 4834 igitur
2836 4781 2944 4817 non
2989 4761 3223 4817 volucres
3268 4761 3417 4817 suem
3458 4761 3773 4833 famigeratae
3815 4761 3929 4814 iste

2364 4848 2617 4913 πελειάδες
2633 4888 2650 4916 ,
2678 4847 2772 4903 sed
2796 4848 3036 4904 mulieres
3064 4848 3245 4903 vetulae
3268 4859 3373 4902 tres
3390 4890 3405 4915 ,
3432 4865 3549 4921 quae
3577 4846 3773 4919 templo
3799 4863 3926 4918 ope·

2362 4955 2477 4991 ram
2507 4935 2722 4993 dabant.

703 5201 766 5256 p.
807 5184 929 5249 324.
967 5187 990 5258 ΙΙ
1019 5216 1092 5228 -
1121 5186 1309 5256 57·59.
1355 5205 1408 5260 p.
1463 5188 1594 5252 324,
1641 5193 1709 5242 D.
1753 5188 1882 5251 326,
1915 5192 1985 5243 A.
2023 5188 2146 5258 11-
2182 5189 2266 5242 Sc-
2358 5205 2476 5260 quae
2527 5188 2580 5240 in
2635 5185 2903 5241 Strabonis
2948 5184 3218 5240 codicibus
3267 5183 3615 5238 desideratur.
3661 5183 3684 5254 ss
3722 5209 3797 5223 —
3828 5183 3917 5237 60.

711 5265 922 5336 quentia
970 5283 1036 5319 ex
1089 5283 1150 5320 ea
1207 5266 1329 5321 libri
1373 5269 1580 5339 septimi
1639 5277 1786 5340 parte
1831 5278 2069 5339 excerpta
2115 5279 2265 5335 sunt,

2360 5268 2428 5326 lr.
2474 5285 2522 5321 ι.
2574 5265 2661 5323 ed.
2710 5265 2892 5321 Didot.
2939 5265 3277 5335 Τομάοουροι]
3310 5264 3587 5336 Τομόραροι
3624 5259 3747 5316 cod.
3790 5259 3923 5332 ΙΙ-
