<?xml version="1.0" encoding="UTF-8"?>
<!DOCTYPE html PUBLIC "-//W3C//DTD XHTML 1.0 Transitional//EN"
    "http://www.w3.org/TR/xhtml1/DTD/xhtml1-transitional.dtd">
<html xmlns="http://www.w3.org/1999/xhtml" xml:lang="en" lang="en">
 <head>
  <title>
</title>
<meta http-equiv="Content-Type" content="text/html;charset=utf-8" />
  <meta name='ocr-system' content='tesseract 3.04.00' />
  <meta name='ocr-capabilities' content='ocr_page ocr_carea ocr_par ocr_line ocrx_word'/>
</head>
<body>
  <div class='ocr_page' id='page_1' title='image "./geographigraeci05mlgoog_0276.png"; bbox 0 0 4584 6284; ppageno 0'>
   <div class='ocr_carea' id='block_1_1' title="bbox 708 506 820 557">
    <p class='ocr_par' dir='ltr' id='par_1_1' title="bbox 708 506 820 557">
     <span class='ocr_line' id='line_1_1' title="bbox 708 506 820 557; baseline -0.009 0"><span class='ocrx_word' id='word_1_1' title='bbox 708 506 820 557; x_wconf 78' lang='lat'>202</span> 
     </span>
    </p>
   </div>
   <div class='ocr_carea' id='block_1_2' title="bbox 633 620 2272 1577">
    <p class='ocr_par' dir='ltr' id='par_1_2' title="bbox 633 620 2272 1577">
     <span class='ocr_line' id='line_1_2' title="bbox 703 620 2268 701; baseline -0.004 -17"><span class='ocrx_word' id='word_1_2' title='bbox 703 629 912 701; x_wconf 67' lang='grc' dir='ltr'>ἑαυτοῦ,</span> <span class='ocrx_word' id='word_1_3' title='bbox 941 626 1032 683; x_wconf 59' lang='grc' dir='ltr'>καὶ</span> <span class='ocrx_word' id='word_1_4' title='bbox 1059 622 1227 683; x_wconf 83' lang='grc' dir='ltr'><strong>τοίνυν</strong></span> <span class='ocrx_word' id='word_1_5' title='bbox 1245 621 1325 682; x_wconf 74' lang='grc' dir='ltr'>ὅτι</span> <span class='ocrx_word' id='word_1_6' title='bbox 1347 644 1404 681; x_wconf 89' lang='grc' dir='ltr'>τε</span> <span class='ocrx_word' id='word_1_7' title='bbox 1423 620 1587 701; x_wconf 73' lang='grc' dir='ltr'>γλυκὺ</span> <span class='ocrx_word' id='word_1_8' title='bbox 1609 620 1765 699; x_wconf 73' lang='grc' dir='ltr'>μέλος</span> <span class='ocrx_word' id='word_1_9' title='bbox 1785 620 2004 701; x_wconf 78' lang='grc' dir='ltr'>ὀφείλων</span> <span class='ocrx_word' id='word_1_10' title='bbox 2025 620 2268 679; x_wconf 70' lang='grc' dir='ltr'>ἐπιλέλα-</span> 
     </span>
     <span class='ocr_line' id='line_1_3' title="bbox 703 706 2268 789; baseline -0.004 -18"><span class='ocrx_word' id='word_1_11' title='bbox 703 718 809 785; x_wconf 84' lang='grc' dir='ltr'>Οεν,</span> <span class='ocrx_word' id='word_1_12' title='bbox 831 713 1023 779; x_wconf 77' lang='grc' dir='ltr'>ἐκεῖνος</span> <span class='ocrx_word' id='word_1_13' title='bbox 1044 710 1206 789; x_wconf 86' lang='grc' dir='ltr'>λε’γει,</span> <span class='ocrx_word' id='word_1_14' title='bbox 1227 712 1319 771; x_wconf 81' lang='grc' dir='ltr'>καὶ</span> <span class='ocrx_word' id='word_1_15' title='bbox 1343 710 1441 783; x_wconf 81' lang='grc' dir='ltr'>τὴν</span> <span class='ocrx_word' id='word_1_16' title='bbox 1459 708 1679 789; x_wconf 79' lang='grc' dir='ltr'>καρδίαν</span> <span class='ocrx_word' id='word_1_17' title='bbox 1709 706 2064 769; x_wconf 74' lang='grc' dir='ltr'>ἀναπτύσσειν</span> <span class='ocrx_word' id='word_1_18' title='bbox 2083 706 2268 785; x_wconf 72' lang='grc' dir='ltr'>ἐθέλει,</span> 
     </span>
     <span class='ocr_line' id='line_1_4' title="bbox 701 794 2270 880; baseline -0.004 -21"><span class='ocrx_word' id='word_1_19' title='bbox 701 802 774 869; x_wconf 80' lang='grc' dir='ltr'>ὡς</span> <span class='ocrx_word' id='word_1_20' title='bbox 803 797 868 859; x_wconf 73' lang='grc' dir='ltr'>ἃν</span> <span class='ocrx_word' id='word_1_21' title='bbox 888 796 989 880; x_wconf 64' lang='grc' dir='ltr'>ἔχῃ</span> <span class='ocrx_word' id='word_1_22' title='bbox 1018 800 1318 879; x_wconf 75' lang='grc' dir='ltr'>ἀναγνῶναι</span> <span class='ocrx_word' id='word_1_23' title='bbox 1341 801 1418 868; x_wconf 74' lang='grc' dir='ltr'>πῆ</span> <span class='ocrx_word' id='word_1_24' title='bbox 1449 801 1542 869; x_wconf 74' lang='grc' dir='ltr'>τῆς</span> <span class='ocrx_word' id='word_1_25' title='bbox 1575 794 1772 856; x_wconf 84' lang='grc' dir='ltr'>ἐκείνου</span> <span class='ocrx_word' id='word_1_26' title='bbox 1809 795 1990 877; x_wconf 76' lang='grc' dir='ltr'>φρενὸς</span> <span class='ocrx_word' id='word_1_27' title='bbox 2013 800 2042 855; x_wconf 83' lang='grc' dir='ltr'><strong>ὁ</strong></span> <span class='ocrx_word' id='word_1_28' title='bbox 2071 794 2270 875; x_wconf 78' lang='grc' dir='ltr'>ἄνθρω-</span> 
     </span>
     <span class='ocr_line' id='line_1_5' title="bbox 701 878 2268 969; baseline -0.003 -22"><span class='ocrx_word' id='word_1_29' title='bbox 701 910 801 957; x_wconf 88' lang='grc' dir='ltr'>πος</span> <span class='ocrx_word' id='word_1_30' title='bbox 821 885 1136 969; x_wconf 61' lang='grc' dir='ltr'>γέγραπται,</span> <span class='ocrx_word' id='word_1_31' title='bbox 1163 878 1208 969; x_wconf 75' lang='grc' dir='ltr'><em>ᾧ</em></span> <span class='ocrx_word' id='word_1_32' title='bbox 1229 885 1299 947; x_wconf 74' lang='grc' dir='ltr'>τὰ</span> <span class='ocrx_word' id='word_1_33' title='bbox 1318 889 1412 958; x_wconf 77' lang='grc' dir='ltr'>τῆς</span> <span class='ocrx_word' id='word_1_34' title='bbox 1435 886 1646 967; x_wconf 73' lang='grc' dir='ltr'>ὀφειλῆς</span> <span class='ocrx_word' id='word_1_35' title='bbox 1672 882 1975 965; x_wconf 69' lang='grc' dir='ltr'>ὑπερέθετο.</span> <span class='ocrx_word' id='word_1_36' title='bbox 2006 882 2165 960; x_wconf 78' lang='grc' dir='ltr'>Ἐμοὶ</span> <span class='ocrx_word' id='word_1_37' title='bbox 2192 880 2268 959; x_wconf 79' lang='grc' dir='ltr'>δέ,</span> 
     </span>
     <span class='ocr_line' id='line_1_6' title="bbox 653 965 2267 1056; baseline -0.004 -19"><span class='ocrx_word' id='word_1_38' title='bbox 653 986 682 1027; x_wconf 72' lang='lat'>⁸</span> <span class='ocrx_word' id='word_1_39' title='bbox 708 965 754 1037; x_wconf 63' lang='grc' dir='ltr'><strong><em>ὃ</em></strong></span> <span class='ocrx_word' id='word_1_40' title='bbox 778 974 1133 1047; x_wconf 74' lang='grc' dir='ltr'>πανσίὸαστε,</span> <span class='ocrx_word' id='word_1_41' title='bbox 1157 975 1409 1035; x_wconf 77' lang='grc' dir='ltr'>κάλλιστε</span> <span class='ocrx_word' id='word_1_42' title='bbox 1425 974 1515 1033; x_wconf 74' lang='grc' dir='ltr'>καὶ</span> <span class='ocrx_word' id='word_1_43' title='bbox 1538 972 1836 1056; x_wconf 78' lang='grc' dir='ltr'>σοφώτατε,</span> <span class='ocrx_word' id='word_1_44' title='bbox 1860 971 2020 1032; x_wconf 76' lang='grc' dir='ltr'>εἶκαὶ</span> <span class='ocrx_word' id='word_1_45' title='bbox 2048 970 2267 1054; x_wconf 76' lang='grc' dir='ltr'>ὀφείλειν</span> 
     </span>
     <span class='ocr_line' id='line_1_7' title="bbox 706 1057 2272 1141; baseline -0.004 -17"><span class='ocrx_word' id='word_1_46' title='bbox 706 1066 904 1138; x_wconf 79' lang='grc' dir='ltr'>ἐπῆλθε</span> <span class='ocrx_word' id='word_1_47' title='bbox 923 1064 1010 1125; x_wconf 77' lang='grc' dir='ltr'>τὸν</span> <span class='ocrx_word' id='word_1_48' title='bbox 1037 1066 1088 1124; x_wconf 77' lang='grc' dir='ltr'>ἐν</span> <span class='ocrx_word' id='word_1_49' title='bbox 1108 1062 1396 1141; x_wconf 75' lang='grc' dir='ltr'>ὑποσχέσει</span> <span class='ocrx_word' id='word_1_50' title='bbox 1421 1061 1597 1140; x_wconf 81' lang='grc' dir='ltr'>λόγον,</span> <span class='ocrx_word' id='word_1_51' title='bbox 1619 1060 1709 1119; x_wconf 74' lang='grc' dir='ltr'>καὶ</span> <span class='ocrx_word' id='word_1_52' title='bbox 1738 1062 1809 1129; x_wconf 78' lang='grc' dir='ltr'>είς</span> <span class='ocrx_word' id='word_1_53' title='bbox 1825 1060 2004 1120; x_wconf 79' lang='grc' dir='ltr'>ἱκανὸν</span> <span class='ocrx_word' id='word_1_54' title='bbox 2035 1057 2272 1119; x_wconf 59' lang='lat' dir='ltr'>avaei).-</span> 
     </span>
     <span class='ocr_line' id='line_1_8' title="bbox 703 1146 2269 1231; baseline -0.004 -20"><span class='ocrx_word' id='word_1_55' title='bbox 703 1154 892 1211; x_wconf 88' lang='grc' dir='ltr'>λεσθαι</span> <span class='ocrx_word' id='word_1_56' title='bbox 917 1150 984 1210; x_wconf 76' lang='grc' dir='ltr'>τὰ</span> <span class='ocrx_word' id='word_1_57' title='bbox 1012 1157 1103 1211; x_wconf 79' lang='grc' dir='ltr'>τοῦ</span> <span class='ocrx_word' id='word_1_58' title='bbox 1125 1148 1502 1231; x_wconf 73' lang='grc' dir='ltr'>ὀφειλήματος,</span> <span class='ocrx_word' id='word_1_59' title='bbox 1525 1150 1643 1209; x_wconf 74' lang='grc' dir='ltr'>ἀλλ’</span> <span class='ocrx_word' id='word_1_60' title='bbox 1675 1146 1786 1207; x_wconf 77' lang='grc' dir='ltr'>οὔτι</span> <span class='ocrx_word' id='word_1_61' title='bbox 1814 1146 1954 1208; x_wconf 73' lang='grc' dir='ltr'>κατὰ</span> <span class='ocrx_word' id='word_1_62' title='bbox 1981 1147 2146 1214; x_wconf 75' lang='grc' dir='ltr'>πάθος</span> <span class='ocrx_word' id='word_1_63' title='bbox 2171 1147 2269 1221; x_wconf 83' lang='grc' dir='ltr'>λή-</span> 
     </span>
     <span class='ocr_line' id='line_1_9' title="bbox 709 1234 2270 1317; baseline -0.003 -18"><span class='ocrx_word' id='word_1_64' title='bbox 709 1245 827 1310; x_wconf 90' lang='grc' dir='ltr'>θης·</span> <span class='ocrx_word' id='word_1_65' title='bbox 856 1243 955 1317; x_wconf 72' lang='grc' dir='ltr'>οὐχ</span> <span class='ocrx_word' id='word_1_66' title='bbox 992 1238 1153 1305; x_wconf 75' lang='grc' dir='ltr'>οὕτως</span> <span class='ocrx_word' id='word_1_67' title='bbox 1192 1236 1298 1317; x_wconf 80' lang='grc' dir='ltr'>ἐγὼ</span> <span class='ocrx_word' id='word_1_68' title='bbox 1332 1236 1492 1317; x_wconf 76' lang='grc' dir='ltr'>κάρον</span> <span class='ocrx_word' id='word_1_69' title='bbox 1528 1234 1750 1316; x_wconf 75' lang='grc' dir='ltr'>πάσχω,</span> <span class='ocrx_word' id='word_1_70' title='bbox 1783 1234 1888 1295; x_wconf 79' lang='grc' dir='ltr'>οὐδ’</span> <span class='ocrx_word' id='word_1_71' title='bbox 1927 1235 2270 1303; x_wconf 76' lang='grc' dir='ltr'>ἀπονυστάζω</span> 
     </span>
     <span class='ocr_line' id='line_1_10' title="bbox 707 1318 2268 1405; baseline -0.003 -21"><span class='ocrx_word' id='word_1_72' title='bbox 707 1325 838 1405; x_wconf 82' lang='grc' dir='ltr'>πρὸς</span> <span class='ocrx_word' id='word_1_73' title='bbox 863 1324 1000 1403; x_wconf 75' lang='grc' dir='ltr'>ἅπερ</span> <span class='ocrx_word' id='word_1_74' title='bbox 1025 1324 1164 1404; x_wconf 72' lang='grc' dir='ltr'>ἔχειν</span> <span class='ocrx_word' id='word_1_75' title='bbox 1184 1326 1344 1405; x_wconf 72' lang='grc' dir='ltr'>ἐχρῆν</span> <span class='ocrx_word' id='word_1_76' title='bbox 1373 1323 1508 1383; x_wconf 72' lang='grc' dir='ltr'>πολὺ</span> <span class='ocrx_word' id='word_1_77' title='bbox 1526 1322 1588 1382; x_wconf 78' lang='grc' dir='ltr'>τὸ</span> <span class='ocrx_word' id='word_1_78' title='bbox 1613 1322 1888 1402; x_wconf 75' lang='grc' dir='ltr'>νηφάλιον.</span> <span class='ocrx_word' id='word_1_79' title='bbox 1936 1318 2014 1383; x_wconf 84' lang='grc' dir='ltr'><strong>Ἦ</strong></span> <span class='ocrx_word' id='word_1_80' title='bbox 2044 1320 2177 1390; x_wconf 88' lang='grc' dir='ltr'>τίνος</span> <span class='ocrx_word' id='word_1_81' title='bbox 2205 1324 2268 1380; x_wconf 77' lang='grc' dir='ltr'>ἂν</span> 
     </span>
     <span class='ocr_line' id='line_1_11' title="bbox 633 1408 2266 1491; baseline -0.002 -21"><span class='ocrx_word' id='word_1_82' title='bbox 633 1422 683 1462; x_wconf 84' lang='lat'>¹0</span> <span class='ocrx_word' id='word_1_83' title='bbox 711 1410 1086 1491; x_wconf 77' lang='grc' dir='ltr'>ἐπιστραφείην</span> <span class='ocrx_word' id='word_1_84' title='bbox 1118 1412 1226 1484; x_wconf 73' lang='grc' dir='ltr'>ἔτι,</span> <span class='ocrx_word' id='word_1_85' title='bbox 1257 1410 1351 1483; x_wconf 80' lang='grc' dir='ltr'>τὴν</span> <span class='ocrx_word' id='word_1_86' title='bbox 1367 1409 1466 1483; x_wconf 77' lang='grc' dir='ltr'>οῆν</span> <span class='ocrx_word' id='word_1_87' title='bbox 1488 1414 1540 1471; x_wconf 89' lang='grc' dir='ltr'>ἐν</span> <span class='ocrx_word' id='word_1_88' title='bbox 1566 1408 1737 1469; x_wconf 76' lang='grc' dir='ltr'>οὐδενὶ</span> <span class='ocrx_word' id='word_1_89' title='bbox 1769 1408 1980 1487; x_wconf 80' lang='grc' dir='ltr'>θίμενος</span> <span class='ocrx_word' id='word_1_90' title='bbox 2001 1410 2266 1484; x_wconf 87' lang='grc' dir='ltr'>βούλησιν,</span> 
     </span>
     <span class='ocr_line' id='line_1_12' title="bbox 709 1486 2268 1577; baseline -0.001 -20"><span class='ocrx_word' id='word_1_91' title='bbox 709 1498 763 1567; x_wconf 81' lang='grc' dir='ltr'>ὃς</span> <span class='ocrx_word' id='word_1_92' title='bbox 789 1496 919 1571; x_wconf 78' lang='grc' dir='ltr'>ὅλην</span> <span class='ocrx_word' id='word_1_93' title='bbox 948 1495 1236 1565; x_wconf 73' lang='grc' dir='ltr'>ἐκτίθεικάς</span> <span class='ocrx_word' id='word_1_94' title='bbox 1255 1520 1344 1574; x_wconf 91' lang='grc' dir='ltr'>μοι</span> <span class='ocrx_word' id='word_1_95' title='bbox 1371 1497 1470 1569; x_wconf 71' lang='grc' dir='ltr'>τὴν</span> <span class='ocrx_word' id='word_1_96' title='bbox 1492 1495 1689 1577; x_wconf 81' lang='grc' dir='ltr'>ψυχὴν,</span> <span class='ocrx_word' id='word_1_97' title='bbox 1713 1499 1784 1562; x_wconf 79' lang='grc' dir='ltr'>ὡς</span> <span class='ocrx_word' id='word_1_98' title='bbox 1803 1494 1967 1574; x_wconf 76' lang='grc' dir='ltr'>μηδὲν</span> <span class='ocrx_word' id='word_1_99' title='bbox 1992 1486 2124 1555; x_wconf 76' lang='grc' dir='ltr'>εἶναι</span> <span class='ocrx_word' id='word_1_100' title='bbox 2141 1496 2268 1575; x_wconf 77' lang='grc' dir='ltr'>ὅπερ</span> 
     </span>
    </p>
   </div>
   <div class='ocr_carea' id='block_1_3' title="bbox 710 1580 2290 1665">
    <p class='ocr_par' dir='ltr' id='par_1_3' title="bbox 710 1580 2290 1665">
     <span class='ocr_line' id='line_1_13' title="bbox 710 1580 2290 1665; baseline -0.002 -21"><span class='ocrx_word' id='word_1_101' title='bbox 710 1582 778 1644; x_wconf 69' lang='grc' dir='ltr'>ἂν</span> <span class='ocrx_word' id='word_1_102' title='bbox 801 1584 920 1663; x_wconf 77' lang='grc' dir='ltr'>ἐμοὶ</span> <span class='ocrx_word' id='word_1_103' title='bbox 953 1585 1211 1665; x_wconf 76' lang='grc' dir='ltr'>βουλητὸν</span> <span class='ocrx_word' id='word_1_104' title='bbox 1224 1629 1242 1658; x_wconf 89' lang='grc'>,</span> <span class='ocrx_word' id='word_1_105' title='bbox 1281 1582 1312 1645; x_wconf 83' lang='grc'><strong>8</strong></span> <span class='ocrx_word' id='word_1_106' title='bbox 1339 1584 1416 1663; x_wconf 80' lang='grc' dir='ltr'>μὴ</span> <span class='ocrx_word' id='word_1_107' title='bbox 1458 1581 1552 1645; x_wconf 81' lang='grc' dir='ltr'>καὶ</span> <span class='ocrx_word' id='word_1_108' title='bbox 1588 1581 1672 1643; x_wconf 80' lang='grc' dir='ltr'>σοὶ</span> <span class='ocrx_word' id='word_1_109' title='bbox 1697 1580 1944 1658; x_wconf 83' lang='grc' dir='ltr'>θελητόν;</span> <span class='ocrx_word' id='word_1_110' title='bbox 1995 1583 2055 1643; x_wconf 80' lang='grc' dir='ltr'>οὗ</span> <span class='ocrx_word' id='word_1_111' title='bbox 2099 1582 2290 1641; x_wconf 80' lang='grc' dir='ltr'>τοίνυν·</span> 
     </span>
    </p>
   </div>
   <div class='ocr_carea' id='block_1_4' title="bbox 617 1662 2268 2800">
    <p class='ocr_par' dir='ltr' id='par_1_4' title="bbox 617 1662 2268 2800">
     <span class='ocr_line' id='line_1_14' title="bbox 710 1662 2268 1751; baseline -0.001 -20"><span class='ocrx_word' id='word_1_112' title='bbox 710 1671 905 1731; x_wconf 67' lang='grc' dir='ltr'>ἔπαθον</span> <span class='ocrx_word' id='word_1_113' title='bbox 923 1673 1086 1744; x_wconf 82' lang='grc' dir='ltr'>λήθην</span> <span class='ocrx_word' id='word_1_114' title='bbox 1122 1673 1201 1751; x_wconf 74' lang='grc' dir='ltr'>ἐφ’</span> <span class='ocrx_word' id='word_1_115' title='bbox 1223 1662 1408 1750; x_wconf 71' lang='grc' dir='ltr'>οἷσπερ</span> <span class='ocrx_word' id='word_1_116' title='bbox 1429 1670 1718 1729; x_wconf 74' lang='grc' dir='ltr'>κατένευσα</span> <span class='ocrx_word' id='word_1_117' title='bbox 1733 1712 1752 1742; x_wconf 86' lang='grc'>,</span> <span class='ocrx_word' id='word_1_118' title='bbox 1786 1668 1904 1729; x_wconf 64' lang='grc' dir='ltr'>οὐδὲ</span> <span class='ocrx_word' id='word_1_119' title='bbox 1933 1667 1995 1727; x_wconf 75' lang='grc' dir='ltr'>τὸ</span> <span class='ocrx_word' id='word_1_120' title='bbox 2027 1673 2120 1741; x_wconf 73' lang='grc' dir='ltr'>τῆς</span> <span class='ocrx_word' id='word_1_121' title='bbox 2149 1674 2268 1741; x_wconf 86' lang='grc' dir='ltr'>Λη-</span> 
     </span>
     <span class='ocr_line' id='line_1_15' title="bbox 707 1752 2266 1835; baseline 0 -22"><span class='ocrx_word' id='word_1_122' title='bbox 707 1761 829 1821; x_wconf 76' lang='grc' dir='ltr'>τοῦς</span> <span class='ocrx_word' id='word_1_123' title='bbox 848 1760 1036 1835; x_wconf 78' lang='grc' dir='ltr'>χρῆμα</span> <span class='ocrx_word' id='word_1_124' title='bbox 1064 1757 1154 1815; x_wconf 81' lang='grc' dir='ltr'>καὶ</span> <span class='ocrx_word' id='word_1_125' title='bbox 1191 1763 1283 1816; x_wconf 80' lang='grc' dir='ltr'>τοῦ</span> <span class='ocrx_word' id='word_1_126' title='bbox 1319 1758 1441 1814; x_wconf 82' lang='grc' dir='ltr'>καθ’</span> <span class='ocrx_word' id='word_1_127' title='bbox 1469 1760 1615 1833; x_wconf 74' lang='grc' dir='ltr'>ἡμᾶς</span> <span class='ocrx_word' id='word_1_128' title='bbox 1655 1752 1813 1832; x_wconf 68' lang='grc' dir='ltr'>ἔσχεν</span> <span class='ocrx_word' id='word_1_129' title='bbox 1844 1753 2052 1835; x_wconf 73' lang='grc' dir='ltr'>Ἑρμοῦ</span> <span class='ocrx_word' id='word_1_130' title='bbox 2085 1755 2266 1813; x_wconf 89' lang='grc' dir='ltr'>τούτου</span> 
     </span>
     <span class='ocr_line' id='line_1_16' title="bbox 633 1840 2268 1923; baseline -0.002 -20"><span class='ocrx_word' id='word_1_131' title='bbox 633 1863 683 1904; x_wconf 76' lang='grc' dir='ltr'>ιε</span> <span class='ocrx_word' id='word_1_132' title='bbox 711 1842 1240 1923; x_wconf 80' lang='grc' dir='ltr'>κατακαυχήσασθαι,</span> <span class='ocrx_word' id='word_1_133' title='bbox 1250 1840 1345 1904; x_wconf 81' lang='grc' dir='ltr'>καὶ</span> <span class='ocrx_word' id='word_1_134' title='bbox 1357 1841 1454 1915; x_wconf 80' lang='grc' dir='ltr'>τὴν</span> <span class='ocrx_word' id='word_1_135' title='bbox 1471 1842 1590 1901; x_wconf 88' lang='grc' dir='ltr'>κατ’</span> <span class='ocrx_word' id='word_1_136' title='bbox 1613 1842 1772 1901; x_wconf 78' lang='grc' dir='ltr'>αὐτοῦ</span> <span class='ocrx_word' id='word_1_137' title='bbox 1792 1840 1972 1923; x_wconf 77' lang='grc' dir='ltr'>μάχην</span> <span class='ocrx_word' id='word_1_138' title='bbox 1984 1844 2268 1922; x_wconf 70' lang='grc' dir='ltr'>κρατῆσαι,</span> 
     </span>
     <span class='ocr_line' id='line_1_17' title="bbox 708 1926 2268 2011; baseline -0.001 -22"><span class='ocrx_word' id='word_1_139' title='bbox 708 1926 802 1991; x_wconf 76' lang='grc' dir='ltr'>καὶ</span> <span class='ocrx_word' id='word_1_140' title='bbox 829 1929 1074 2011; x_wconf 84' lang='grc' dir='ltr'>τρόπαιον</span> <span class='ocrx_word' id='word_1_141' title='bbox 1099 1930 1416 2004; x_wconf 77' lang='grc' dir='ltr'>στήσασθαι,</span> <span class='ocrx_word' id='word_1_142' title='bbox 1441 1929 1602 1999; x_wconf 79' lang='grc' dir='ltr'>πάθος</span> <span class='ocrx_word' id='word_1_143' title='bbox 1620 1928 1678 1989; x_wconf 70' lang='grc' dir='ltr'>δέ</span> <span class='ocrx_word' id='word_1_144' title='bbox 1693 1952 1744 1989; x_wconf 87' lang='grc' dir='ltr'>τι</span> <span class='ocrx_word' id='word_1_145' title='bbox 1758 1932 2134 2001; x_wconf 78' lang='grc' dir='ltr'>κατασκῆπτον</span> <span class='ocrx_word' id='word_1_146' title='bbox 2157 1929 2268 1988; x_wconf 79' lang='grc' dir='ltr'>ἔτε-</span> 
     </span>
     <span class='ocr_line' id='line_1_18' title="bbox 711 2013 2266 2100; baseline -0.001 -25"><span class='ocrx_word' id='word_1_147' title='bbox 711 2038 800 2098; x_wconf 93' lang='grc' dir='ltr'>ρον</span> <span class='ocrx_word' id='word_1_148' title='bbox 829 2016 930 2086; x_wconf 70' lang='grc' dir='ltr'>Ῐξω</span> <span class='ocrx_word' id='word_1_149' title='bbox 956 2020 1059 2077; x_wconf 79' lang='grc' dir='ltr'>τῶν</span> <span class='ocrx_word' id='word_1_150' title='bbox 1086 2018 1465 2099; x_wconf 73' lang='grc' dir='ltr'>ὗπεσχημὲνων</span> <span class='ocrx_word' id='word_1_151' title='bbox 1486 2014 1704 2100; x_wconf 70' lang='grc' dir='ltr'>ἱρριπτί</span> <span class='ocrx_word' id='word_1_152' title='bbox 1733 2040 1834 2096; x_wconf 86' lang='grc' dir='ltr'>με,</span> <span class='ocrx_word' id='word_1_153' title='bbox 1858 2013 1951 2076; x_wconf 75' lang='grc' dir='ltr'>καὶ</span> <span class='ocrx_word' id='word_1_154' title='bbox 1975 2014 2071 2089; x_wconf 79' lang='grc' dir='ltr'>τὴν</span> <span class='ocrx_word' id='word_1_155' title='bbox 2095 2018 2266 2075; x_wconf 81' lang='grc' dir='ltr'>κατοί-</span> 
     </span>
     <span class='ocr_line' id='line_1_19' title="bbox 707 2104 2264 2185; baseline -0.001 -21"><span class='ocrx_word' id='word_1_156' title='bbox 707 2127 882 2164; x_wconf 88' lang='grc' dir='ltr'>νευσιν</span> <span class='ocrx_word' id='word_1_157' title='bbox 917 2106 1284 2175; x_wconf 78' lang='grc' dir='ltr'>ᾶνεσκεύαζιν.</span> <span class='ocrx_word' id='word_1_158' title='bbox 1370 2104 1722 2183; x_wconf 83' lang='grc' dir='ltr'>Ἐλογιζόμην</span> <span class='ocrx_word' id='word_1_159' title='bbox 1747 2106 1852 2185; x_wconf 81' lang='grc' dir='ltr'>γὰρ</span> <span class='ocrx_word' id='word_1_160' title='bbox 1891 2107 1962 2172; x_wconf 79' lang='grc' dir='ltr'>ὣς</span> <span class='ocrx_word' id='word_1_161' title='bbox 1999 2106 2053 2164; x_wconf 84' lang='grc' dir='ltr'>ἐν</span> <span class='ocrx_word' id='word_1_162' title='bbox 2091 2108 2264 2185; x_wconf 84' lang='grc' dir='ltr'>μικρῷ</span> 
     </span>
     <span class='ocr_line' id='line_1_20' title="bbox 705 2191 2262 2275; baseline 0 -24"><span class='ocrx_word' id='word_1_163' title='bbox 705 2192 940 2254; x_wconf 87' lang='grc' dir='ltr'>κείσεταί</span> <span class='ocrx_word' id='word_1_164' title='bbox 958 2218 1038 2255; x_wconf 89' lang='grc' dir='ltr'>σοι</span> <span class='ocrx_word' id='word_1_165' title='bbox 1059 2195 1121 2255; x_wconf 78' lang='grc' dir='ltr'>τὸ</span> <span class='ocrx_word' id='word_1_166' title='bbox 1146 2206 1370 2275; x_wconf 77' lang='grc' dir='ltr'>πρᾶγμα</span> <span class='ocrx_word' id='word_1_167' title='bbox 1397 2192 1488 2253; x_wconf 74' lang='grc' dir='ltr'>καὶ</span> <span class='ocrx_word' id='word_1_168' title='bbox 1517 2194 1611 2253; x_wconf 78' lang='grc' dir='ltr'>οὐκ</span> <span class='ocrx_word' id='word_1_169' title='bbox 1639 2192 1704 2251; x_wconf 71' lang='grc' dir='ltr'>ἂν</span> <span class='ocrx_word' id='word_1_170' title='bbox 1728 2191 2063 2274; x_wconf 83' lang='grc' dir='ltr'>ἐμμερίμνως</span> <span class='ocrx_word' id='word_1_171' title='bbox 2090 2194 2262 2251; x_wconf 81' lang='grc' dir='ltr'>διατε-</span> 
     </span>
     <span class='ocr_line' id='line_1_21' title="bbox 624 2272 2263 2362; baseline -0.003 -21"><span class='ocrx_word' id='word_1_172' title='bbox 624 2300 680 2341; x_wconf 79' lang='lat'>20</span> <span class='ocrx_word' id='word_1_173' title='bbox 709 2277 875 2353; x_wconf 89' lang='grc' dir='ltr'>θείης,</span> <span class='ocrx_word' id='word_1_174' title='bbox 903 2280 983 2362; x_wconf 76' lang='grc' dir='ltr'>ἐφ’</span> <span class='ocrx_word' id='word_1_175' title='bbox 1003 2272 1078 2350; x_wconf 73' lang='grc' dir='ltr'>οἷς</span> <span class='ocrx_word' id='word_1_176' title='bbox 1102 2285 1131 2341; x_wconf 83' lang='grc' dir='ltr'><strong>ὁ</strong></span> <span class='ocrx_word' id='word_1_177' title='bbox 1156 2280 1306 2359; x_wconf 81' lang='grc' dir='ltr'>λόγος</span> <span class='ocrx_word' id='word_1_178' title='bbox 1323 2272 1390 2355; x_wconf 69' lang='grc' dir='ltr'>ἦν</span> <span class='ocrx_word' id='word_1_179' title='bbox 1417 2280 1566 2358; x_wconf 76' lang='grc' dir='ltr'>ἡμῖν.</span> <span class='ocrx_word' id='word_1_180' title='bbox 1655 2278 1926 2340; x_wconf 86' lang='grc' dir='ltr'>Ἐνενόουν</span> <span class='ocrx_word' id='word_1_181' title='bbox 1960 2279 2058 2353; x_wconf 77' lang='grc' dir='ltr'>τὴν</span> <span class='ocrx_word' id='word_1_182' title='bbox 2087 2277 2184 2351; x_wconf 81' lang='grc' dir='ltr'>σὴν</span> <span class='ocrx_word' id='word_1_183' title='bbox 2209 2280 2263 2337; x_wconf 89' lang='grc' dir='ltr'>ἐν</span> 
     </span>
     <span class='ocr_line' id='line_1_22' title="bbox 701 2367 2265 2450; baseline -0.001 -22"><span class='ocrx_word' id='word_1_184' title='bbox 701 2367 876 2445; x_wconf 85' lang='grc' dir='ltr'>λόγοις</span> <span class='ocrx_word' id='word_1_185' title='bbox 921 2369 1170 2443; x_wconf 86' lang='grc' dir='ltr'>ἐπίδοσιν,</span> <span class='ocrx_word' id='word_1_186' title='bbox 1216 2368 1524 2450; x_wconf 73' lang='grc' dir='ltr'>ἐλογιζόμην</span> <span class='ocrx_word' id='word_1_187' title='bbox 1565 2367 1626 2428; x_wconf 79' lang='grc' dir='ltr'>τὸ</span> <span class='ocrx_word' id='word_1_188' title='bbox 1656 2368 2011 2450; x_wconf 73' lang='grc' dir='ltr'>μεγαλοφυές,</span> <span class='ocrx_word' id='word_1_189' title='bbox 2046 2367 2138 2435; x_wconf 73' lang='grc' dir='ltr'>τὰς</span> <span class='ocrx_word' id='word_1_190' title='bbox 2168 2372 2265 2439; x_wconf 72' lang='grc' dir='ltr'>τῆς</span> 
     </span>
     <span class='ocr_line' id='line_1_23' title="bbox 702 2454 2260 2536; baseline -0.001 -21"><span class='ocrx_word' id='word_1_191' title='bbox 702 2456 923 2536; x_wconf 82' lang='grc' dir='ltr'>καρδίας</span> <span class='ocrx_word' id='word_1_192' title='bbox 951 2456 1229 2525; x_wconf 72' lang='grc' dir='ltr'>ἀναδόσεις</span> <span class='ocrx_word' id='word_1_193' title='bbox 1254 2460 1326 2524; x_wconf 80' lang='grc' dir='ltr'>εἰς</span> <span class='ocrx_word' id='word_1_194' title='bbox 1349 2464 1464 2517; x_wconf 79' lang='grc' dir='ltr'>νοῦν</span> <span class='ocrx_word' id='word_1_195' title='bbox 1493 2458 1704 2535; x_wconf 74' lang='grc' dir='ltr'>ἀνῆγον.</span> <span class='ocrx_word' id='word_1_196' title='bbox 1817 2455 1927 2522; x_wconf 77' lang='grc' dir='ltr'>Καὶ</span> <span class='ocrx_word' id='word_1_197' title='bbox 1963 2454 2135 2516; x_wconf 84' lang='grc' dir='ltr'>τοίνυν</span> <span class='ocrx_word' id='word_1_198' title='bbox 2161 2456 2260 2527; x_wconf 73' lang='grc' dir='ltr'>τὴν</span> 
     </span>
     <span class='ocr_line' id='line_1_24' title="bbox 704 2536 2262 2625; baseline -0.001 -21"><span class='ocrx_word' id='word_1_199' title='bbox 704 2542 869 2612; x_wconf 73' lang='grc' dir='ltr'>οὕτως</span> <span class='ocrx_word' id='word_1_200' title='bbox 895 2544 983 2605; x_wconf 77' lang='grc' dir='ltr'>ἐπὶ</span> <span class='ocrx_word' id='word_1_201' title='bbox 1009 2542 1077 2604; x_wconf 72' lang='grc' dir='ltr'>τὰ</span> <span class='ocrx_word' id='word_1_202' title='bbox 1103 2545 1267 2623; x_wconf 84' lang='grc' dir='ltr'>μείζω</span> <span class='ocrx_word' id='word_1_203' title='bbox 1294 2544 1573 2604; x_wconf 76' lang='grc' dir='ltr'>ἐπέκτασιν</span> <span class='ocrx_word' id='word_1_204' title='bbox 1601 2543 1972 2621; x_wconf 78' lang='grc' dir='ltr'>συννοούμενος</span> <span class='ocrx_word' id='word_1_205' title='bbox 1997 2546 2092 2604; x_wconf 83' lang='grc' dir='ltr'>οὗκ</span> <span class='ocrx_word' id='word_1_206' title='bbox 2119 2536 2262 2625; x_wconf 69' lang='grc' dir='ltr'>εἶχον</span> 
     </span>
     <span class='ocr_line' id='line_1_25' title="bbox 701 2628 2263 2710; baseline 0.001 -19"><span class='ocrx_word' id='word_1_207' title='bbox 701 2630 930 2709; x_wconf 73' lang='grc' dir='ltr'>ἐμαυτὸν</span> <span class='ocrx_word' id='word_1_208' title='bbox 955 2632 1176 2705; x_wconf 79' lang='grc' dir='ltr'>πείθειν,</span> <span class='ocrx_word' id='word_1_209' title='bbox 1205 2634 1277 2699; x_wconf 81' lang='grc' dir='ltr'>ὡς</span> <span class='ocrx_word' id='word_1_210' title='bbox 1303 2630 1409 2710; x_wconf 76' lang='grc' dir='ltr'>ἄρα</span> <span class='ocrx_word' id='word_1_211' title='bbox 1433 2630 1593 2708; x_wconf 65' lang='grc' dir='ltr'>μόλον</span> <span class='ocrx_word' id='word_1_212' title='bbox 1623 2628 1702 2690; x_wconf 76' lang='grc' dir='ltr'>ἔτι</span> <span class='ocrx_word' id='word_1_213' title='bbox 1729 2654 1813 2691; x_wconf 93' lang='grc' dir='ltr'>σοι</span> <span class='ocrx_word' id='word_1_214' title='bbox 1849 2630 1999 2692; x_wconf 72' lang='grc' dir='ltr'>ἐσται</span> <span class='ocrx_word' id='word_1_215' title='bbox 2036 2638 2128 2693; x_wconf 74' lang='grc' dir='ltr'>τοῦ</span> <span class='ocrx_word' id='word_1_216' title='bbox 2164 2636 2263 2693; x_wconf 86' lang='grc' dir='ltr'>λα-</span> 
     </span>
     <span class='ocr_line' id='line_1_26' title="bbox 617 2718 2262 2800; baseline 0.001 -23"><span class='ocrx_word' id='word_1_217' title='bbox 617 2738 672 2778; x_wconf 80' lang='lat' dir='ltr'>ss</span> <span class='ocrx_word' id='word_1_218' title='bbox 705 2720 966 2794; x_wconf 78' lang='grc' dir='ltr'>ληθίντος·</span> <span class='ocrx_word' id='word_1_219' title='bbox 1011 2721 1128 2781; x_wconf 75' lang='grc' dir='ltr'>οὗδέ</span> <span class='ocrx_word' id='word_1_220' title='bbox 1178 2721 1238 2782; x_wconf 69' lang='grc' dir='ltr'>σὲ</span> <span class='ocrx_word' id='word_1_221' title='bbox 1280 2721 1369 2780; x_wconf 81' lang='grc' dir='ltr'>τὸν</span> <span class='ocrx_word' id='word_1_222' title='bbox 1413 2722 1468 2780; x_wconf 82' lang='grc' dir='ltr'>ἐν</span> <span class='ocrx_word' id='word_1_223' title='bbox 1496 2718 1668 2800; x_wconf 82' lang='grc' dir='ltr'>λόγοις</span> <span class='ocrx_word' id='word_1_224' title='bbox 1705 2718 1810 2793; x_wconf 85' lang='grc' dir='ltr'>ἤδη</span> <span class='ocrx_word' id='word_1_225' title='bbox 1840 2722 1988 2798; x_wconf 74' lang='grc' dir='ltr'>μάλα</span> <span class='ocrx_word' id='word_1_226' title='bbox 2016 2725 2262 2783; x_wconf 85' lang='grc' dir='ltr'>πλουτεῖν</span> 
     </span>
    </p>
   </div>
   <div class='ocr_carea' id='block_1_5' title="bbox 693 2956 2276 5167">
    <p class='ocr_par' dir='ltr' id='par_1_5' title="bbox 693 2956 2276 5167">
     <span class='ocr_line' id='line_1_27' title="bbox 701 2956 2262 3033; baseline -0.001 -18"><span class='ocrx_word' id='word_1_227' title='bbox 701 2978 766 3017; x_wconf 85' lang='lat'>10</span> <span class='ocrx_word' id='word_1_228' title='bbox 793 2959 963 3014; x_wconf 89' lang='lat' dir='ltr'>initio.</span> <span class='ocrx_word' id='word_1_229' title='bbox 997 2960 1020 3029; x_wconf 91' lang='grc' dir='ltr'>ΙΙ</span> <span class='ocrx_word' id='word_1_230' title='bbox 1050 2986 1124 3000; x_wconf 90' lang='lat'><em>-</em></span> <span class='ocrx_word' id='word_1_231' title='bbox 1143 2956 1200 3011; x_wconf 84' lang='lat'>3.</span> <span class='ocrx_word' id='word_1_232' title='bbox 1225 2956 1322 3031; x_wconf 69' lang='grc' dir='ltr'>ἔχῃ</span> <span class='ocrx_word' id='word_1_233' title='bbox 1355 2957 1756 3026; x_wconf 59' lang='lat' dir='ltr'>(mulcham,</span> <span class='ocrx_word' id='word_1_234' title='bbox 1788 2958 1900 3031; x_wconf 68' lang='grc' dir='ltr'>ἔχοι</span> <span class='ocrx_word' id='word_1_235' title='bbox 1927 2962 2018 3013; x_wconf 82' lang='lat' dir='ltr'>Da</span> <span class='ocrx_word' id='word_1_236' title='bbox 2043 2959 2262 3033; x_wconf 87' lang='lat' dir='ltr'>aliique,</span> 
     </span>
     <span class='ocr_line' id='line_1_28' title="bbox 694 3036 2258 3111; baseline 0 -18"><span class='ocrx_word' id='word_1_237' title='bbox 694 3050 757 3094; x_wconf 86' lang='lat' dir='ltr'>ut</span> <span class='ocrx_word' id='word_1_238' title='bbox 779 3038 911 3103; x_wconf 82' lang='lat' dir='ltr'>vid.;</span> <span class='ocrx_word' id='word_1_239' title='bbox 935 3057 1003 3105; x_wconf 83' lang='grc' dir='ltr'>πη</span> <span class='ocrx_word' id='word_1_240' title='bbox 1028 3040 1103 3103; x_wconf 80' lang='grc' dir='ltr'>Η,</span> <span class='ocrx_word' id='word_1_241' title='bbox 1141 3056 1226 3091; x_wconf 89' lang='grc' dir='ltr'>ποι</span> <span class='ocrx_word' id='word_1_242' title='bbox 1252 3047 1378 3091; x_wconf 88' lang='lat' dir='ltr'>cett.</span> <span class='ocrx_word' id='word_1_243' title='bbox 1405 3036 1591 3102; x_wconf 87' lang='lat' dir='ltr'>codd.;</span> <span class='ocrx_word' id='word_1_244' title='bbox 1625 3038 1742 3091; x_wconf 80' lang='grc' dir='ltr'>πόθι</span> <span class='ocrx_word' id='word_1_245' title='bbox 1764 3037 1908 3111; x_wconf 76' lang='lat' dir='ltr'>apud</span> <span class='ocrx_word' id='word_1_246' title='bbox 1933 3038 2258 3103; x_wconf 60' lang='lat' dir='ltr'>Pindus-uun</span> 
     </span>
     <span class='ocr_line' id='line_1_29' title="bbox 693 3114 2272 3190; baseline 0.001 -16"><span class='ocrx_word' id='word_1_247' title='bbox 693 3122 789 3175; x_wconf 67' lang='grc' dir='ltr'>ποῦ</span> <span class='ocrx_word' id='word_1_248' title='bbox 819 3118 864 3172; x_wconf 86' lang='grc' dir='ltr'>τ’</span> <span class='ocrx_word' id='word_1_249' title='bbox 907 3116 1090 3171; x_wconf 73' lang='grc' dir='ltr'>ἐκείνου</span> <span class='ocrx_word' id='word_1_250' title='bbox 1117 3115 1284 3171; x_wconf 82' lang='lat' dir='ltr'>codex</span> <span class='ocrx_word' id='word_1_251' title='bbox 1309 3116 1486 3171; x_wconf 86' lang='lat' dir='ltr'>Politi.</span> <span class='ocrx_word' id='word_1_252' title='bbox 1531 3118 1556 3187; x_wconf 85' lang='grc'>11</span> <span class='ocrx_word' id='word_1_253' title='bbox 1600 3147 1669 3157; x_wconf 89' lang='grc'>-</span> <span class='ocrx_word' id='word_1_254' title='bbox 1713 3119 1765 3173; x_wconf 86' lang='grc'>5.</span> <span class='ocrx_word' id='word_1_255' title='bbox 1795 3114 1839 3173; x_wconf 78' lang='grc' dir='ltr'><em>ὦ</em></span> <span class='ocrx_word' id='word_1_256' title='bbox 1865 3119 2019 3190; x_wconf 76' lang='lat' dir='ltr'>omis.</span> <span class='ocrx_word' id='word_1_257' title='bbox 2065 3122 2272 3177; x_wconf 81' lang='lat' dir='ltr'><em>CDHY</em></span> 
     </span>
     <span class='ocr_line' id='line_1_30' title="bbox 695 3194 2266 3269; baseline -0.001 -18"><span class='ocrx_word' id='word_1_258' title='bbox 695 3217 800 3269; x_wconf 71' lang='lat' dir='ltr'>ay,-</span> <span class='ocrx_word' id='word_1_259' title='bbox 835 3195 1049 3269; x_wconf 71' lang='grc' dir='ltr'>ὀφείλειν</span> <span class='ocrx_word' id='word_1_260' title='bbox 1089 3194 1312 3262; x_wconf 85' lang='lat' dir='ltr'>Bernh.,</span> <span class='ocrx_word' id='word_1_261' title='bbox 1347 3194 1584 3267; x_wconf 80' lang='grc' dir='ltr'>ὀφλίοθαι</span> <span class='ocrx_word' id='word_1_262' title='bbox 1623 3200 1706 3259; x_wconf 89' lang='lat' dir='ltr'>D,</span> <span class='ocrx_word' id='word_1_263' title='bbox 1738 3197 1906 3267; x_wconf 70' lang='grc' dir='ltr'>όφλιιν</span> <span class='ocrx_word' id='word_1_264' title='bbox 1949 3206 2074 3253; x_wconf 87' lang='lat' dir='ltr'>cett.</span> <span class='ocrx_word' id='word_1_265' title='bbox 2105 3195 2266 3252; x_wconf 85' lang='lat' dir='ltr'><strong>codd.</strong></span> 
     </span>
     <span class='ocr_line' id='line_1_31' title="bbox 703 3271 2273 3347; baseline 0 -19"><span class='ocrx_word' id='word_1_266' title='bbox 703 3279 728 3347; x_wconf 77' lang='lat' dir='ltr'>n</span> <span class='ocrx_word' id='word_1_267' title='bbox 792 3304 866 3317; x_wconf 90' lang='lat'><strong>—</strong></span> <span class='ocrx_word' id='word_1_268' title='bbox 929 3278 983 3330; x_wconf 86' lang='lat'>6.</span> <span class='ocrx_word' id='word_1_269' title='bbox 1046 3271 1376 3326; x_wconf 68' lang='grc' dir='ltr'>ἁναεαλισοαι</span> <span class='ocrx_word' id='word_1_270' title='bbox 1431 3272 1470 3327; x_wconf 84' lang='lat'>1.</span> <span class='ocrx_word' id='word_1_271' title='bbox 1524 3273 1548 3343; x_wconf 75' lang='lat' dir='ltr'>n</span> <span class='ocrx_word' id='word_1_272' title='bbox 1590 3302 1667 3314; x_wconf 91' lang='lat'><strong>—</strong></span> <span class='ocrx_word' id='word_1_273' title='bbox 1724 3290 1777 3343; x_wconf 88' lang='lat'>7·</span> <span class='ocrx_word' id='word_1_274' title='bbox 1823 3273 2112 3346; x_wconf 72' lang='grc' dir='ltr'>ὀφλήματος</span> <span class='ocrx_word' id='word_1_275' title='bbox 2172 3278 2273 3332; x_wconf 79' lang='lat' dir='ltr'>cn</span> 
     </span>
     <span class='ocr_line' id='line_1_32' title="bbox 699 3349 2270 3423; baseline -0.001 -16"><span class='ocrx_word' id='word_1_276' title='bbox 699 3350 919 3420; x_wconf 76' lang='lat' dir='ltr'>HYaIy.</span> <span class='ocrx_word' id='word_1_277' title='bbox 951 3353 1160 3423; x_wconf 73' lang='grc'><strong>11-9.</strong></span> <span class='ocrx_word' id='word_1_278' title='bbox 1201 3349 1234 3417; x_wconf 81' lang='grc' dir='ltr'><strong>ἦ</strong></span> <span class='ocrx_word' id='word_1_279' title='bbox 1265 3352 1391 3405; x_wconf 77' lang='grc' dir='ltr'>τιᾶν</span> <span class='ocrx_word' id='word_1_280' title='bbox 1424 3352 1547 3421; x_wconf 64' lang='lat' dir='ltr'>ml}</span> <span class='ocrx_word' id='word_1_281' title='bbox 1583 3380 1661 3393; x_wconf 92' lang='lat'>—</span> <span class='ocrx_word' id='word_1_282' title='bbox 1686 3368 1772 3407; x_wconf 83' lang='lat'>10.</span> <span class='ocrx_word' id='word_1_283' title='bbox 1818 3351 1892 3406; x_wconf 71' lang='lat' dir='ltr'>tu</span> <span class='ocrx_word' id='word_1_284' title='bbox 1915 3369 2028 3409; x_wconf 88' lang='lat' dir='ltr'>om.</span> <span class='ocrx_word' id='word_1_285' title='bbox 2062 3356 2140 3416; x_wconf 85' lang='lat' dir='ltr'>U,·</span> <span class='ocrx_word' id='word_1_286' title='bbox 2178 3351 2270 3419; x_wconf 80' lang='grc' dir='ltr'>τήν</span> 
     </span>
     <span class='ocr_line' id='line_1_33' title="bbox 703 3427 2269 3502; baseline 0.004 -21"><span class='ocrx_word' id='word_1_287' title='bbox 703 3427 797 3495; x_wconf 79' lang='grc' dir='ltr'>σὴν</span> <span class='ocrx_word' id='word_1_288' title='bbox 823 3428 898 3483; x_wconf 68' lang='grc' dir='ltr'>ἔτι</span> <span class='ocrx_word' id='word_1_289' title='bbox 925 3434 999 3485; x_wconf 85' lang='lat' dir='ltr'>H.</span> <span class='ocrx_word' id='word_1_290' title='bbox 1037 3430 1158 3501; x_wconf 70' lang='grc'>11-</span> <span class='ocrx_word' id='word_1_291' title='bbox 1183 3446 1270 3485; x_wconf 86' lang='lat'>11.</span> <span class='ocrx_word' id='word_1_292' title='bbox 1291 3430 1377 3502; x_wconf 72' lang='grc' dir='ltr'>ὃς]</span> <span class='ocrx_word' id='word_1_293' title='bbox 1397 3427 1665 3501; x_wconf 64' lang='grc' dir='ltr'>ὣςᾰςῶς]</span> <span class='ocrx_word' id='word_1_294' title='bbox 1689 3430 1766 3483; x_wconf 84' lang='grc' dir='ltr'>εἰσ</span> <span class='ocrx_word' id='word_1_295' title='bbox 1796 3433 2024 3501; x_wconf 69' lang='grc' dir='ltr'>ΠΥηιγε,</span> <span class='ocrx_word' id='word_1_296' title='bbox 2047 3430 2130 3484; x_wconf 73' lang='grc' dir='ltr'>καὶ</span> <span class='ocrx_word' id='word_1_297' title='bbox 2145 3442 2269 3487; x_wconf 90' lang='lat' dir='ltr'>cett.</span> 
     </span>
     <span class='ocr_line' id='line_1_34' title="bbox 711 3503 2272 3579; baseline 0.002 -19"><span class='ocrx_word' id='word_1_298' title='bbox 711 3508 735 3577; x_wconf 75' lang='grc' dir='ltr'>ΙΙ</span> <span class='ocrx_word' id='word_1_299' title='bbox 766 3535 840 3548; x_wconf 89' lang='grc'><strong>-</strong></span> <span class='ocrx_word' id='word_1_300' title='bbox 864 3523 948 3560; x_wconf 78' lang='lat'>12.</span> <span class='ocrx_word' id='word_1_301' title='bbox 975 3506 1004 3560; x_wconf 84' lang='grc' dir='ltr'>ὁ</span> <span class='ocrx_word' id='word_1_302' title='bbox 1025 3505 1108 3560; x_wconf 72' lang='grc' dir='ltr'>καὶ</span> <span class='ocrx_word' id='word_1_303' title='bbox 1135 3503 1203 3577; x_wconf 81' lang='grc' dir='ltr'>μὴ</span> <span class='ocrx_word' id='word_1_304' title='bbox 1231 3505 1314 3559; x_wconf 69' lang='grc' dir='ltr'>σοὶ</span> <span class='ocrx_word' id='word_1_305' title='bbox 1351 3509 1417 3561; x_wconf 86' lang='lat' dir='ltr'>U.</span> <span class='ocrx_word' id='word_1_306' title='bbox 1443 3508 1467 3575; x_wconf 83' lang='grc' dir='ltr'>ΙΙ</span> <span class='ocrx_word' id='word_1_307' title='bbox 1492 3536 1569 3548; x_wconf 92' lang='grc'><strong>-</strong></span> <span class='ocrx_word' id='word_1_308' title='bbox 1603 3508 1688 3561; x_wconf 83' lang='lat'>13.</span> <span class='ocrx_word' id='word_1_309' title='bbox 1713 3509 2105 3579; x_wconf 80' lang='grc' dir='ltr'>παρακατένευσα</span> <span class='ocrx_word' id='word_1_310' title='bbox 2127 3513 2187 3579; x_wconf 84' lang='lat' dir='ltr'>C,</span> <span class='ocrx_word' id='word_1_311' title='bbox 2213 3510 2272 3563; x_wconf 78' lang='grc' dir='ltr'>τὸ</span> 
     </span>
     <span class='ocr_line' id='line_1_35' title="bbox 706 3586 2275 3657; baseline 0.001 -18"><span class='ocrx_word' id='word_1_312' title='bbox 706 3604 819 3639; x_wconf 87' lang='lat' dir='ltr'>om.</span> <span class='ocrx_word' id='word_1_313' title='bbox 867 3589 932 3641; x_wconf 81' lang='lat' dir='ltr'>U.</span> <span class='ocrx_word' id='word_1_314' title='bbox 960 3587 1076 3657; x_wconf 71' lang='grc' dir='ltr'>ΙΙ-</span> <span class='ocrx_word' id='word_1_315' title='bbox 1108 3586 1191 3640; x_wconf 84' lang='lat'>15.</span> <span class='ocrx_word' id='word_1_316' title='bbox 1214 3603 1488 3657; x_wconf 80' lang='grc' dir='ltr'>κατακαυχ.</span> <span class='ocrx_word' id='word_1_317' title='bbox 1523 3586 1773 3642; x_wconf 77' lang='grc' dir='ltr'>ΟΜΥσΙηι</span> <span class='ocrx_word' id='word_1_318' title='bbox 1801 3586 1923 3644; x_wconf 89' lang='lat' dir='ltr'>cod.</span> <span class='ocrx_word' id='word_1_319' title='bbox 1945 3587 2129 3653; x_wconf 78' lang='lat' dir='ltr'>Politi;</span> <span class='ocrx_word' id='word_1_320' title='bbox 2159 3607 2275 3641; x_wconf 82' lang='grc' dir='ltr'>καυ-</span> 
     </span>
     <span class='ocr_line' id='line_1_36' title="bbox 706 3662 2276 3741; baseline 0.002 -23"><span class='ocrx_word' id='word_1_321' title='bbox 706 3664 958 3737; x_wconf 77' lang='grc' dir='ltr'>χήσασθαι</span> <span class='ocrx_word' id='word_1_322' title='bbox 981 3675 1106 3719; x_wconf 88' lang='lat' dir='ltr'>cett.</span> <span class='ocrx_word' id='word_1_323' title='bbox 1127 3663 1296 3741; x_wconf 69' lang='lat' dir='ltr'>codd.</span> <span class='ocrx_word' id='word_1_324' title='bbox 1339 3666 1588 3720; x_wconf 85' lang='lat' dir='ltr'>Ceterum</span> <span class='ocrx_word' id='word_1_325' title='bbox 1627 3662 1697 3719; x_wconf 89' lang='lat' dir='ltr'>de</span> <span class='ocrx_word' id='word_1_326' title='bbox 1736 3665 1978 3720; x_wconf 86' lang='lat' dir='ltr'>hocloco</span> <span class='ocrx_word' id='word_1_327' title='bbox 2009 3666 2080 3721; x_wconf 88' lang='lat' dir='ltr'>ita</span> <span class='ocrx_word' id='word_1_328' title='bbox 2117 3666 2276 3721; x_wconf 80' lang='lat' dir='ltr'>babet</span> 
     </span>
     <span class='ocr_line' id='line_1_37' title="bbox 709 3745 2272 3818; baseline 0.001 -18"><span class='ocrx_word' id='word_1_329' title='bbox 709 3747 783 3802; x_wconf 82' lang='grc' dir='ltr'>Η.</span> <span class='ocrx_word' id='word_1_330' title='bbox 822 3745 1116 3818; x_wconf 73' lang='lat' dir='ltr'>Stephanus</span> <span class='ocrx_word' id='word_1_331' title='bbox 1145 3764 1160 3803; x_wconf 72' lang='grc' dir='ltr'>τ</span> <span class='ocrx_word' id='word_1_332' title='bbox 1197 3770 1221 3793; x_wconf 72' lang='grc' dir='ltr'>ε</span> <span class='ocrx_word' id='word_1_333' title='bbox 1247 3746 1324 3800; x_wconf 86' lang='lat' dir='ltr'>Ut</span> <span class='ocrx_word' id='word_1_334' title='bbox 1356 3746 1412 3799; x_wconf 87' lang='lat' dir='ltr'>in</span> <span class='ocrx_word' id='word_1_335' title='bbox 1450 3746 1636 3815; x_wconf 77' lang='grc' dir='ltr'>Λητοῦς</span> <span class='ocrx_word' id='word_1_336' title='bbox 1671 3748 1938 3801; x_wconf 76' lang='lat' dir='ltr'>mentione</span> <span class='ocrx_word' id='word_1_337' title='bbox 1976 3745 2162 3801; x_wconf 80' lang='lat' dir='ltr'>alludit</span> <span class='ocrx_word' id='word_1_338' title='bbox 2203 3746 2272 3801; x_wconf 79' lang='lat' dir='ltr'>ad</span> 
     </span>
     <span class='ocr_line' id='line_1_38' title="bbox 712 3822 2274 3899; baseline 0.002 -22"><span class='ocrx_word' id='word_1_339' title='bbox 712 3842 894 3881; x_wconf 79' lang='lat' dir='ltr'>vocem</span> <span class='ocrx_word' id='word_1_340' title='bbox 917 3825 1076 3895; x_wconf 89' lang='grc' dir='ltr'>λήθην</span> <span class='ocrx_word' id='word_1_341' title='bbox 1089 3865 1106 3892; x_wconf 91' lang='grc'>,</span> <span class='ocrx_word' id='word_1_342' title='bbox 1138 3843 1245 3898; x_wconf 87' lang='lat' dir='ltr'>qua</span> <span class='ocrx_word' id='word_1_343' title='bbox 1269 3823 1434 3880; x_wconf 88' lang='lat' dir='ltr'>modo</span> <span class='ocrx_word' id='word_1_344' title='bbox 1465 3843 1592 3879; x_wconf 86' lang='lat' dir='ltr'>usus</span> <span class='ocrx_word' id='word_1_345' title='bbox 1613 3835 1726 3880; x_wconf 84' lang='lat' dir='ltr'>erat</span> <span class='ocrx_word' id='word_1_346' title='bbox 1739 3866 1756 3893; x_wconf 87' lang='lat'>‚</span> <span class='ocrx_word' id='word_1_347' title='bbox 1786 3828 1864 3882; x_wconf 85' lang='lat' dir='ltr'>sic</span> <span class='ocrx_word' id='word_1_348' title='bbox 1901 3822 2091 3899; x_wconf 76' lang='grc' dir='ltr'>Ἑρμοῦ</span> <span class='ocrx_word' id='word_1_349' title='bbox 2127 3844 2274 3880; x_wconf 83' lang='lat' dir='ltr'>men-</span> 
     </span>
     <span class='ocr_line' id='line_1_39' title="bbox 709 3901 2274 3980; baseline 0.004 -25"><span class='ocrx_word' id='word_1_350' title='bbox 709 3914 912 3956; x_wconf 75' lang='lat' dir='ltr'>tionem</span> <span class='ocrx_word' id='word_1_351' title='bbox 933 3901 1102 3958; x_wconf 79' lang='lat' dir='ltr'>facere</span> <span class='ocrx_word' id='word_1_352' title='bbox 1117 3903 1365 3969; x_wconf 81' lang='lat' dir='ltr'>arbitror,</span> <span class='ocrx_word' id='word_1_353' title='bbox 1394 3904 1542 3977; x_wconf 86' lang='lat' dir='ltr'>quod</span> <span class='ocrx_word' id='word_1_354' title='bbox 1569 3902 1638 3959; x_wconf 88' lang='lat' dir='ltr'>de</span> <span class='ocrx_word' id='word_1_355' title='bbox 1660 3904 1748 3960; x_wconf 89' lang='lat' dir='ltr'>illo</span> <span class='ocrx_word' id='word_1_356' title='bbox 1763 3907 2024 3978; x_wconf 85' lang='lat' dir='ltr'>promisso</span> <span class='ocrx_word' id='word_1_357' title='bbox 2040 3944 2056 3971; x_wconf 95' lang='lat'>,</span> <span class='ocrx_word' id='word_1_358' title='bbox 2081 3905 2150 3960; x_wconf 88' lang='lat' dir='ltr'>de</span> <span class='ocrx_word' id='word_1_359' title='bbox 2166 3924 2274 3980; x_wconf 88' lang='lat' dir='ltr'>quo</span> 
     </span>
     <span class='ocr_line' id='line_1_40' title="bbox 712 3980 2274 4059; baseline 0.004 -24"><span class='ocrx_word' id='word_1_360' title='bbox 712 3980 958 4037; x_wconf 88' lang='lat' dir='ltr'>nondum</span> <span class='ocrx_word' id='word_1_361' title='bbox 979 4000 1127 4038; x_wconf 87' lang='lat' dir='ltr'>suam</span> <span class='ocrx_word' id='word_1_362' title='bbox 1159 3982 1322 4039; x_wconf 78' lang='lat' dir='ltr'>fidem</span> <span class='ocrx_word' id='word_1_363' title='bbox 1349 3984 1616 4051; x_wconf 78' lang='lat' dir='ltr'>liberarit,</span> <span class='ocrx_word' id='word_1_364' title='bbox 1643 3987 1794 4058; x_wconf 71' lang='lat' dir='ltr'>quasi</span> <span class='ocrx_word' id='word_1_365' title='bbox 1826 3984 1896 4041; x_wconf 88' lang='lat' dir='ltr'>de</span> <span class='ocrx_word' id='word_1_366' title='bbox 1929 4004 2118 4058; x_wconf 75' lang='lat' dir='ltr'>magno</span> <span class='ocrx_word' id='word_1_367' title='bbox 2137 4004 2274 4059; x_wconf 88' lang='lat' dir='ltr'>quo·</span> 
     </span>
     <span class='ocr_line' id='line_1_41' title="bbox 709 4062 2271 4138; baseline 0.002 -19"><span class='ocrx_word' id='word_1_368' title='bbox 709 4062 834 4119; x_wconf 76' lang='lat' dir='ltr'>dnm</span> <span class='ocrx_word' id='word_1_369' title='bbox 873 4080 976 4117; x_wconf 79' lang='lat' dir='ltr'>aere</span> <span class='ocrx_word' id='word_1_370' title='bbox 1011 4063 1211 4130; x_wconf 84' lang='lat' dir='ltr'>alieno,</span> <span class='ocrx_word' id='word_1_371' title='bbox 1242 4062 1387 4136; x_wconf 90' lang='lat' dir='ltr'>quod</span> <span class='ocrx_word' id='word_1_372' title='bbox 1415 4063 1626 4118; x_wconf 82' lang='lat' dir='ltr'>interim</span> <span class='ocrx_word' id='word_1_373' title='bbox 1667 4063 1962 4137; x_wconf 78' lang='lat' dir='ltr'>possident,</span> <span class='ocrx_word' id='word_1_374' title='bbox 2007 4064 2271 4138; x_wconf 80' lang='lat' dir='ltr'>loquatur.</span> 
     </span>
     <span class='ocr_line' id='line_1_42' title="bbox 711 4139 2273 4211; baseline 0.002 -15"><span class='ocrx_word' id='word_1_375' title='bbox 711 4140 872 4211; x_wconf 88' lang='lat' dir='ltr'>Quod</span> <span class='ocrx_word' id='word_1_376' title='bbox 899 4152 1073 4196; x_wconf 84' lang='lat' dir='ltr'>tamen</span> <span class='ocrx_word' id='word_1_377' title='bbox 1100 4139 1403 4196; x_wconf 78' lang='lat' dir='ltr'>duriuscule</span> <span class='ocrx_word' id='word_1_378' title='bbox 1420 4141 1528 4197; x_wconf 91' lang='lat' dir='ltr'>dici</span> <span class='ocrx_word' id='word_1_379' title='bbox 1553 4142 1683 4197; x_wconf 87' lang='lat' dir='ltr'>mihi</span> <span class='ocrx_word' id='word_1_380' title='bbox 1708 4142 1875 4198; x_wconf 77' lang='lat' dir='ltr'>videri</span> <span class='ocrx_word' id='word_1_381' title='bbox 1912 4142 2100 4211; x_wconf 78' lang='lat' dir='ltr'>fateor,</span> <span class='ocrx_word' id='word_1_382' title='bbox 2125 4143 2273 4199; x_wconf 91' lang='lat' dir='ltr'>ideo-</span> 
     </span>
     <span class='ocr_line' id='line_1_43' title="bbox 711 4222 2273 4298; baseline 0.002 -21"><span class='ocrx_word' id='word_1_383' title='bbox 711 4242 816 4296; x_wconf 87' lang='lat' dir='ltr'>que</span> <span class='ocrx_word' id='word_1_384' title='bbox 835 4224 988 4277; x_wconf 86' lang='lat' dir='ltr'>aliam</span> <span class='ocrx_word' id='word_1_385' title='bbox 1017 4222 1174 4297; x_wconf 83' lang='lat' dir='ltr'>hujus</span> <span class='ocrx_word' id='word_1_386' title='bbox 1199 4224 1558 4298; x_wconf 75' lang='lat' dir='ltr'>appellationis</span> <span class='ocrx_word' id='word_1_387' title='bbox 1584 4226 1844 4280; x_wconf 76' lang='lat' dir='ltr'>rationem</span> <span class='ocrx_word' id='word_1_388' title='bbox 1871 4226 2155 4297; x_wconf 71' lang='lat' dir='ltr'>excogitari</span> <span class='ocrx_word' id='word_1_389' title='bbox 2187 4245 2273 4280; x_wconf 86' lang='lat' dir='ltr'>ve·</span> 
     </span>
     <span class='ocr_line' id='line_1_44' title="bbox 711 4298 2274 4375; baseline 0.001 -16"><span class='ocrx_word' id='word_1_390' title='bbox 711 4298 830 4359; x_wconf 56' lang='lat' dir='ltr'>lim:</span> <span class='ocrx_word' id='word_1_391' title='bbox 863 4326 884 4352; x_wconf 77' lang='grc' dir='ltr'>ι</span> <span class='ocrx_word' id='word_1_392' title='bbox 911 4300 992 4357; x_wconf 83' lang='lat' dir='ltr'>Ad</span> <span class='ocrx_word' id='word_1_393' title='bbox 1017 4302 1126 4357; x_wconf 75' lang='lat' dir='ltr'>haee</span> <span class='ocrx_word' id='word_1_394' title='bbox 1149 4301 1526 4375; x_wconf 82' lang='lat' dir='ltr'>Bernhardyus</span> <span class='ocrx_word' id='word_1_395' title='bbox 1562 4321 1576 4359; x_wconf 90' lang='lat'><strong>:</strong></span> <span class='ocrx_word' id='word_1_396' title='bbox 1612 4324 1636 4353; x_wconf 74' lang='grc' dir='ltr'>ι</span> <span class='ocrx_word' id='word_1_397' title='bbox 1669 4306 1811 4358; x_wconf 83' lang='lat' dir='ltr'>Vere</span> <span class='ocrx_word' id='word_1_398' title='bbox 1835 4303 2161 4360; x_wconf 87' lang='lat' dir='ltr'>reconditam</span> <span class='ocrx_word' id='word_1_399' title='bbox 2189 4305 2274 4360; x_wconf 87' lang='lat' dir='ltr'>ille</span> 
     </span>
     <span class='ocr_line' id='line_1_45' title="bbox 713 4380 2273 4456; baseline 0.003 -21"><span class='ocrx_word' id='word_1_400' title='bbox 713 4382 814 4436; x_wconf 89' lang='lat' dir='ltr'>loci</span> <span class='ocrx_word' id='word_1_401' title='bbox 857 4380 1223 4435; x_wconf 75' lang='lat' dir='ltr'>obscuritatem</span> <span class='ocrx_word' id='word_1_402' title='bbox 1250 4380 1655 4450; x_wconf 76' lang='lat' dir='ltr'>animadvertit,</span> <span class='ocrx_word' id='word_1_403' title='bbox 1681 4401 1856 4455; x_wconf 87' lang='lat' dir='ltr'>neque</span> <span class='ocrx_word' id='word_1_404' title='bbox 1882 4394 2056 4439; x_wconf 86' lang='lat' dir='ltr'>tamen</span> <span class='ocrx_word' id='word_1_405' title='bbox 2075 4382 2273 4456; x_wconf 80' lang='lat' dir='ltr'>justum</span> 
     </span>
     <span class='ocr_line' id='line_1_46' title="bbox 713 4460 2274 4537; baseline 0.003 -22"><span class='ocrx_word' id='word_1_406' title='bbox 713 4478 869 4534; x_wconf 82' lang='lat' dir='ltr'>opem</span> <span class='ocrx_word' id='word_1_407' title='bbox 897 4460 1066 4514; x_wconf 80' lang='lat' dir='ltr'>attulit</span> <span class='ocrx_word' id='word_1_408' title='bbox 1082 4500 1098 4523; x_wconf 83' lang='lat'><strong>.</strong></span> <span class='ocrx_word' id='word_1_409' title='bbox 1145 4479 1302 4533; x_wconf 86' lang='lat' dir='ltr'>quam</span> <span class='ocrx_word' id='word_1_410' title='bbox 1339 4480 1408 4515; x_wconf 88' lang='lat' dir='ltr'>ne</span> <span class='ocrx_word' id='word_1_411' title='bbox 1449 4462 1561 4535; x_wconf 86' lang='lat' dir='ltr'>ipse</span> <span class='ocrx_word' id='word_1_412' title='bbox 1586 4462 1803 4535; x_wconf 87' lang='lat' dir='ltr'>quidem</span> <span class='ocrx_word' id='word_1_413' title='bbox 1828 4463 1895 4517; x_wconf 74' lang='lat' dir='ltr'>ab</span> <span class='ocrx_word' id='word_1_414' title='bbox 1937 4464 2083 4518; x_wconf 84' lang='lat' dir='ltr'>omni</span> <span class='ocrx_word' id='word_1_415' title='bbox 2126 4476 2274 4537; x_wconf 84' lang='lat' dir='ltr'>parte</span> 
     </span>
     <span class='ocr_line' id='line_1_47' title="bbox 713 4539 2271 4613; baseline 0.003 -20"><span class='ocrx_word' id='word_1_416' title='bbox 713 4540 1064 4613; x_wconf 67' lang='lat' dir='ltr'>prestiterim.</span> <span class='ocrx_word' id='word_1_417' title='bbox 1106 4544 1186 4595; x_wconf 79' lang='lat' dir='ltr'>Ac</span> <span class='ocrx_word' id='word_1_418' title='bbox 1203 4539 1379 4595; x_wconf 84' lang='lat' dir='ltr'>lusum</span> <span class='ocrx_word' id='word_1_419' title='bbox 1415 4542 1472 4595; x_wconf 88' lang='lat' dir='ltr'>in</span> <span class='ocrx_word' id='word_1_420' title='bbox 1511 4542 1728 4597; x_wconf 80' lang='lat' dir='ltr'>vocibus</span> <span class='ocrx_word' id='word_1_421' title='bbox 1753 4540 1884 4610; x_wconf 86' lang='grc' dir='ltr'>λήθη</span> <span class='ocrx_word' id='word_1_422' title='bbox 1917 4553 1970 4597; x_wconf 89' lang='lat' dir='ltr'>et</span> <span class='ocrx_word' id='word_1_423' title='bbox 1993 4546 2138 4611; x_wconf 81' lang='grc' dir='ltr'>Λητώ</span> <span class='ocrx_word' id='word_1_424' title='bbox 2167 4542 2271 4597; x_wconf 83' lang='lat' dir='ltr'>En·</span> 
     </span>
     <span class='ocr_line' id='line_1_48' title="bbox 713 4618 2272 4693; baseline 0.003 -21"><span class='ocrx_word' id='word_1_425' title='bbox 713 4619 964 4673; x_wconf 86' lang='lat' dir='ltr'>stathium</span> <span class='ocrx_word' id='word_1_426' title='bbox 991 4619 1088 4673; x_wconf 84' lang='lat' dir='ltr'>sibi</span> <span class='ocrx_word' id='word_1_427' title='bbox 1118 4618 1393 4673; x_wconf 79' lang='lat' dir='ltr'>indulsisse</span> <span class='ocrx_word' id='word_1_428' title='bbox 1415 4621 1694 4693; x_wconf 84' lang='lat' dir='ltr'>persuadet</span> <span class='ocrx_word' id='word_1_429' title='bbox 1713 4632 1898 4692; x_wconf 76' lang='lat' dir='ltr'>arguta</span> <span class='ocrx_word' id='word_1_430' title='bbox 1930 4622 2070 4677; x_wconf 85' lang='lat' dir='ltr'>illius</span> <span class='ocrx_word' id='word_1_431' title='bbox 2089 4622 2272 4677; x_wconf 86' lang='lat' dir='ltr'>obser-</span> 
     </span>
     <span class='ocr_line' id='line_1_49' title="bbox 714 4698 2276 4775; baseline 0.001 -22"><span class='ocrx_word' id='word_1_432' title='bbox 714 4699 861 4754; x_wconf 78' lang='lat' dir='ltr'>vatio</span> <span class='ocrx_word' id='word_1_433' title='bbox 887 4700 942 4751; x_wconf 90' lang='lat' dir='ltr'>in</span> <span class='ocrx_word' id='word_1_434' title='bbox 959 4698 1022 4753; x_wconf 88' lang='lat' dir='ltr'>n.</span> <span class='ocrx_word' id='word_1_435' title='bbox 1044 4717 1108 4764; x_wconf 84' lang='grc' dir='ltr'>α,</span> <span class='ocrx_word' id='word_1_436' title='bbox 1131 4717 1186 4771; x_wconf 85' lang='lat' dir='ltr'>p.</span> <span class='ocrx_word' id='word_1_437' title='bbox 1217 4716 1306 4765; x_wconf 78' lang='lat'>22,</span> <span class='ocrx_word' id='word_1_438' title='bbox 1338 4700 1402 4765; x_wconf 77' lang='grc'>34</span> <span class='ocrx_word' id='word_1_439' title='bbox 1432 4716 1446 4753; x_wconf 86' lang='lat'>:</span> <span class='ocrx_word' id='word_1_440' title='bbox 1481 4700 1628 4768; x_wconf 78' lang='grc' dir='ltr'>Δητὼ</span> <span class='ocrx_word' id='word_1_441' title='bbox 1653 4701 1707 4755; x_wconf 65' lang='grc' dir='ltr'>δὲ</span> <span class='ocrx_word' id='word_1_442' title='bbox 1741 4700 1774 4769; x_wconf 75' lang='grc' dir='ltr'>ἡ</span> <span class='ocrx_word' id='word_1_443' title='bbox 1803 4701 1912 4768; x_wconf 76' lang='grc' dir='ltr'>νύξ,</span> <span class='ocrx_word' id='word_1_444' title='bbox 1941 4702 2023 4756; x_wconf 74' lang='grc' dir='ltr'>διὰ</span> <span class='ocrx_word' id='word_1_445' title='bbox 2047 4700 2135 4769; x_wconf 79' lang='grc' dir='ltr'>τὴν</span> <span class='ocrx_word' id='word_1_446' title='bbox 2161 4704 2276 4775; x_wconf 81' lang='grc' dir='ltr'>παρ’</span> 
     </span>
     <span class='ocr_line' id='line_1_50' title="bbox 712 4774 2274 4851; baseline 0.004 -22"><span class='ocrx_word' id='word_1_447' title='bbox 712 4775 956 4849; x_wconf 73' lang='grc' dir='ltr'>Εὐριπίδῃ</span> <span class='ocrx_word' id='word_1_448' title='bbox 986 4776 1111 4849; x_wconf 89' lang='lat' dir='ltr'>(Or.</span> <span class='ocrx_word' id='word_1_449' title='bbox 1141 4776 1277 4851; x_wconf 82' lang='lat'>207)</span> <span class='ocrx_word' id='word_1_450' title='bbox 1320 4774 1473 4849; x_wconf 76' lang='grc' dir='ltr'>σοφὴν</span> <span class='ocrx_word' id='word_1_451' title='bbox 1516 4777 1598 4832; x_wconf 75' lang='grc' dir='ltr'>καὶ</span> <span class='ocrx_word' id='word_1_452' title='bbox 1629 4780 1832 4834; x_wconf 80' lang='grc' dir='ltr'>πότνιαν</span> <span class='ocrx_word' id='word_1_453' title='bbox 1870 4780 2052 4850; x_wconf 82' lang='grc' dir='ltr'>λήθην.</span> <span class='ocrx_word' id='word_1_454' title='bbox 2095 4780 2178 4839; x_wconf 82' lang='lat' dir='ltr'>Cf.</span> <span class='ocrx_word' id='word_1_455' title='bbox 2218 4784 2274 4836; x_wconf 89' lang='lat' dir='ltr'>in</span> 
     </span>
     <span class='ocr_line' id='line_1_51' title="bbox 711 4852 2274 4929; baseline 0.001 -16"><span class='ocrx_word' id='word_1_456' title='bbox 711 4852 772 4921; x_wconf 80' lang='grc' dir='ltr'>ξ’,</span> <span class='ocrx_word' id='word_1_457' title='bbox 795 4872 855 4927; x_wconf 82' lang='grc' dir='ltr'>Ρ.</span> <span class='ocrx_word' id='word_1_458' title='bbox 885 4859 1010 4927; x_wconf 85' lang='lat'>989,</span> <span class='ocrx_word' id='word_1_459' title='bbox 1043 4859 1129 4910; x_wconf 80' lang='lat'>51.</span> <span class='ocrx_word' id='word_1_460' title='bbox 1159 4854 1342 4929; x_wconf 80' lang='grc' dir='ltr'>Ἑρμῆς</span> <span class='ocrx_word' id='word_1_461' title='bbox 1365 4868 1540 4913; x_wconf 81' lang='lat' dir='ltr'>autem</span> <span class='ocrx_word' id='word_1_462' title='bbox 1557 4858 1732 4913; x_wconf 75' lang='lat' dir='ltr'>literas</span> <span class='ocrx_word' id='word_1_463' title='bbox 1748 4870 1801 4914; x_wconf 87' lang='lat' dir='ltr'>et</span> <span class='ocrx_word' id='word_1_464' title='bbox 1823 4858 2085 4915; x_wconf 80' lang='lat' dir='ltr'>eruditam</span> <span class='ocrx_word' id='word_1_465' title='bbox 2115 4860 2274 4917; x_wconf 89' lang='lat' dir='ltr'>disci-</span> 
     </span>
     <span class='ocr_line' id='line_1_52' title="bbox 710 4932 2275 5011; baseline 0.004 -23"><span class='ocrx_word' id='word_1_466' title='bbox 710 4932 914 5006; x_wconf 85' lang='lat' dir='ltr'>plinam</span> <span class='ocrx_word' id='word_1_467' title='bbox 946 4935 1016 4989; x_wconf 85' lang='lat' dir='ltr'>ab</span> <span class='ocrx_word' id='word_1_468' title='bbox 1049 4954 1115 4989; x_wconf 93' lang='lat' dir='ltr'>eo</span> <span class='ocrx_word' id='word_1_469' title='bbox 1149 4937 1380 4991; x_wconf 80' lang='lat' dir='ltr'>numinis</span> <span class='ocrx_word' id='word_1_470' title='bbox 1407 4936 1550 4992; x_wconf 89' lang='lat' dir='ltr'>cultu</span> <span class='ocrx_word' id='word_1_471' title='bbox 1568 4977 1585 5004; x_wconf 91' lang='lat'>,</span> <span class='ocrx_word' id='word_1_472' title='bbox 1619 4957 1728 5011; x_wconf 90' lang='lat' dir='ltr'>quo</span> <span class='ocrx_word' id='word_1_473' title='bbox 1772 4938 1945 5008; x_wconf 79' lang='grc' dir='ltr'>λόγιος</span> <span class='ocrx_word' id='word_1_474' title='bbox 1982 4939 2275 5005; x_wconf 73' lang='lat' dir='ltr'>dicebatur,</span> 
     </span>
     <span class='ocr_line' id='line_1_53' title="bbox 710 5010 2276 5081; baseline 0.006 -17"><span class='ocrx_word' id='word_1_475' title='bbox 710 5010 1008 5081; x_wconf 75' lang='lat' dir='ltr'>significare</span> <span class='ocrx_word' id='word_1_476' title='bbox 1047 5011 1204 5067; x_wconf 87' lang='lat' dir='ltr'>debet</span> <span class='ocrx_word' id='word_1_477' title='bbox 1248 5030 1265 5067; x_wconf 73' lang='grc' dir='ltr'>ε</span> <span class='ocrx_word' id='word_1_478' title='bbox 1311 5013 1432 5068; x_wconf 82' lang='lat' dir='ltr'>vide</span> <span class='ocrx_word' id='word_1_479' title='bbox 1474 5014 1556 5069; x_wconf 84' lang='lat' dir='ltr'>vel</span> <span class='ocrx_word' id='word_1_480' title='bbox 1605 5018 1846 5073; x_wconf 84' lang='lat' dir='ltr'>Eustath.</span> <span class='ocrx_word' id='word_1_481' title='bbox 1899 5028 1954 5073; x_wconf 92' lang='lat' dir='ltr'>ct</span> <span class='ocrx_word' id='word_1_482' title='bbox 1995 5018 2161 5074; x_wconf 82' lang='lat' dir='ltr'>schol.</span> <span class='ocrx_word' id='word_1_483' title='bbox 2208 5019 2276 5074; x_wconf 83' lang='lat' dir='ltr'>ad</span> 
     </span>
     <span class='ocr_line' id='line_1_54' title="bbox 711 5088 2271 5167; baseline 0.005 -22"><span class='ocrx_word' id='word_1_484' title='bbox 711 5088 908 5163; x_wconf 72' lang='lat' dir='ltr'>Odyns.</span> <span class='ocrx_word' id='word_1_485' title='bbox 934 5111 986 5157; x_wconf 83' lang='grc' dir='ltr'>α,</span> <span class='ocrx_word' id='word_1_486' title='bbox 1015 5092 1102 5157; x_wconf 85' lang='grc'>38,</span> <span class='ocrx_word' id='word_1_487' title='bbox 1131 5104 1186 5147; x_wconf 90' lang='lat' dir='ltr'>et</span> <span class='ocrx_word' id='word_1_488' title='bbox 1211 5094 1302 5165; x_wconf 88' lang='lat' dir='ltr'>qui</span> <span class='ocrx_word' id='word_1_489' title='bbox 1330 5094 1424 5148; x_wconf 84' lang='lat' dir='ltr'>has</span> <span class='ocrx_word' id='word_1_490' title='bbox 1449 5095 1670 5167; x_wconf 88' lang='lat' dir='ltr'>ineptias</span> <span class='ocrx_word' id='word_1_491' title='bbox 1695 5096 1978 5153; x_wconf 73' lang='lat' dir='ltr'>clarissime</span> <span class='ocrx_word' id='word_1_492' title='bbox 1999 5096 2271 5165; x_wconf 72' lang='lat' dir='ltr'>disseruit,</span> 
     </span>
    </p>
   </div>
   <div class='ocr_carea' id='block_1_6' title="bbox 2111 490 2525 551">
    <p class='ocr_par' dir='ltr' id='par_1_6' title="bbox 2111 490 2525 551">
     <span class='ocr_line' id='line_1_55' title="bbox 2111 490 2525 551; baseline 0 -2"><span class='ocrx_word' id='word_1_493' title='bbox 2111 490 2462 551; x_wconf 75' lang='lat' dir='ltr'><strong>EUSTATR</strong></span> <span class='ocrx_word' id='word_1_494' title='bbox 2474 492 2525 549; x_wconf 87' lang='lat' dir='ltr'>ll</span> 
     </span>
    </p>
   </div>
   <div class='ocr_carea' id='block_1_7' title="bbox 2352 625 3927 2803">
    <p class='ocr_par' dir='ltr' id='par_1_7' title="bbox 2352 625 3927 2803">
     <span class='ocr_line' id='line_1_56' title="bbox 2354 625 3911 700; baseline 0.001 -19"><span class='ocrx_word' id='word_1_495' title='bbox 2354 627 2517 684; x_wconf 85' lang='lat' dir='ltr'>debiti</span> <span class='ocrx_word' id='word_1_496' title='bbox 2542 627 2698 699; x_wconf 85' lang='lat' dir='ltr'>hujus</span> <span class='ocrx_word' id='word_1_497' title='bbox 2723 628 2804 681; x_wconf 85' lang='lat' dir='ltr'>sui</span> <span class='ocrx_word' id='word_1_498' title='bbox 2820 667 2835 691; x_wconf 97' lang='lat'>,</span> <span class='ocrx_word' id='word_1_499' title='bbox 2859 625 3004 700; x_wconf 87' lang='lat' dir='ltr'>quod</span> <span class='ocrx_word' id='word_1_500' title='bbox 3030 637 3141 681; x_wconf 75' lang='lat' dir='ltr'>erut</span> <span class='ocrx_word' id='word_1_501' title='bbox 3164 626 3326 681; x_wconf 86' lang='lat' dir='ltr'>melos</span> <span class='ocrx_word' id='word_1_502' title='bbox 3349 625 3503 681; x_wconf 84' lang='lat' dir='ltr'>dulce</span> <span class='ocrx_word' id='word_1_503' title='bbox 3520 639 3573 681; x_wconf 90' lang='lat' dir='ltr'>et</span> <span class='ocrx_word' id='word_1_504' title='bbox 3589 628 3911 699; x_wconf 81' lang='lat' dir='ltr'>jucundum,</span> 
     </span>
     <span class='ocr_line' id='line_1_57' title="bbox 2354 703 3920 781; baseline 0.003 -20"><span class='ocrx_word' id='word_1_505' title='bbox 2354 724 2464 761; x_wconf 77' lang='lat' dir='ltr'>sese</span> <span class='ocrx_word' id='word_1_506' title='bbox 2490 707 2573 761; x_wconf 87' lang='lat' dir='ltr'>ille</span> <span class='ocrx_word' id='word_1_507' title='bbox 2596 707 2659 761; x_wconf 86' lang='lat' dir='ltr'>in·</span> <span class='ocrx_word' id='word_1_508' title='bbox 2686 706 3007 761; x_wconf 81' lang='lat' dir='ltr'>oblivionem</span> <span class='ocrx_word' id='word_1_509' title='bbox 3043 706 3247 760; x_wconf 79' lang='lat' dir='ltr'>venisse</span> <span class='ocrx_word' id='word_1_510' title='bbox 3278 703 3409 759; x_wconf 88' lang='lat' dir='ltr'>dicit</span> <span class='ocrx_word' id='word_1_511' title='bbox 3424 745 3441 773; x_wconf 86' lang='lat'>,</span> <span class='ocrx_word' id='word_1_512' title='bbox 3482 716 3536 759; x_wconf 87' lang='lat' dir='ltr'>et</span> <span class='ocrx_word' id='word_1_513' title='bbox 3574 724 3669 761; x_wconf 88' lang='lat' dir='ltr'>cor</span> <span class='ocrx_word' id='word_1_514' title='bbox 3694 708 3920 781; x_wconf 87' lang='lat' dir='ltr'>explica·</span> 
     </span>
     <span class='ocr_line' id='line_1_58' title="bbox 2356 784 3915 858; baseline 0.003 -19"><span class='ocrx_word' id='word_1_515' title='bbox 2356 796 2467 839; x_wconf 87' lang='lat' dir='ltr'>tum</span> <span class='ocrx_word' id='word_1_516' title='bbox 2488 786 2586 841; x_wconf 83' lang='lat' dir='ltr'>sibi</span> <span class='ocrx_word' id='word_1_517' title='bbox 2616 786 2752 849; x_wconf 82' lang='lat' dir='ltr'>vult,</span> <span class='ocrx_word' id='word_1_518' title='bbox 2784 784 2956 855; x_wconf 77' lang='lat' dir='ltr'>legere</span> <span class='ocrx_word' id='word_1_519' title='bbox 2975 792 3037 837; x_wconf 85' lang='lat' dir='ltr'>ut</span> <span class='ocrx_word' id='word_1_520' title='bbox 3081 785 3275 856; x_wconf 82' lang='lat' dir='ltr'>possit,</span> <span class='ocrx_word' id='word_1_521' title='bbox 3321 801 3429 856; x_wconf 88' lang='lat' dir='ltr'>qua</span> <span class='ocrx_word' id='word_1_522' title='bbox 3460 785 3517 839; x_wconf 86' lang='lat' dir='ltr'>in</span> <span class='ocrx_word' id='word_1_523' title='bbox 3549 796 3699 858; x_wconf 87' lang='lat' dir='ltr'>parte</span> <span class='ocrx_word' id='word_1_524' title='bbox 3724 792 3915 845; x_wconf 82' lang='lat' dir='ltr'>mentis</span> 
     </span>
     <span class='ocr_line' id='line_1_59' title="bbox 2354 861 3910 939; baseline -0.004 -20"><span class='ocrx_word' id='word_1_525' title='bbox 2354 883 2461 921; x_wconf 75' lang='lat' dir='ltr'>suae</span> <span class='ocrx_word' id='word_1_526' title='bbox 2480 867 2548 920; x_wconf 81' lang='lat' dir='ltr'>sit</span> <span class='ocrx_word' id='word_1_527' title='bbox 2564 866 2649 920; x_wconf 87' lang='lat' dir='ltr'>ille</span> <span class='ocrx_word' id='word_1_528' title='bbox 2670 865 2834 919; x_wconf 87' lang='lat' dir='ltr'>homo</span> <span class='ocrx_word' id='word_1_529' title='bbox 2856 863 3135 934; x_wconf 84' lang='lat' dir='ltr'>inscriptus</span> <span class='ocrx_word' id='word_1_530' title='bbox 3149 904 3165 929; x_wconf 94' lang='lat'>,</span> <span class='ocrx_word' id='word_1_531' title='bbox 3192 864 3277 918; x_wconf 90' lang='lat' dir='ltr'>cui</span> <span class='ocrx_word' id='word_1_532' title='bbox 3307 882 3422 919; x_wconf 88' lang='lat' dir='ltr'>rem</span> <span class='ocrx_word' id='word_1_533' title='bbox 3441 861 3674 919; x_wconf 83' lang='lat' dir='ltr'>debitam</span> <span class='ocrx_word' id='word_1_534' title='bbox 3696 884 3910 939; x_wconf 70' lang='lat' dir='ltr'>proci-a-</span> 
     </span>
     <span class='ocr_line' id='line_1_60' title="bbox 2355 943 3915 1005; baseline 0.004 -8"><span class='ocrx_word' id='word_1_535' title='bbox 2355 944 2596 999; x_wconf 76' lang='lat' dir='ltr'>stinabnt.</span> <span class='ocrx_word' id='word_1_536' title='bbox 2686 943 2821 999; x_wconf 82' lang='lat' dir='ltr'>Mihi</span> <span class='ocrx_word' id='word_1_537' title='bbox 2846 960 2997 1005; x_wconf 84' lang='lat' dir='ltr'>vero,</span> <span class='ocrx_word' id='word_1_538' title='bbox 3027 944 3109 997; x_wconf 84' lang='lat' dir='ltr'>vir</span> <span class='ocrx_word' id='word_1_539' title='bbox 3139 943 3430 999; x_wconf 89' lang='lat' dir='ltr'>admodum</span> <span class='ocrx_word' id='word_1_540' title='bbox 3453 945 3751 1001; x_wconf 76' lang='lat' dir='ltr'>venerande</span> <span class='ocrx_word' id='word_1_541' title='bbox 3772 959 3824 1002; x_wconf 86' lang='lat' dir='ltr'>et</span> <span class='ocrx_word' id='word_1_542' title='bbox 3855 967 3915 1003; x_wconf 83' lang='lat' dir='ltr'>o·</span> 
     </span>
     <span class='ocr_line' id='line_1_61' title="bbox 2354 1022 3913 1097; baseline 0.004 -21"><span class='ocrx_word' id='word_1_543' title='bbox 2354 1022 2517 1093; x_wconf 82' lang='lat' dir='ltr'>ptime</span> <span class='ocrx_word' id='word_1_544' title='bbox 2535 1034 2691 1095; x_wconf 77' lang='lat' dir='ltr'>atque</span> <span class='ocrx_word' id='word_1_545' title='bbox 2717 1024 3093 1097; x_wconf 68' lang='lat' dir='ltr'>sapientissime</span> <span class='ocrx_word' id='word_1_546' title='bbox 3107 1063 3122 1090; x_wconf 96' lang='lat'>,</span> <span class='ocrx_word' id='word_1_547' title='bbox 3152 1024 3357 1079; x_wconf 72' lang='lat' dir='ltr'>tametsi</span> <span class='ocrx_word' id='word_1_548' title='bbox 3381 1025 3437 1080; x_wconf 88' lang='lat' dir='ltr'>in</span> <span class='ocrx_word' id='word_1_549' title='bbox 3467 1034 3698 1080; x_wconf 84' lang='lat' dir='ltr'>mentem</span> <span class='ocrx_word' id='word_1_550' title='bbox 3746 1028 3913 1093; x_wconf 79' lang='lat' dir='ltr'>venit,</span> 
     </span>
     <span class='ocr_line' id='line_1_62' title="bbox 2356 1100 3921 1176; baseline 0.004 -21"><span class='ocrx_word' id='word_1_551' title='bbox 2356 1100 2545 1157; x_wconf 83' lang='lat' dir='ltr'>debere</span> <span class='ocrx_word' id='word_1_552' title='bbox 2572 1120 2657 1157; x_wconf 89' lang='lat' dir='ltr'>me</span> <span class='ocrx_word' id='word_1_553' title='bbox 2680 1103 2775 1157; x_wconf 87' lang='lat' dir='ltr'>tibi</span> <span class='ocrx_word' id='word_1_554' title='bbox 2813 1104 3282 1172; x_wconf 83' lang='lat' dir='ltr'>commentarium,</span> <span class='ocrx_word' id='word_1_555' title='bbox 3319 1121 3480 1176; x_wconf 85' lang='lat' dir='ltr'>quem</span> <span class='ocrx_word' id='word_1_556' title='bbox 3516 1103 3783 1176; x_wconf 68' lang='lat' dir='ltr'>pollicitus</span> <span class='ocrx_word' id='word_1_557' title='bbox 3813 1106 3921 1162; x_wconf 82' lang='lat' dir='ltr'>fne-</span> 
     </span>
     <span class='ocr_line' id='line_1_63' title="bbox 2356 1182 3913 1256; baseline 0.004 -21"><span class='ocrx_word' id='word_1_558' title='bbox 2356 1199 2495 1246; x_wconf 75' lang='lat' dir='ltr'>ram,</span> <span class='ocrx_word' id='word_1_559' title='bbox 2525 1192 2582 1236; x_wconf 87' lang='lat' dir='ltr'>et</span> <span class='ocrx_word' id='word_1_560' title='bbox 2618 1182 2721 1237; x_wconf 86' lang='lat' dir='ltr'>hcc</span> <span class='ocrx_word' id='word_1_561' title='bbox 2749 1185 3069 1256; x_wconf 79' lang='lat' dir='ltr'>promissum</span> <span class='ocrx_word' id='word_1_562' title='bbox 3107 1199 3285 1237; x_wconf 85' lang='lat' dir='ltr'>meum</span> <span class='ocrx_word' id='word_1_563' title='bbox 3329 1184 3385 1237; x_wconf 87' lang='lat' dir='ltr'>in</span> <span class='ocrx_word' id='word_1_564' title='bbox 3422 1183 3642 1256; x_wconf 74' lang='lat' dir='ltr'>longum</span> <span class='ocrx_word' id='word_1_565' title='bbox 3682 1200 3767 1239; x_wconf 90' lang='lat' dir='ltr'>me</span> <span class='ocrx_word' id='word_1_566' title='bbox 3789 1188 3913 1241; x_wconf 81' lang='lat' dir='ltr'>satis</span> 
     </span>
     <span class='ocr_line' id='line_1_64' title="bbox 2358 1259 3920 1332; baseline 0.003 -19"><span class='ocrx_word' id='word_1_567' title='bbox 2358 1270 2561 1332; x_wconf 86' lang='lat' dir='ltr'>tempus</span> <span class='ocrx_word' id='word_1_568' title='bbox 2595 1259 2812 1315; x_wconf 75' lang='lat' dir='ltr'>differre</span> <span class='ocrx_word' id='word_1_569' title='bbox 2856 1280 2871 1316; x_wconf 76' lang='grc' dir='ltr'>ι</span> <span class='ocrx_word' id='word_1_570' title='bbox 2904 1273 3076 1315; x_wconf 77' lang='lat' dir='ltr'>tamen</span> <span class='ocrx_word' id='word_1_571' title='bbox 3116 1260 3247 1315; x_wconf 84' lang='lat' dir='ltr'>nihil</span> <span class='ocrx_word' id='word_1_572' title='bbox 3290 1262 3423 1317; x_wconf 86' lang='lat' dir='ltr'>mihi</span> <span class='ocrx_word' id='word_1_573' title='bbox 3461 1262 3805 1317; x_wconf 83' lang='lat' dir='ltr'>commissum</span> <span class='ocrx_word' id='word_1_574' title='bbox 3840 1276 3920 1317; x_wconf 72' lang='lat' dir='ltr'>est</span> 
     </span>
     <span class='ocr_line' id='line_1_65' title="bbox 2355 1337 3922 1412; baseline 0.003 -21"><span class='ocrx_word' id='word_1_575' title='bbox 2355 1355 2450 1409; x_wconf 86' lang='lat' dir='ltr'>per</span> <span class='ocrx_word' id='word_1_576' title='bbox 2474 1337 2823 1404; x_wconf 78' lang='lat' dir='ltr'>oblivionem3</span> <span class='ocrx_word' id='word_1_577' title='bbox 2848 1356 2957 1393; x_wconf 89' lang='lat' dir='ltr'>non</span> <span class='ocrx_word' id='word_1_578' title='bbox 2982 1340 3059 1394; x_wconf 86' lang='lat' dir='ltr'>sic</span> <span class='ocrx_word' id='word_1_579' title='bbox 3082 1356 3180 1409; x_wconf 77' lang='lat' dir='ltr'>ego</span> <span class='ocrx_word' id='word_1_580' title='bbox 3203 1356 3271 1392; x_wconf 84' lang='lat' dir='ltr'>ex</span> <span class='ocrx_word' id='word_1_581' title='bbox 3296 1356 3486 1411; x_wconf 83' lang='lat' dir='ltr'>sopore</span> <span class='ocrx_word' id='word_1_582' title='bbox 3509 1340 3723 1407; x_wconf 84' lang='lat' dir='ltr'>laboro,</span> <span class='ocrx_word' id='word_1_583' title='bbox 3752 1358 3922 1412; x_wconf 86' lang='lat' dir='ltr'>neque</span> 
     </span>
     <span class='ocr_line' id='line_1_66' title="bbox 2354 1413 3917 1491; baseline 0.004 -22"><span class='ocrx_word' id='word_1_584' title='bbox 2354 1413 2620 1482; x_wconf 84' lang='lat' dir='ltr'>dormito,</span> <span class='ocrx_word' id='word_1_585' title='bbox 2652 1417 2746 1470; x_wconf 89' lang='lat' dir='ltr'>nbi</span> <span class='ocrx_word' id='word_1_586' title='bbox 2781 1435 3033 1490; x_wconf 82' lang='lat' dir='ltr'>perquam</span> <span class='ocrx_word' id='word_1_587' title='bbox 3070 1417 3367 1489; x_wconf 74' lang='lat' dir='ltr'>vigilantem</span> <span class='ocrx_word' id='word_1_588' title='bbox 3409 1436 3498 1473; x_wconf 88' lang='lat' dir='ltr'>me</span> <span class='ocrx_word' id='word_1_589' title='bbox 3540 1436 3655 1472; x_wconf 77' lang='lat' dir='ltr'>esse</span> <span class='ocrx_word' id='word_1_590' title='bbox 3688 1429 3917 1491; x_wconf 78' lang='lat' dir='ltr'>oportet.</span> 
     </span>
     <span class='ocr_line' id='line_1_67' title="bbox 2357 1495 3919 1569; baseline 0.002 -21"><span class='ocrx_word' id='word_1_591' title='bbox 2357 1496 2479 1563; x_wconf 90' lang='lat' dir='ltr'>Quo</span> <span class='ocrx_word' id='word_1_592' title='bbox 2502 1495 2647 1549; x_wconf 87' lang='lat' dir='ltr'>enim</span> <span class='ocrx_word' id='word_1_593' title='bbox 2682 1512 2864 1549; x_wconf 88' lang='lat' dir='ltr'>curam</span> <span class='ocrx_word' id='word_1_594' title='bbox 2905 1506 3235 1561; x_wconf 78' lang='lat' dir='ltr'>convertam,</span> <span class='ocrx_word' id='word_1_595' title='bbox 3276 1496 3321 1549; x_wconf 86' lang='lat' dir='ltr'>si</span> <span class='ocrx_word' id='word_1_596' title='bbox 3360 1514 3461 1569; x_wconf 84' lang='lat' dir='ltr'>pro</span> <span class='ocrx_word' id='word_1_597' title='bbox 3493 1496 3662 1550; x_wconf 84' lang='lat' dir='ltr'>nihilo</span> <span class='ocrx_word' id='word_1_598' title='bbox 3698 1496 3919 1551; x_wconf 83' lang='lat' dir='ltr'>habeam</span> 
     </span>
     <span class='ocr_line' id='line_1_68' title="bbox 2356 1572 3920 1643; baseline 0.002 -17"><span class='ocrx_word' id='word_1_599' title='bbox 2356 1572 2676 1628; x_wconf 80' lang='lat' dir='ltr'>voluntatem</span> <span class='ocrx_word' id='word_1_600' title='bbox 2704 1574 2888 1627; x_wconf 82' lang='lat' dir='ltr'>tuam?</span> <span class='ocrx_word' id='word_1_601' title='bbox 2912 1574 3018 1643; x_wconf 88' lang='lat' dir='ltr'>Qui</span> <span class='ocrx_word' id='word_1_602' title='bbox 3046 1574 3208 1629; x_wconf 84' lang='lat' dir='ltr'>animi</span> <span class='ocrx_word' id='word_1_603' title='bbox 3230 1574 3309 1627; x_wconf 88' lang='lat' dir='ltr'>tui</span> <span class='ocrx_word' id='word_1_604' title='bbox 3344 1576 3655 1629; x_wconf 83' lang='lat' dir='ltr'>sententiam</span> <span class='ocrx_word' id='word_1_605' title='bbox 3676 1575 3809 1629; x_wconf 85' lang='lat' dir='ltr'>mihi</span> <span class='ocrx_word' id='word_1_606' title='bbox 3835 1586 3920 1629; x_wconf 90' lang='lat' dir='ltr'>to·</span> 
     </span>
     <span class='ocr_line' id='line_1_69' title="bbox 2358 1651 3921 1725; baseline 0.001 -19"><span class='ocrx_word' id='word_1_607' title='bbox 2358 1662 2463 1706; x_wconf 75' lang='lat' dir='ltr'>tam</span> <span class='ocrx_word' id='word_1_608' title='bbox 2489 1651 2798 1724; x_wconf 75' lang='lat' dir='ltr'>patefecisti,</span> <span class='ocrx_word' id='word_1_609' title='bbox 2819 1662 2882 1707; x_wconf 89' lang='lat' dir='ltr'>ut</span> <span class='ocrx_word' id='word_1_610' title='bbox 2893 1652 3023 1706; x_wconf 87' lang='lat' dir='ltr'>nihil</span> <span class='ocrx_word' id='word_1_611' title='bbox 3039 1651 3151 1723; x_wconf 86' lang='lat' dir='ltr'>jam</span> <span class='ocrx_word' id='word_1_612' title='bbox 3169 1651 3463 1723; x_wconf 75' lang='lat' dir='ltr'>optandum</span> <span class='ocrx_word' id='word_1_613' title='bbox 3486 1653 3621 1707; x_wconf 86' lang='lat' dir='ltr'>mihi</span> <span class='ocrx_word' id='word_1_614' title='bbox 3646 1654 3746 1719; x_wconf 85' lang='lat' dir='ltr'>sit,</span> <span class='ocrx_word' id='word_1_615' title='bbox 3774 1654 3921 1725; x_wconf 89' lang='lat' dir='ltr'>quod</span> 
     </span>
     <span class='ocr_line' id='line_1_70' title="bbox 2358 1729 3918 1803; baseline 0.002 -21"><span class='ocrx_word' id='word_1_616' title='bbox 2358 1746 2465 1782; x_wconf 88' lang='lat' dir='ltr'>non</span> <span class='ocrx_word' id='word_1_617' title='bbox 2507 1730 2603 1783; x_wconf 88' lang='lat' dir='ltr'>tibi</span> <span class='ocrx_word' id='word_1_618' title='bbox 2647 1730 2805 1784; x_wconf 85' lang='lat' dir='ltr'>etiam</span> <span class='ocrx_word' id='word_1_619' title='bbox 2846 1729 3197 1803; x_wconf 84' lang='lat' dir='ltr'>expetendum</span> <span class='ocrx_word' id='word_1_620' title='bbox 3244 1730 3500 1785; x_wconf 79' lang='lat' dir='ltr'>videatur.</span> <span class='ocrx_word' id='word_1_621' title='bbox 3597 1732 3719 1785; x_wconf 79' lang='lat' dir='ltr'>Non</span> <span class='ocrx_word' id='word_1_622' title='bbox 3756 1732 3918 1802; x_wconf 78' lang='lat' dir='ltr'>igitur</span> 
     </span>
     <span class='ocr_line' id='line_1_71' title="bbox 2357 1806 3919 1882; baseline 0.002 -20"><span class='ocrx_word' id='word_1_623' title='bbox 2357 1806 2551 1862; x_wconf 80' lang='lat' dir='ltr'>oblivio</span> <span class='ocrx_word' id='word_1_624' title='bbox 2584 1826 2673 1861; x_wconf 85' lang='lat' dir='ltr'>me</span> <span class='ocrx_word' id='word_1_625' title='bbox 2698 1810 2839 1881; x_wconf 86' lang='lat' dir='ltr'>cepit</span> <span class='ocrx_word' id='word_1_626' title='bbox 2860 1809 3238 1882; x_wconf 84' lang='lat' dir='ltr'>promissorum</span> <span class='ocrx_word' id='word_1_627' title='bbox 3269 1849 3284 1872; x_wconf 92' lang='lat'>,</span> <span class='ocrx_word' id='word_1_628' title='bbox 3316 1826 3492 1881; x_wconf 86' lang='lat' dir='ltr'>neque</span> <span class='ocrx_word' id='word_1_629' title='bbox 3518 1812 3717 1864; x_wconf 76' lang='lat' dir='ltr'>Latona</span> <span class='ocrx_word' id='word_1_630' title='bbox 3740 1810 3919 1877; x_wconf 86' lang='lat' dir='ltr'>habet,</span> 
     </span>
     <span class='ocr_line' id='line_1_72' title="bbox 2356 1886 3921 1960; baseline 0.002 -19"><span class='ocrx_word' id='word_1_631' title='bbox 2356 1886 2501 1960; x_wconf 88' lang='lat' dir='ltr'>quod</span> <span class='ocrx_word' id='word_1_632' title='bbox 2526 1888 2779 1959; x_wconf 78' lang='lat' dir='ltr'>glorietur</span> <span class='ocrx_word' id='word_1_633' title='bbox 2800 1886 2870 1943; x_wconf 90' lang='lat' dir='ltr'>de</span> <span class='ocrx_word' id='word_1_634' title='bbox 2895 1898 3075 1942; x_wconf 87' lang='lat' dir='ltr'>nostro</span> <span class='ocrx_word' id='word_1_635' title='bbox 3100 1888 3370 1943; x_wconf 75' lang='lat' dir='ltr'>Mercurio</span> <span class='ocrx_word' id='word_1_636' title='bbox 3387 1928 3403 1955; x_wconf 86' lang='lat'>,</span> <span class='ocrx_word' id='word_1_637' title='bbox 3452 1906 3565 1943; x_wconf 85' lang='lat' dir='ltr'>sese</span> <span class='ocrx_word' id='word_1_638' title='bbox 3586 1905 3709 1943; x_wconf 87' lang='lat' dir='ltr'>enm</span> <span class='ocrx_word' id='word_1_639' title='bbox 3754 1901 3921 1945; x_wconf 83' lang='lat' dir='ltr'>certa-</span> 
     </span>
     <span class='ocr_line' id='line_1_73' title="bbox 2356 1965 3923 2039; baseline 0.002 -20"><span class='ocrx_word' id='word_1_640' title='bbox 2356 1968 2498 2019; x_wconf 88' lang='lat' dir='ltr'>mine</span> <span class='ocrx_word' id='word_1_641' title='bbox 2523 1968 2707 2020; x_wconf 84' lang='lat' dir='ltr'>vicisse</span> <span class='ocrx_word' id='word_1_642' title='bbox 2720 2006 2737 2033; x_wconf 90' lang='lat'>,</span> <span class='ocrx_word' id='word_1_643' title='bbox 2763 1967 3161 2039; x_wconf 76' lang='lat' dir='ltr'>trophaeumque</span> <span class='ocrx_word' id='word_1_644' title='bbox 3185 1965 3253 2020; x_wconf 90' lang='lat' dir='ltr'>de</span> <span class='ocrx_word' id='word_1_645' title='bbox 3275 1984 3341 2019; x_wconf 86' lang='grc' dir='ltr'>σο</span> <span class='ocrx_word' id='word_1_646' title='bbox 3358 1969 3628 2032; x_wconf 84' lang='lat' dir='ltr'>statuisse,</span> <span class='ocrx_word' id='word_1_647' title='bbox 3658 1966 3751 2021; x_wconf 85' lang='lat' dir='ltr'>sed</span> <span class='ocrx_word' id='word_1_648' title='bbox 3779 1969 3923 2022; x_wconf 83' lang='lat' dir='ltr'>aliud</span> 
     </span>
     <span class='ocr_line' id='line_1_74' title="bbox 2354 2042 3921 2119; baseline 0.001 -20"><span class='ocrx_word' id='word_1_649' title='bbox 2354 2043 2609 2116; x_wconf 83' lang='lat' dir='ltr'>quiddam</span> <span class='ocrx_word' id='word_1_650' title='bbox 2656 2056 2871 2119; x_wconf 85' lang='lat' dir='ltr'>repente</span> <span class='ocrx_word' id='word_1_651' title='bbox 2915 2045 3148 2100; x_wconf 86' lang='lat' dir='ltr'>oblatum</span> <span class='ocrx_word' id='word_1_652' title='bbox 3196 2044 3439 2099; x_wconf 84' lang='lat' dir='ltr'>excidere</span> <span class='ocrx_word' id='word_1_653' title='bbox 3488 2063 3576 2100; x_wconf 88' lang='lat' dir='ltr'>me</span> <span class='ocrx_word' id='word_1_654' title='bbox 3626 2042 3747 2100; x_wconf 79' lang='lat' dir='ltr'>feeit</span> <span class='ocrx_word' id='word_1_655' title='bbox 3795 2063 3921 2117; x_wconf 91' lang='lat' dir='ltr'>pro·</span> 
     </span>
     <span class='ocr_line' id='line_1_75' title="bbox 2354 2122 3922 2198; baseline 0.001 -21"><span class='ocrx_word' id='word_1_656' title='bbox 2354 2124 2550 2190; x_wconf 83' lang='lat' dir='ltr'>missis,</span> <span class='ocrx_word' id='word_1_657' title='bbox 2572 2122 3109 2197; x_wconf 85' lang='lat' dir='ltr'>pollicitationemque</span> <span class='ocrx_word' id='word_1_658' title='bbox 3127 2143 3299 2179; x_wconf 76' lang='lat' dir='ltr'>meam</span> <span class='ocrx_word' id='word_1_659' title='bbox 3316 2123 3667 2181; x_wconf 66' lang='lat' dir='ltr'>labefactavit.</span> <span class='ocrx_word' id='word_1_660' title='bbox 3740 2126 3922 2198; x_wconf 84' lang='lat' dir='ltr'>Repu·</span> 
     </span>
     <span class='ocr_line' id='line_1_76' title="bbox 2354 2203 3927 2278; baseline 0.002 -20"><span class='ocrx_word' id='word_1_661' title='bbox 2354 2203 2523 2259; x_wconf 81' lang='lat' dir='ltr'>tabam</span> <span class='ocrx_word' id='word_1_662' title='bbox 2546 2205 2719 2269; x_wconf 87' lang='lat' dir='ltr'>enim,</span> <span class='ocrx_word' id='word_1_663' title='bbox 2749 2205 2807 2260; x_wconf 88' lang='lat' dir='ltr'>id</span> <span class='ocrx_word' id='word_1_664' title='bbox 2825 2205 2921 2260; x_wconf 86' lang='lat' dir='ltr'>tibi</span> <span class='ocrx_word' id='word_1_665' title='bbox 2946 2206 3127 2278; x_wconf 84' lang='lat' dir='ltr'>operis</span> <span class='ocrx_word' id='word_1_666' title='bbox 3154 2206 3304 2277; x_wconf 77' lang='lat' dir='ltr'>parvi</span> <span class='ocrx_word' id='word_1_667' title='bbox 3322 2222 3433 2259; x_wconf 81' lang='lat' dir='ltr'>esse</span> <span class='ocrx_word' id='word_1_668' title='bbox 3451 2204 3689 2260; x_wconf 78' lang='lat' dir='ltr'>futurum</span> <span class='ocrx_word' id='word_1_669' title='bbox 3706 2244 3723 2271; x_wconf 90' lang='lat'>,</span> <span class='ocrx_word' id='word_1_670' title='bbox 3752 2222 3927 2278; x_wconf 85' lang='lat' dir='ltr'>neque</span> 
     </span>
     <span class='ocr_line' id='line_1_77' title="bbox 2354 2281 3925 2357; baseline 0.001 -20"><span class='ocrx_word' id='word_1_671' title='bbox 2354 2292 2406 2337; x_wconf 80' lang='lat' dir='ltr'>te</span> <span class='ocrx_word' id='word_1_672' title='bbox 2447 2300 2509 2337; x_wconf 85' lang='lat' dir='ltr'>ea</span> <span class='ocrx_word' id='word_1_673' title='bbox 2551 2281 2703 2338; x_wconf 83' lang='lat' dir='ltr'>valde</span> <span class='ocrx_word' id='word_1_674' title='bbox 2745 2295 3051 2339; x_wconf 86' lang='lat' dir='ltr'>curaturum</span> <span class='ocrx_word' id='word_1_675' title='bbox 3065 2324 3081 2350; x_wconf 91' lang='lat'>,</span> <span class='ocrx_word' id='word_1_676' title='bbox 3124 2282 3195 2339; x_wconf 87' lang='lat' dir='ltr'>de</span> <span class='ocrx_word' id='word_1_677' title='bbox 3236 2284 3431 2357; x_wconf 85' lang='lat' dir='ltr'>quibus</span> <span class='ocrx_word' id='word_1_678' title='bbox 3472 2284 3719 2339; x_wconf 85' lang='lat' dir='ltr'>collocuti</span> <span class='ocrx_word' id='word_1_679' title='bbox 3752 2282 3925 2340; x_wconf 74' lang='lat' dir='ltr'>sum-</span> 
     </span>
     <span class='ocr_line' id='line_1_78' title="bbox 2352 2356 3924 2429; baseline 0.001 -19"><span class='ocrx_word' id='word_1_680' title='bbox 2352 2374 2490 2412; x_wconf 87' lang='lat' dir='ltr'>mus.</span> <span class='ocrx_word' id='word_1_681' title='bbox 2563 2357 2871 2429; x_wconf 76' lang='lat' dir='ltr'>Cogitabam</span> <span class='ocrx_word' id='word_1_682' title='bbox 2904 2368 3025 2412; x_wconf 88' lang='lat' dir='ltr'>tuos</span> <span class='ocrx_word' id='word_1_683' title='bbox 3051 2358 3107 2411; x_wconf 89' lang='lat' dir='ltr'>in</span> <span class='ocrx_word' id='word_1_684' title='bbox 3133 2356 3321 2413; x_wconf 88' lang='lat' dir='ltr'>litteris</span> <span class='ocrx_word' id='word_1_685' title='bbox 3354 2374 3687 2429; x_wconf 66' lang='lat' dir='ltr'>progressus,</span> <span class='ocrx_word' id='word_1_686' title='bbox 3715 2367 3924 2428; x_wconf 86' lang='lat' dir='ltr'>reputa·</span> 
     </span>
     <span class='ocr_line' id='line_1_79' title="bbox 2354 2430 3921 2504; baseline -0.001 -17"><span class='ocrx_word' id='word_1_687' title='bbox 2354 2430 2473 2487; x_wconf 87' lang='lat' dir='ltr'>bam</span> <span class='ocrx_word' id='word_1_688' title='bbox 2510 2441 2661 2485; x_wconf 80' lang='lat' dir='ltr'>tuam</span> <span class='ocrx_word' id='word_1_689' title='bbox 2701 2450 2753 2486; x_wconf 88' lang='lat' dir='ltr'>m</span> <span class='ocrx_word' id='word_1_690' title='bbox 2822 2430 3138 2497; x_wconf 74' lang='lat' dir='ltr'>citudinem,</span> <span class='ocrx_word' id='word_1_691' title='bbox 3180 2432 3450 2504; x_wconf 80' lang='lat' dir='ltr'>animique</span> <span class='ocrx_word' id='word_1_692' title='bbox 3500 2432 3824 2486; x_wconf 84' lang='lat' dir='ltr'>incrementa</span> <span class='ocrx_word' id='word_1_693' title='bbox 3864 2432 3921 2486; x_wconf 88' lang='lat' dir='ltr'>in</span> 
     </span>
     <span class='ocr_line' id='line_1_80' title="bbox 2352 2502 3922 2578; baseline 0.001 -20"><span class='ocrx_word' id='word_1_694' title='bbox 2352 2514 2583 2559; x_wconf 80' lang='lat' dir='ltr'>mentem</span> <span class='ocrx_word' id='word_1_695' title='bbox 2608 2503 2803 2559; x_wconf 85' lang='lat' dir='ltr'>reduce</span> <span class='ocrx_word' id='word_1_696' title='bbox 2872 2523 2947 2562; x_wconf 86' lang='lat' dir='ltr'>m.</span> <span class='ocrx_word' id='word_1_697' title='bbox 3019 2507 3206 2578; x_wconf 90' lang='lat' dir='ltr'>Itaque</span> <span class='ocrx_word' id='word_1_698' title='bbox 3248 2504 3315 2560; x_wconf 81' lang='lat' dir='ltr'>ad</span> <span class='ocrx_word' id='word_1_699' title='bbox 3362 2502 3561 2577; x_wconf 83' lang='lat' dir='ltr'>majora</span> <span class='ocrx_word' id='word_1_700' title='bbox 3608 2506 3685 2561; x_wconf 80' lang='lat' dir='ltr'>sic</span> <span class='ocrx_word' id='word_1_701' title='bbox 3710 2516 3763 2561; x_wconf 87' lang='lat' dir='ltr'>te</span> <span class='ocrx_word' id='word_1_702' title='bbox 3795 2524 3922 2560; x_wconf 88' lang='lat' dir='ltr'>con-</span> 
     </span>
     <span class='ocr_line' id='line_1_81' title="bbox 2354 2579 3923 2653; baseline 0 -20"><span class='ocrx_word' id='word_1_703' title='bbox 2354 2579 2571 2635; x_wconf 85' lang='lat' dir='ltr'>tendere</span> <span class='ocrx_word' id='word_1_704' title='bbox 2608 2579 3060 2646; x_wconf 78' lang='lat' dir='ltr'>animadvertens,</span> <span class='ocrx_word' id='word_1_705' title='bbox 3098 2579 3419 2653; x_wconf 71' lang='lat' dir='ltr'>persuadere</span> <span class='ocrx_word' id='word_1_706' title='bbox 3452 2580 3585 2635; x_wconf 81' lang='lat' dir='ltr'>mibi</span> <span class='ocrx_word' id='word_1_707' title='bbox 3630 2599 3739 2636; x_wconf 88' lang='lat' dir='ltr'>non</span> <span class='ocrx_word' id='word_1_708' title='bbox 3772 2591 3923 2653; x_wconf 89' lang='lat' dir='ltr'>pote-</span> 
     </span>
     <span class='ocr_line' id='line_1_82' title="bbox 2358 2654 3927 2727; baseline 0 -20"><span class='ocrx_word' id='word_1_709' title='bbox 2358 2671 2472 2707; x_wconf 84' lang='lat' dir='ltr'>ram</span> <span class='ocrx_word' id='word_1_710' title='bbox 2490 2692 2508 2721; x_wconf 93' lang='lat'>,</span> <span class='ocrx_word' id='word_1_711' title='bbox 2537 2672 2679 2709; x_wconf 65' lang='lat' dir='ltr'>cura</span> <span class='ocrx_word' id='word_1_712' title='bbox 2700 2654 2878 2709; x_wconf 84' lang='lat' dir='ltr'>adhuc</span> <span class='ocrx_word' id='word_1_713' title='bbox 2900 2655 2997 2709; x_wconf 90' lang='lat' dir='ltr'>tibi</span> <span class='ocrx_word' id='word_1_714' title='bbox 3025 2654 3139 2709; x_wconf 82' lang='lat' dir='ltr'>sore</span> <span class='ocrx_word' id='word_1_715' title='bbox 3154 2695 3168 2719; x_wconf 85' lang='lat'>,</span> <span class='ocrx_word' id='word_1_716' title='bbox 3195 2654 3265 2709; x_wconf 88' lang='lat' dir='ltr'>de</span> <span class='ocrx_word' id='word_1_717' title='bbox 3291 2672 3401 2727; x_wconf 90' lang='lat' dir='ltr'>quo</span> <span class='ocrx_word' id='word_1_718' title='bbox 3416 2672 3713 2710; x_wconf 85' lang='lat' dir='ltr'>sermonem</span> <span class='ocrx_word' id='word_1_719' title='bbox 3731 2654 3927 2709; x_wconf 81' lang='lat' dir='ltr'>habue-</span> 
     </span>
     <span class='ocr_line' id='line_1_83' title="bbox 2358 2728 3924 2803; baseline -0.001 -19"><span class='ocrx_word' id='word_1_720' title='bbox 2358 2746 2571 2797; x_wconf 78' lang='lat' dir='ltr'>ramus3</span> <span class='ocrx_word' id='word_1_721' title='bbox 2594 2747 2765 2801; x_wconf 84' lang='lat' dir='ltr'>neque</span> <span class='ocrx_word' id='word_1_722' title='bbox 2797 2740 2868 2795; x_wconf 89' lang='lat' dir='ltr'>te,</span> <span class='ocrx_word' id='word_1_723' title='bbox 2903 2730 2998 2803; x_wconf 88' lang='lat' dir='ltr'>qui</span> <span class='ocrx_word' id='word_1_724' title='bbox 3029 2728 3231 2801; x_wconf 73' lang='lat' dir='ltr'>magnis</span> <span class='ocrx_word' id='word_1_725' title='bbox 3241 2728 3353 2801; x_wconf 85' lang='lat' dir='ltr'>jam</span> <span class='ocrx_word' id='word_1_726' title='bbox 3380 2729 3697 2785; x_wconf 84' lang='lat' dir='ltr'>eruditionis</span> <span class='ocrx_word' id='word_1_727' title='bbox 3724 2729 3924 2783; x_wconf 88' lang='lat' dir='ltr'>divitiis</span> 
     </span>
    </p>
   </div>
   <div class='ocr_carea' id='block_1_8' title="bbox 2356 2949 3926 3181">
    <p class='ocr_par' dir='ltr' id='par_1_8' title="bbox 2356 2949 3926 3181">
     <span class='ocr_line' id='line_1_84' title="bbox 2356 2949 3926 3023; baseline 0.002 -18"><span class='ocrx_word' id='word_1_728' title='bbox 2356 2953 2503 3006; x_wconf 89' lang='lat' dir='ltr'>mine</span> <span class='ocrx_word' id='word_1_729' title='bbox 2526 2952 2775 3023; x_wconf 77' lang='lat' dir='ltr'>leguntur</span> <span class='ocrx_word' id='word_1_730' title='bbox 2797 2952 2851 3003; x_wconf 89' lang='lat' dir='ltr'>in</span> <span class='ocrx_word' id='word_1_731' title='bbox 2878 2949 3030 3005; x_wconf 87' lang='lat' dir='ltr'>Iliad.</span> <span class='ocrx_word' id='word_1_732' title='bbox 3060 2967 3158 3015; x_wconf 84' lang='lat'>20,</span> <span class='ocrx_word' id='word_1_733' title='bbox 3191 2967 3260 3021; x_wconf 82' lang='lat'>7²</span> <span class='ocrx_word' id='word_1_734' title='bbox 3292 2966 3306 3004; x_wconf 71' lang='grc' dir='ltr'>ε</span> <span class='ocrx_word' id='word_1_735' title='bbox 3342 2953 3503 3019; x_wconf 79' lang='grc' dir='ltr'>Λητοῖ</span> <span class='ocrx_word' id='word_1_736' title='bbox 3527 2952 3573 3003; x_wconf 86' lang='grc' dir='ltr'>δ’</span> <span class='ocrx_word' id='word_1_737' title='bbox 3596 2949 3801 3020; x_wconf 65' lang='grc' dir='ltr'>ἀντέστη</span> <span class='ocrx_word' id='word_1_738' title='bbox 3832 2959 3926 3007; x_wconf 69' lang='lat'>05-</span> 
     </span>
     <span class='ocr_line' id='line_1_85' title="bbox 2358 3028 3917 3105; baseline 0.001 -20"><span class='ocrx_word' id='word_1_739' title='bbox 2358 3052 2471 3097; x_wconf 81' lang='grc' dir='ltr'>κος,</span> <span class='ocrx_word' id='word_1_740' title='bbox 2502 3031 2734 3103; x_wconf 89' lang='grc' dir='ltr'>ἐριούνιος</span> <span class='ocrx_word' id='word_1_741' title='bbox 2774 3028 2988 3101; x_wconf 83' lang='grc' dir='ltr'>Ἑρμῆς,</span> <span class='ocrx_word' id='word_1_742' title='bbox 3018 3040 3071 3085; x_wconf 86' lang='lat' dir='ltr'>et</span> <span class='ocrx_word' id='word_1_743' title='bbox 3104 3031 3159 3084; x_wconf 88' lang='lat' dir='ltr'>in</span> <span class='ocrx_word' id='word_1_744' title='bbox 3187 3028 3342 3085; x_wconf 86' lang='lat' dir='ltr'>Iliad.</span> <span class='ocrx_word' id='word_1_745' title='bbox 3371 3046 3469 3097; x_wconf 81' lang='lat'>21,</span> <span class='ocrx_word' id='word_1_746' title='bbox 3502 3034 3639 3101; x_wconf 71' lang='lat'>498,</span> <span class='ocrx_word' id='word_1_747' title='bbox 3678 3031 3770 3085; x_wconf 88' lang='lat' dir='ltr'>ubi</span> <span class='ocrx_word' id='word_1_748' title='bbox 3818 3050 3917 3105; x_wconf 91' lang='lat' dir='ltr'>pu·</span> 
     </span>
     <span class='ocr_line' id='line_1_86' title="bbox 2359 3107 3356 3181; baseline -0.003 -16"><span class='ocrx_word' id='word_1_749' title='bbox 2359 3129 2513 3181; x_wconf 72' lang='lat' dir='ltr'>gnam</span> <span class='ocrx_word' id='word_1_750' title='bbox 2536 3109 2831 3164; x_wconf 83' lang='lat' dir='ltr'>detrectans</span> <span class='ocrx_word' id='word_1_751' title='bbox 2857 3109 3151 3163; x_wconf 85' lang='lat' dir='ltr'>Mercurius</span> <span class='ocrx_word' id='word_1_752' title='bbox 3179 3107 3312 3164; x_wconf 90' lang='lat' dir='ltr'>dicit</span> <span class='ocrx_word' id='word_1_753' title='bbox 3341 3124 3356 3162; x_wconf 71' lang='grc' dir='ltr'>ι</span> 
     </span>
    </p>
   </div>
   <div class='ocr_carea' id='block_1_9' title="bbox 2499 3206 3759 3462">
    <p class='ocr_par' dir='ltr' id='par_1_9' title="bbox 2499 3206 3759 3462">
     <span class='ocr_line' id='line_1_87' title="bbox 2499 3206 3470 3303; baseline 0 -17"><span class='ocrx_word' id='word_1_754' title='bbox 2499 3232 2687 3299; x_wconf 79' lang='grc' dir='ltr'>Δητοΐ,</span> <span class='ocrx_word' id='word_1_755' title='bbox 2713 3230 2815 3303; x_wconf 77' lang='grc' dir='ltr'>ἐγὼ</span> <span class='ocrx_word' id='word_1_756' title='bbox 2840 3231 2895 3286; x_wconf 73' lang='grc' dir='ltr'>δέ</span> <span class='ocrx_word' id='word_1_757' title='bbox 2914 3249 2992 3285; x_wconf 92' lang='grc' dir='ltr'>τοι</span> <span class='ocrx_word' id='word_1_758' title='bbox 3020 3206 3470 3303; x_wconf 51' lang='grc' dir='ltr'>οὕτύμαχήσομαι,</span> 
     </span>
     <span class='ocr_line' id='line_1_88' title="bbox 2502 3308 3759 3383; baseline -0.001 -19"><span class='ocrx_word' id='word_1_759' title='bbox 2502 3310 2637 3364; x_wconf 73' lang='grc' dir='ltr'>ἀλλὰ</span> <span class='ocrx_word' id='word_1_760' title='bbox 2664 3310 2801 3383; x_wconf 75' lang='grc' dir='ltr'>μάλα</span> <span class='ocrx_word' id='word_1_761' title='bbox 2820 3310 3104 3383; x_wconf 78' lang='grc' dir='ltr'>πρόφρασσα</span> <span class='ocrx_word' id='word_1_762' title='bbox 3130 3310 3237 3382; x_wconf 76' lang='grc' dir='ltr'>μετ’</span> <span class='ocrx_word' id='word_1_763' title='bbox 3263 3308 3551 3364; x_wconf 70' lang='grc' dir='ltr'>ἀθανάτοισι</span> <span class='ocrx_word' id='word_1_764' title='bbox 3575 3310 3759 3364; x_wconf 73' lang='grc' dir='ltr'>θεοῖσιν</span> 
     </span>
     <span class='ocr_line' id='line_1_89' title="bbox 2504 3388 3549 3462; baseline 0.001 -18"><span class='ocrx_word' id='word_1_765' title='bbox 2504 3389 2735 3462; x_wconf 74' lang='grc' dir='ltr'>εὔχεσθαι</span> <span class='ocrx_word' id='word_1_766' title='bbox 2758 3388 2843 3460; x_wconf 63' lang='grc' dir='ltr'>ἐμὲ</span> <span class='ocrx_word' id='word_1_767' title='bbox 2862 3392 3056 3456; x_wconf 79' lang='grc' dir='ltr'>νικῆσαι</span> <span class='ocrx_word' id='word_1_768' title='bbox 3072 3392 3333 3462; x_wconf 79' lang='grc' dir='ltr'>καρτερῇφι</span> <span class='ocrx_word' id='word_1_769' title='bbox 3362 3388 3549 3460; x_wconf 74' lang='grc' dir='ltr'>βιῇφιν.</span> 
     </span>
    </p>
   </div>
   <div class='ocr_carea' id='block_1_10' title="bbox 2360 3503 4011 5165">
    <p class='ocr_par' dir='ltr' id='par_1_10' title="bbox 2360 3503 4011 5165">
     <span class='ocr_line' id='line_1_90' title="bbox 2362 3503 3924 3582; baseline -0.001 -18"><span class='ocrx_word' id='word_1_770' title='bbox 2362 3508 2525 3580; x_wconf 86' lang='lat' dir='ltr'>Quod</span> <span class='ocrx_word' id='word_1_771' title='bbox 2547 3507 2819 3580; x_wconf 72' lang='lat' dir='ltr'>allegorice</span> <span class='ocrx_word' id='word_1_772' title='bbox 2850 3508 3111 3582; x_wconf 81' lang='lat' dir='ltr'>explicans</span> <span class='ocrx_word' id='word_1_773' title='bbox 3133 3507 3409 3562; x_wconf 75' lang='lat' dir='ltr'>scholiasta</span> <span class='ocrx_word' id='word_1_774' title='bbox 3432 3505 3563 3561; x_wconf 90' lang='lat' dir='ltr'>dicit</span> <span class='ocrx_word' id='word_1_775' title='bbox 3597 3524 3613 3563; x_wconf 70' lang='grc' dir='ltr'>ε</span> <span class='ocrx_word' id='word_1_776' title='bbox 3652 3503 3839 3579; x_wconf 75' lang='grc' dir='ltr'>Ἐρμῆς</span> <span class='ocrx_word' id='word_1_777' title='bbox 3869 3508 3924 3563; x_wconf 72' lang='grc' dir='ltr'>δέ</span> 
     </span>
     <span class='ocr_line' id='line_1_91' title="bbox 2364 3581 3921 3662; baseline -0.002 -17"><span class='ocrx_word' id='word_1_778' title='bbox 2364 3588 2466 3645; x_wconf 80' lang='grc' dir='ltr'>ἐστι</span> <span class='ocrx_word' id='word_1_779' title='bbox 2490 3589 2519 3644; x_wconf 80' lang='grc' dir='ltr'>ὁ</span> <span class='ocrx_word' id='word_1_780' title='bbox 2554 3589 2735 3662; x_wconf 75' lang='grc' dir='ltr'>λόγος,</span> <span class='ocrx_word' id='word_1_781' title='bbox 2763 3588 2912 3657; x_wconf 80' lang='grc' dir='ltr'>Δητὼ</span> <span class='ocrx_word' id='word_1_782' title='bbox 2935 3588 2988 3643; x_wconf 66' lang='grc' dir='ltr'>δὲ</span> <span class='ocrx_word' id='word_1_783' title='bbox 3014 3586 3337 3661; x_wconf 70' lang='grc' dir='ltr'>ἀμνημοσύνη</span> <span class='ocrx_word' id='word_1_784' title='bbox 3354 3628 3370 3655; x_wconf 89' lang='grc'>,</span> <span class='ocrx_word' id='word_1_785' title='bbox 3398 3581 3506 3643; x_wconf 73' lang='grc' dir='ltr'>οἷον</span> <span class='ocrx_word' id='word_1_786' title='bbox 3528 3588 3677 3656; x_wconf 82' lang='grc' dir='ltr'>Δηθώ</span> <span class='ocrx_word' id='word_1_787' title='bbox 3713 3607 3787 3652; x_wconf 88' lang='grc' dir='ltr'>τις</span> <span class='ocrx_word' id='word_1_788' title='bbox 3822 3594 3921 3642; x_wconf 83' lang='grc' dir='ltr'>τῶν</span> 
     </span>
     <span class='ocr_line' id='line_1_92' title="bbox 2360 3666 3922 3743; baseline 0 -20"><span class='ocrx_word' id='word_1_789' title='bbox 2360 3671 2552 3743; x_wconf 86' lang='grc' dir='ltr'>λόγων.</span> <span class='ocrx_word' id='word_1_790' title='bbox 2599 3669 2903 3725; x_wconf 81' lang='lat' dir='ltr'>Eustathius</span> <span class='ocrx_word' id='word_1_791' title='bbox 2952 3686 3077 3723; x_wconf 80' lang='lat' dir='ltr'>vero</span> <span class='ocrx_word' id='word_1_792' title='bbox 3119 3686 3133 3724; x_wconf 91' lang='lat'>:</span> <span class='ocrx_word' id='word_1_793' title='bbox 3175 3671 3337 3736; x_wconf 78' lang='grc' dir='ltr'>Λητοῖ</span> <span class='ocrx_word' id='word_1_794' title='bbox 3369 3669 3451 3734; x_wconf 71' lang='grc' dir='ltr'>δέ,</span> <span class='ocrx_word' id='word_1_795' title='bbox 3494 3687 3638 3740; x_wconf 76' lang='grc' dir='ltr'>φησιν</span> <span class='ocrx_word' id='word_1_796' title='bbox 3655 3708 3673 3735; x_wconf 87' lang='grc'>,</span> <span class='ocrx_word' id='word_1_797' title='bbox 3718 3666 3922 3737; x_wconf 73' lang='grc' dir='ltr'>ἀντίοι-η</span> 
     </span>
     <span class='ocr_line' id='line_1_93' title="bbox 2362 3744 3924 3821; baseline -0.001 -17"><span class='ocrx_word' id='word_1_798' title='bbox 2362 3756 2539 3817; x_wconf 80' lang='grc' dir='ltr'>σῶκος,</span> <span class='ocrx_word' id='word_1_799' title='bbox 2560 3748 2792 3821; x_wconf 74' lang='grc' dir='ltr'>ἐριούνιος</span> <span class='ocrx_word' id='word_1_800' title='bbox 2826 3747 3031 3821; x_wconf 78' lang='grc' dir='ltr'>Ἑρμῆς·</span> <span class='ocrx_word' id='word_1_801' title='bbox 3057 3747 3199 3820; x_wconf 78' lang='grc' dir='ltr'>οἵπερ</span> <span class='ocrx_word' id='word_1_802' title='bbox 3225 3744 3361 3811; x_wconf 73' lang='grc' dir='ltr'>αὖθις</span> <span class='ocrx_word' id='word_1_803' title='bbox 3387 3746 3565 3815; x_wconf 77' lang='grc' dir='ltr'>ἠθικῶς</span> <span class='ocrx_word' id='word_1_804' title='bbox 3587 3746 3924 3819; x_wconf 76' lang='grc' dir='ltr'>ἐκλαμθάνον·</span> 
     </span>
     <span class='ocr_line' id='line_1_94' title="bbox 2362 3826 3926 3901; baseline -0.001 -17"><span class='ocrx_word' id='word_1_805' title='bbox 2362 3850 2473 3896; x_wconf 88' lang='grc' dir='ltr'>ται,</span> <span class='ocrx_word' id='word_1_806' title='bbox 2510 3829 2541 3883; x_wconf 79' lang='grc' dir='ltr'>ὁ</span> <span class='ocrx_word' id='word_1_807' title='bbox 2581 3829 2668 3901; x_wconf 69' lang='grc' dir='ltr'>μὶν</span> <span class='ocrx_word' id='word_1_808' title='bbox 2697 3828 2764 3892; x_wconf 78' lang='grc' dir='ltr'>εἰς</span> <span class='ocrx_word' id='word_1_809' title='bbox 2788 3827 2983 3897; x_wconf 82' lang='grc' dir='ltr'>λήθην,</span> <span class='ocrx_word' id='word_1_810' title='bbox 3012 3827 3041 3882; x_wconf 79' lang='grc' dir='ltr'>ὁ</span> <span class='ocrx_word' id='word_1_811' title='bbox 3072 3826 3126 3883; x_wconf 65' lang='lat'>8}</span> <span class='ocrx_word' id='word_1_812' title='bbox 3152 3826 3219 3891; x_wconf 77' lang='grc' dir='ltr'>εἶς</span> <span class='ocrx_word' id='word_1_813' title='bbox 3244 3827 3401 3901; x_wconf 87' lang='grc' dir='ltr'>λόγον</span> <span class='ocrx_word' id='word_1_814' title='bbox 3436 3828 3789 3900; x_wconf 86' lang='grc' dir='ltr'>μεταγὸμενοι.</span> <span class='ocrx_word' id='word_1_815' title='bbox 3832 3828 3926 3882; x_wconf 72' lang='grc' dir='ltr'>Καὶ</span> 
     </span>
     <span class='ocr_line' id='line_1_95' title="bbox 2360 3903 3925 3983; baseline -0.001 -20"><span class='ocrx_word' id='word_1_816' title='bbox 2360 3908 2665 3983; x_wconf 80' lang='grc' dir='ltr'>ὁμολογήσει</span> <span class='ocrx_word' id='word_1_817' title='bbox 2693 3906 2878 3980; x_wconf 80' lang='grc' dir='ltr'>Ἑρμῆς</span> <span class='ocrx_word' id='word_1_818' title='bbox 2894 3948 2910 3974; x_wconf 88' lang='grc'>,</span> <span class='ocrx_word' id='word_1_819' title='bbox 2938 3908 3017 3963; x_wconf 75' lang='grc' dir='ltr'>ὅτι</span> <span class='ocrx_word' id='word_1_820' title='bbox 3047 3929 3070 3959; x_wconf 78' lang='grc' dir='ltr'>ι</span> <span class='ocrx_word' id='word_1_821' title='bbox 3101 3903 3145 3962; x_wconf 78' lang='grc' dir='ltr'><strong>ὦ</strong></span> <span class='ocrx_word' id='word_1_822' title='bbox 3161 3908 3349 3977; x_wconf 81' lang='grc' dir='ltr'>Δητοῖ,</span> <span class='ocrx_word' id='word_1_823' title='bbox 3377 3904 3480 3979; x_wconf 77' lang='grc' dir='ltr'>ἐγὼ</span> <span class='ocrx_word' id='word_1_824' title='bbox 3503 3907 3556 3963; x_wconf 76' lang='grc' dir='ltr'>δέ</span> <span class='ocrx_word' id='word_1_825' title='bbox 3582 3925 3661 3961; x_wconf 87' lang='grc' dir='ltr'>τοι</span> <span class='ocrx_word' id='word_1_826' title='bbox 3684 3906 3791 3962; x_wconf 68' lang='grc' dir='ltr'>οὔτι</span> <span class='ocrx_word' id='word_1_827' title='bbox 3829 3928 3925 3982; x_wconf 81' lang='grc' dir='ltr'>μα·</span> 
     </span>
     <span class='ocr_line' id='line_1_96' title="bbox 2360 3985 3917 4061; baseline 0 -20"><span class='ocrx_word' id='word_1_828' title='bbox 2360 3988 2605 4061; x_wconf 70' lang='grc' dir='ltr'>χήσομιι·</span> <span class='ocrx_word' id='word_1_829' title='bbox 2636 3985 2694 4041; x_wconf 78' lang='grc' dir='ltr'>οὗ</span> <span class='ocrx_word' id='word_1_830' title='bbox 2723 3985 2822 4059; x_wconf 77' lang='grc' dir='ltr'>γὰρ</span> <span class='ocrx_word' id='word_1_831' title='bbox 2843 3986 3043 4040; x_wconf 81' lang='grc' dir='ltr'>δύναται</span> <span class='ocrx_word' id='word_1_832' title='bbox 3065 3985 3220 4059; x_wconf 86' lang='grc' dir='ltr'>λόγος</span> <span class='ocrx_word' id='word_1_833' title='bbox 3242 3985 3403 4054; x_wconf 86' lang='grc' dir='ltr'>λήθης</span> <span class='ocrx_word' id='word_1_834' title='bbox 3428 3986 3917 4059; x_wconf 80' lang='grc' dir='ltr'>κατακαυχήσασθαι·</span> 
     </span>
     <span class='ocr_line' id='line_1_97' title="bbox 2362 4062 3926 4139; baseline 0 -20"><span class='ocrx_word' id='word_1_835' title='bbox 2362 4066 2561 4139; x_wconf 73' lang='grc' dir='ltr'>ἄμαχον</span> <span class='ocrx_word' id='word_1_836' title='bbox 2586 4067 2683 4139; x_wconf 80' lang='grc' dir='ltr'>γάρ</span> <span class='ocrx_word' id='word_1_837' title='bbox 2708 4084 2757 4120; x_wconf 90' lang='grc' dir='ltr'>τι</span> <span class='ocrx_word' id='word_1_838' title='bbox 2784 4068 2959 4139; x_wconf 73' lang='grc' dir='ltr'>χρῆμα</span> <span class='ocrx_word' id='word_1_839' title='bbox 2981 4064 3014 4133; x_wconf 74' lang='grc' dir='ltr'><strong>ἡ</strong></span> <span class='ocrx_word' id='word_1_840' title='bbox 3050 4064 3204 4134; x_wconf 89' lang='grc' dir='ltr'>λήθη.</span> <span class='ocrx_word' id='word_1_841' title='bbox 3234 4062 3318 4120; x_wconf 77' lang='lat' dir='ltr'>Ad</span> <span class='ocrx_word' id='word_1_842' title='bbox 3357 4064 3472 4119; x_wconf 79' lang='lat' dir='ltr'>haec</span> <span class='ocrx_word' id='word_1_843' title='bbox 3505 4066 3667 4135; x_wconf 75' lang='lat' dir='ltr'>igitur</span> <span class='ocrx_word' id='word_1_844' title='bbox 3688 4063 3926 4120; x_wconf 75' lang='lat' dir='ltr'>alludens</span> 
     </span>
     <span class='ocr_line' id='line_1_98' title="bbox 2363 4141 3929 4201; baseline -0.002 -2"><span class='ocrx_word' id='word_1_845' title='bbox 2363 4146 2667 4201; x_wconf 83' lang='lat' dir='ltr'>Eustathius</span> <span class='ocrx_word' id='word_1_846' title='bbox 2713 4143 2847 4198; x_wconf 89' lang='lat' dir='ltr'>dicit</span> <span class='ocrx_word' id='word_1_847' title='bbox 2901 4160 2917 4199; x_wconf 77' lang='lat' dir='ltr'><strong><em>z</em></strong></span> <span class='ocrx_word' id='word_1_848' title='bbox 2954 4142 3098 4199; x_wconf 80' lang='lat' dir='ltr'>haud</span> <span class='ocrx_word' id='word_1_849' title='bbox 3142 4143 3255 4198; x_wconf 80' lang='lat' dir='ltr'>sore</span> <span class='ocrx_word' id='word_1_850' title='bbox 3298 4153 3361 4199; x_wconf 87' lang='lat' dir='ltr'>ut</span> <span class='ocrx_word' id='word_1_851' title='bbox 3395 4146 3528 4198; x_wconf 88' lang='lat' dir='ltr'>Leto</span> <span class='ocrx_word' id='word_1_852' title='bbox 3566 4142 3675 4197; x_wconf 84' lang='lat' dir='ltr'>sive</span> <span class='ocrx_word' id='word_1_853' title='bbox 3720 4141 3929 4197; x_wconf 82' lang='lat' dir='ltr'>Oblivio</span> 
     </span>
     <span class='ocr_line' id='line_1_99' title="bbox 2362 4220 3927 4297; baseline -0.002 -18"><span class='ocrx_word' id='word_1_854' title='bbox 2362 4227 2517 4280; x_wconf 87' lang='lat' dir='ltr'>etiam</span> <span class='ocrx_word' id='word_1_855' title='bbox 2534 4225 2681 4279; x_wconf 88' lang='lat' dir='ltr'>deeo</span> <span class='ocrx_word' id='word_1_856' title='bbox 2709 4223 2778 4279; x_wconf 90' lang='lat' dir='ltr'>de</span> <span class='ocrx_word' id='word_1_857' title='bbox 2802 4242 2911 4297; x_wconf 90' lang='lat' dir='ltr'>quo</span> <span class='ocrx_word' id='word_1_858' title='bbox 2930 4240 3075 4278; x_wconf 88' lang='lat' dir='ltr'>nunc</span> <span class='ocrx_word' id='word_1_859' title='bbox 3098 4224 3273 4295; x_wconf 72' lang='lat' dir='ltr'>agitur</span> <span class='ocrx_word' id='word_1_860' title='bbox 3302 4222 3569 4278; x_wconf 81' lang='lat' dir='ltr'>Mercurio</span> <span class='ocrx_word' id='word_1_861' title='bbox 3592 4220 3787 4295; x_wconf 75' lang='grc' dir='ltr'>λογίῳ,</span> <span class='ocrx_word' id='word_1_862' title='bbox 3816 4222 3855 4275; x_wconf 87' lang='lat' dir='ltr'>i.</span> <span class='ocrx_word' id='word_1_863' title='bbox 3875 4240 3927 4276; x_wconf 86' lang='lat' dir='ltr'>e.</span> 
     </span>
     <span class='ocr_line' id='line_1_100' title="bbox 2362 4301 4011 4378; baseline -0.004 -17"><span class='ocrx_word' id='word_1_864' title='bbox 2362 4306 2431 4363; x_wconf 89' lang='lat' dir='ltr'>de</span> <span class='ocrx_word' id='word_1_865' title='bbox 2442 4323 2685 4361; x_wconf 86' lang='lat' dir='ltr'>sermone</span> <span class='ocrx_word' id='word_1_866' title='bbox 2692 4322 2851 4378; x_wconf 89' lang='lat' dir='ltr'>quem</span> <span class='ocrx_word' id='word_1_867' title='bbox 2866 4301 3173 4359; x_wconf 82' lang='lat' dir='ltr'>Bustathius</span> <span class='ocrx_word' id='word_1_868' title='bbox 3189 4304 3524 4376; x_wconf 73' lang='lat' dir='ltr'>promiserat,</span> <span class='ocrx_word' id='word_1_869' title='bbox 3542 4302 3809 4355; x_wconf 80' lang='lat' dir='ltr'>victoriam</span> <span class='ocrx_word' id='word_1_870' title='bbox 3820 4319 3931 4355; x_wconf 71' lang='lat' dir='ltr'>sese</span> <span class='ocrx_word' id='word_1_871' title='bbox 4006 4314 4011 4318; x_wconf 85' lang='grc'>’</span> 
     </span>
     <span class='ocr_line' id='line_1_101' title="bbox 2362 4380 3927 4460; baseline -0.002 -21"><span class='ocrx_word' id='word_1_872' title='bbox 2362 4384 2662 4460; x_wconf 79' lang='lat' dir='ltr'>deportasse</span> <span class='ocrx_word' id='word_1_873' title='bbox 2697 4383 2967 4457; x_wconf 73' lang='lat' dir='ltr'>glorietur.</span> <span class='ocrx_word' id='word_1_874' title='bbox 3003 4384 3121 4451; x_wconf 85' lang='grc' dir='ltr'>ΙΙ-</span> <span class='ocrx_word' id='word_1_875' title='bbox 3158 4384 3248 4439; x_wconf 78' lang='lat'>23.</span> <span class='ocrx_word' id='word_1_876' title='bbox 3281 4384 3517 4454; x_wconf 78' lang='grc' dir='ltr'>κροτῆσαι</span> <span class='ocrx_word' id='word_1_877' title='bbox 3537 4399 3601 4453; x_wconf 68' lang='grc' dir='ltr'>ιγ</span> <span class='ocrx_word' id='word_1_878' title='bbox 3622 4390 3677 4435; x_wconf 87' lang='lat' dir='ltr'>et</span> <span class='ocrx_word' id='word_1_879' title='bbox 3710 4400 3777 4435; x_wconf 85' lang='lat' dir='ltr'>ex</span> <span class='ocrx_word' id='word_1_880' title='bbox 3804 4380 3927 4437; x_wconf 88' lang='lat' dir='ltr'>cod.</span> 
     </span>
     <span class='ocr_line' id='line_1_102' title="bbox 2363 4460 3928 4535; baseline -0.004 -16"><span class='ocrx_word' id='word_1_881' title='bbox 2363 4463 2628 4521; x_wconf 85' lang='lat' dir='ltr'>Hudsoni.</span> <span class='ocrx_word' id='word_1_882' title='bbox 2656 4466 2755 4535; x_wconf 72' lang='grc'>11-</span> <span class='ocrx_word' id='word_1_883' title='bbox 2772 4480 2859 4532; x_wconf 86' lang='lat'>17.</span> <span class='ocrx_word' id='word_1_884' title='bbox 2879 4461 3098 4533; x_wconf 69' lang='grc' dir='ltr'>ἔρριπταί</span> <span class='ocrx_word' id='word_1_885' title='bbox 3120 4481 3205 4535; x_wconf 86' lang='grc' dir='ltr'>μοι</span> <span class='ocrx_word' id='word_1_886' title='bbox 3226 4464 3369 4531; x_wconf 74' lang='lat' dir='ltr'>cHy.</span> <span class='ocrx_word' id='word_1_887' title='bbox 3391 4460 3493 4533; x_wconf 80' lang='grc' dir='ltr'>ΙΙ-</span> <span class='ocrx_word' id='word_1_888' title='bbox 3510 4463 3594 4515; x_wconf 88' lang='grc' dir='ltr'>ι8.</span> <span class='ocrx_word' id='word_1_889' title='bbox 3610 4463 3928 4533; x_wconf 74' lang='grc' dir='ltr'>μακρῷῌαγ.</span> 
     </span>
     <span class='ocr_line' id='line_1_103' title="bbox 2366 4532 3936 4617; baseline -0.005 -18"><span class='ocrx_word' id='word_1_890' title='bbox 2366 4562 2546 4617; x_wconf 74' lang='lat' dir='ltr'>margo</span> <span class='ocrx_word' id='word_1_891' title='bbox 2574 4548 2623 4601; x_wconf 77' lang='lat' dir='ltr'><strong><em>Y</em></strong></span> <span class='ocrx_word' id='word_1_892' title='bbox 2654 4546 2675 4615; x_wconf 90' lang='grc' dir='ltr'>ΙΙ</span> <span class='ocrx_word' id='word_1_893' title='bbox 2692 4559 2869 4598; x_wconf 71' lang='grc' dir='ltr'>-αο,</span> <span class='ocrx_word' id='word_1_894' title='bbox 2906 4537 2967 4610; x_wconf 75' lang='grc' dir='ltr'>ἦν</span> <span class='ocrx_word' id='word_1_895' title='bbox 2989 4540 3110 4615; x_wconf 74' lang='grc' dir='ltr'>ἡμῖν</span> <span class='ocrx_word' id='word_1_896' title='bbox 3142 4545 3344 4612; x_wconf 71' lang='lat' dir='ltr'><em>DYay5</em></span> <span class='ocrx_word' id='word_1_897' title='bbox 3368 4534 3428 4608; x_wconf 68' lang='grc' dir='ltr'>ἦν</span> <span class='ocrx_word' id='word_1_898' title='bbox 3447 4536 3562 4607; x_wconf 77' lang='grc' dir='ltr'>ἐμοί</span> <span class='ocrx_word' id='word_1_899' title='bbox 3586 4544 3640 4604; x_wconf 84' lang='lat' dir='ltr'>C,</span> <span class='ocrx_word' id='word_1_900' title='bbox 3662 4532 3722 4606; x_wconf 76' lang='grc' dir='ltr'>ἥν</span> <span class='ocrx_word' id='word_1_901' title='bbox 3744 4536 3794 4592; x_wconf 70' lang='grc' dir='ltr'>ἔν</span> <span class='ocrx_word' id='word_1_902' title='bbox 3823 4537 3936 4609; x_wconf 77' lang='grc' dir='ltr'>ἐμοί</span> 
     </span>
     <span class='ocr_line' id='line_1_104' title="bbox 2365 4616 3932 4695; baseline -0.005 -17"><span class='ocrx_word' id='word_1_903' title='bbox 2365 4627 2451 4690; x_wconf 78' lang='lat'>11,</span> <span class='ocrx_word' id='word_1_904' title='bbox 2466 4619 2527 4692; x_wconf 75' lang='grc' dir='ltr'>ἦν</span> <span class='ocrx_word' id='word_1_905' title='bbox 2548 4623 2601 4678; x_wconf 83' lang='grc' dir='ltr'>ἐν</span> <span class='ocrx_word' id='word_1_906' title='bbox 2627 4621 2751 4695; x_wconf 73' lang='grc' dir='ltr'>ἡμῖν</span> <span class='ocrx_word' id='word_1_907' title='bbox 2779 4632 2938 4687; x_wconf 83' lang='lat' dir='ltr'>cett.;</span> <span class='ocrx_word' id='word_1_908' title='bbox 2968 4618 3187 4676; x_wconf 79' lang='grc' dir='ltr'>ἐνενόουν</span> <span class='ocrx_word' id='word_1_909' title='bbox 3213 4638 3325 4676; x_wconf 88' lang='lat' dir='ltr'>om.</span> <span class='ocrx_word' id='word_1_910' title='bbox 3345 4622 3543 4688; x_wconf 61' lang='lat' dir='ltr'>cutha</span> <span class='ocrx_word' id='word_1_911' title='bbox 3578 4619 3601 4688; x_wconf 86' lang='grc' dir='ltr'>ΙΙ</span> <span class='ocrx_word' id='word_1_912' title='bbox 3624 4634 3796 4672; x_wconf 80' lang='lat'>—21.</span> <span class='ocrx_word' id='word_1_913' title='bbox 3822 4616 3932 4670; x_wconf 85' lang='grc' dir='ltr'>ἐλο-</span> 
     </span>
     <span class='ocr_line' id='line_1_105' title="bbox 2365 4694 3936 4775; baseline -0.006 -19"><span class='ocrx_word' id='word_1_914' title='bbox 2365 4702 2580 4775; x_wconf 80' lang='grc' dir='ltr'>γιζόμην</span> <span class='ocrx_word' id='word_1_915' title='bbox 2607 4720 2718 4755; x_wconf 89' lang='lat' dir='ltr'>om.</span> <span class='ocrx_word' id='word_1_916' title='bbox 2767 4700 2850 4755; x_wconf 83' lang='lat' dir='ltr'>Ul.</span> <span class='ocrx_word' id='word_1_917' title='bbox 2882 4701 2905 4771; x_wconf 76' lang='grc' dir='ltr'>ΙΙ</span> <span class='ocrx_word' id='word_1_918' title='bbox 2933 4730 3007 4742; x_wconf 90' lang='grc'>-</span> <span class='ocrx_word' id='word_1_919' title='bbox 3030 4716 3119 4755; x_wconf 77' lang='lat'>22.</span> <span class='ocrx_word' id='word_1_920' title='bbox 3156 4722 3179 4746; x_wconf 77' lang='grc' dir='ltr'>ι</span> <span class='ocrx_word' id='word_1_921' title='bbox 3216 4697 3303 4761; x_wconf 73' lang='grc' dir='ltr'>τὰς</span> <span class='ocrx_word' id='word_1_922' title='bbox 3340 4700 3431 4765; x_wconf 84' lang='grc' dir='ltr'>τῆς</span> <span class='ocrx_word' id='word_1_923' title='bbox 3455 4697 3653 4769; x_wconf 69' lang='grc' dir='ltr'>καρδίας</span> <span class='ocrx_word' id='word_1_924' title='bbox 3680 4694 3936 4758; x_wconf 71' lang='grc' dir='ltr'>ἀναδέσεις</span> 
     </span>
     <span class='ocr_line' id='line_1_106' title="bbox 2366 4774 3931 4852; baseline -0.004 -17"><span class='ocrx_word' id='word_1_925' title='bbox 2366 4780 2643 4852; x_wconf 74' lang='lat' dir='ltr'>singularis</span> <span class='ocrx_word' id='word_1_926' title='bbox 2689 4789 2769 4834; x_wconf 82' lang='lat' dir='ltr'>est</span> <span class='ocrx_word' id='word_1_927' title='bbox 2813 4777 3036 4834; x_wconf 76' lang='lat' dir='ltr'>formula</span> <span class='ocrx_word' id='word_1_928' title='bbox 3052 4818 3068 4844; x_wconf 92' lang='lat'>,</span> <span class='ocrx_word' id='word_1_929' title='bbox 3108 4775 3343 4851; x_wconf 81' lang='lat' dir='ltr'>prosecta</span> <span class='ocrx_word' id='word_1_930' title='bbox 3386 4775 3565 4830; x_wconf 76' lang='lat' dir='ltr'>forsan</span> <span class='ocrx_word' id='word_1_931' title='bbox 3608 4794 3639 4829; x_wconf 84' lang='lat' dir='ltr'>a</span> <span class='ocrx_word' id='word_1_932' title='bbox 3686 4774 3931 4829; x_wconf 80' lang='lat' dir='ltr'>citeriore</span> 
     </span>
     <span class='ocr_line' id='line_1_107' title="bbox 2368 4852 3931 4930; baseline -0.005 -17"><span class='ocrx_word' id='word_1_933' title='bbox 2368 4860 2509 4914; x_wconf 80' lang='lat' dir='ltr'>vocis</span> <span class='ocrx_word' id='word_1_934' title='bbox 2532 4856 2811 4913; x_wconf 75' lang='grc' dir='ltr'>ἂναὸαίνειν</span> <span class='ocrx_word' id='word_1_935' title='bbox 2846 4866 3127 4930; x_wconf 82' lang='lat' dir='ltr'>potestate,</span> <span class='ocrx_word' id='word_1_936' title='bbox 3159 4866 3222 4910; x_wconf 89' lang='lat' dir='ltr'>ut</span> <span class='ocrx_word' id='word_1_937' title='bbox 3244 4857 3631 4909; x_wconf 70' lang='lat' dir='ltr'>inoeementum</span> <span class='ocrx_word' id='word_1_938' title='bbox 3671 4852 3931 4924; x_wconf 76' lang='lat' dir='ltr'>significe-</span> 
     </span>
     <span class='ocr_line' id='line_1_108' title="bbox 2367 4931 3928 4992; baseline -0.004 0"><span class='ocrx_word' id='word_1_939' title='bbox 2367 4948 2477 4992; x_wconf 87' lang='lat' dir='ltr'>tur.</span> <span class='ocrx_word' id='word_1_940' title='bbox 2508 4958 2531 4989; x_wconf 71' lang='grc' dir='ltr'>ι</span> <span class='ocrx_word' id='word_1_941' title='bbox 2560 4939 2773 4992; x_wconf 75' lang='grc' dir='ltr'>Βιιιιιε.</span> <span class='ocrx_word' id='word_1_942' title='bbox 2807 4936 2975 4991; x_wconf 81' lang='lat' dir='ltr'>Petita</span> <span class='ocrx_word' id='word_1_943' title='bbox 3001 4934 3194 4989; x_wconf 90' lang='lat' dir='ltr'>locutio</span> <span class='ocrx_word' id='word_1_944' title='bbox 3211 4951 3243 4989; x_wconf 87' lang='lat' dir='ltr'>e</span> <span class='ocrx_word' id='word_1_945' title='bbox 3264 4933 3409 4988; x_wconf 85' lang='lat' dir='ltr'>libris</span> <span class='ocrx_word' id='word_1_946' title='bbox 3428 4934 3608 4988; x_wconf 69' lang='lat' dir='ltr'>sau-is.</span> <span class='ocrx_word' id='word_1_947' title='bbox 3632 4931 3715 4987; x_wconf 81' lang='lat' dir='ltr'>Cf.</span> <span class='ocrx_word' id='word_1_948' title='bbox 3738 4931 3928 4986; x_wconf 84' lang='lat' dir='ltr'>Psalm.</span> 
     </span>
     <span class='ocr_line' id='line_1_109' title="bbox 2369 5008 3933 5086; baseline -0.006 -15"><span class='ocrx_word' id='word_1_949' title='bbox 2369 5017 2459 5082; x_wconf 81' lang='lat'>83,</span> <span class='ocrx_word' id='word_1_950' title='bbox 2486 5020 2520 5070; x_wconf 86' lang='lat'><strong>6</strong></span> <span class='ocrx_word' id='word_1_951' title='bbox 2550 5032 2565 5069; x_wconf 71' lang='grc' dir='ltr'>ε</span> <span class='ocrx_word' id='word_1_952' title='bbox 2589 5014 2841 5086; x_wconf 75' lang='grc' dir='ltr'>Μακάριος</span> <span class='ocrx_word' id='word_1_953' title='bbox 2871 5012 2993 5086; x_wconf 69' lang='grc' dir='ltr'>ἀνὴρ</span> <span class='ocrx_word' id='word_1_954' title='bbox 3016 5010 3072 5067; x_wconf 74' lang='grc' dir='ltr'>ού</span> <span class='ocrx_word' id='word_1_955' title='bbox 3099 5012 3229 5068; x_wconf 82' lang='grc' dir='ltr'>ἐστιν</span> <span class='ocrx_word' id='word_1_956' title='bbox 3258 5011 3291 5081; x_wconf 78' lang='grc' dir='ltr'>ἡ</span> <span class='ocrx_word' id='word_1_957' title='bbox 3320 5011 3574 5084; x_wconf 71' lang='grc' dir='ltr'>ἀντίληψις</span> <span class='ocrx_word' id='word_1_958' title='bbox 3611 5008 3759 5064; x_wconf 75' lang='grc' dir='ltr'>αὗτοῦ</span> <span class='ocrx_word' id='word_1_959' title='bbox 3801 5010 3933 5081; x_wconf 74' lang='grc' dir='ltr'>παρὰ</span> 
     </span>
     <span class='ocr_line' id='line_1_110' title="bbox 2370 5088 3933 5165; baseline -0.003 -18"><span class='ocrx_word' id='word_1_960' title='bbox 2370 5098 2488 5160; x_wconf 70' lang='grc' dir='ltr'>σοῦ,</span> <span class='ocrx_word' id='word_1_961' title='bbox 2518 5094 2670 5165; x_wconf 89' lang='grc' dir='ltr'>κύριε·</span> <span class='ocrx_word' id='word_1_962' title='bbox 2713 5092 2970 5156; x_wconf 70' lang='grc' dir='ltr'>ἀναδόσεις</span> <span class='ocrx_word' id='word_1_963' title='bbox 2996 5090 3047 5146; x_wconf 84' lang='grc' dir='ltr'>ἐν</span> <span class='ocrx_word' id='word_1_964' title='bbox 3081 5096 3149 5165; x_wconf 74' lang='grc' dir='ltr'>τῇ</span> <span class='ocrx_word' id='word_1_965' title='bbox 3172 5090 3348 5163; x_wconf 80' lang='grc' dir='ltr'>καρδίᾳ</span> <span class='ocrx_word' id='word_1_966' title='bbox 3384 5088 3535 5144; x_wconf 78' lang='grc' dir='ltr'>αὗτοῦ</span> <span class='ocrx_word' id='word_1_967' title='bbox 3559 5089 3763 5144; x_wconf 70' lang='grc' dir='ltr'>διέθετο.</span> <span class='ocrx_word' id='word_1_968' title='bbox 3801 5089 3825 5159; x_wconf 82' lang='grc' dir='ltr'>ΙΙ</span> <span class='ocrx_word' id='word_1_969' title='bbox 3859 5118 3933 5129; x_wconf 89' lang='lat'>—-</span> 
     </span>
    </p>
   </div>
   <div class='ocr_carea' id='block_1_11' title="bbox 708 5168 3925 5248">
    <p class='ocr_par' dir='ltr' id='par_1_11' title="bbox 708 5168 3925 5248">
     <span class='ocr_line' id='line_1_111' title="bbox 708 5168 3925 5248; baseline 0 -27"><span class='ocrx_word' id='word_1_970' title='bbox 708 5168 925 5223; x_wconf 79' lang='lat' dir='ltr'>Tzetzes</span> <span class='ocrx_word' id='word_1_971' title='bbox 951 5170 1109 5241; x_wconf 77' lang='lat' dir='ltr'>Exeg.</span> <span class='ocrx_word' id='word_1_972' title='bbox 1149 5171 1213 5226; x_wconf 91' lang='lat' dir='ltr'>Il.</span> <span class='ocrx_word' id='word_1_973' title='bbox 1238 5189 1295 5244; x_wconf 88' lang='lat' dir='ltr'>p.</span> <span class='ocrx_word' id='word_1_974' title='bbox 1327 5191 1415 5244; x_wconf 86' lang='lat'>7¹·</span> <span class='ocrx_word' id='word_1_975' title='bbox 1452 5195 1474 5223; x_wconf 77' lang='grc' dir='ltr'>ι</span> <span class='ocrx_word' id='word_1_976' title='bbox 1506 5176 1641 5244; x_wconf 74' lang='lat' dir='ltr'>Quae</span> <span class='ocrx_word' id='word_1_977' title='bbox 1665 5194 1831 5248; x_wconf 87' lang='lat' dir='ltr'>quum</span> <span class='ocrx_word' id='word_1_978' title='bbox 1857 5188 1998 5231; x_wconf 83' lang='lat' dir='ltr'>recte</span> <span class='ocrx_word' id='word_1_979' title='bbox 2023 5195 2276 5232; x_wconf 88' lang='lat' dir='ltr'>monean-</span> <span class='ocrx_word' id='word_1_980' title='bbox 2370 5191 2457 5228; x_wconf 70' lang='grc' dir='ltr'>αα.</span> <span class='ocrx_word' id='word_1_981' title='bbox 2505 5173 2736 5245; x_wconf 76' lang='grc' dir='ltr'>ἅνοῗγον,</span> <span class='ocrx_word' id='word_1_982' title='bbox 2772 5190 2933 5246; x_wconf 83' lang='lat' dir='ltr'>supra</span> <span class='ocrx_word' id='word_1_983' title='bbox 2975 5190 3077 5228; x_wconf 84' lang='lat' dir='ltr'>scr.</span> <span class='ocrx_word' id='word_1_984' title='bbox 3104 5190 3159 5239; x_wconf 85' lang='grc' dir='ltr'>η,</span> <span class='ocrx_word' id='word_1_985' title='bbox 3206 5174 3278 5236; x_wconf 77' lang='grc'>0,·</span> <span class='ocrx_word' id='word_1_986' title='bbox 3320 5169 3473 5233; x_wconf 72' lang='grc' dir='ltr'>οὕτως</span> <span class='ocrx_word' id='word_1_987' title='bbox 3506 5188 3551 5234; x_wconf 86' lang='lat' dir='ltr'>e,</span> <span class='ocrx_word' id='word_1_988' title='bbox 3587 5168 3715 5222; x_wconf 73' lang='grc' dir='ltr'>οὕτω</span> <span class='ocrx_word' id='word_1_989' title='bbox 3740 5178 3863 5222; x_wconf 89' lang='lat' dir='ltr'>cett.</span> <span class='ocrx_word' id='word_1_990' title='bbox 3902 5170 3925 5239; x_wconf 84' lang='grc' dir='ltr'>ΙΙ</span> 
     </span>
    </p>
   </div>
   <div class='ocr_carea' id='block_1_12' title="bbox 709 5248 2278 5328">
    <p class='ocr_par' dir='ltr' id='par_1_12' title="bbox 709 5248 2278 5328">
     <span class='ocr_line' id='line_1_112' title="bbox 709 5248 2278 5328; baseline 0.006 -27"><span class='ocrx_word' id='word_1_991' title='bbox 709 5257 819 5315; x_wconf 86' lang='lat' dir='ltr'>tur,</span> <span class='ocrx_word' id='word_1_992' title='bbox 845 5248 1090 5322; x_wconf 79' lang='lat' dir='ltr'>explicari</span> <span class='ocrx_word' id='word_1_993' title='bbox 1117 5260 1291 5305; x_wconf 80' lang='lat' dir='ltr'>tamen</span> <span class='ocrx_word' id='word_1_994' title='bbox 1326 5252 1473 5306; x_wconf 86' lang='lat' dir='ltr'>locus</span> <span class='ocrx_word' id='word_1_995' title='bbox 1496 5264 1674 5309; x_wconf 88' lang='lat' dir='ltr'>noster</span> <span class='ocrx_word' id='word_1_996' title='bbox 1692 5256 1877 5328; x_wconf 61' lang='lat' dir='ltr'>&gt;nequit</span> <span class='ocrx_word' id='word_1_997' title='bbox 1901 5256 2002 5309; x_wconf 84' lang='lat' dir='ltr'>nisi</span> <span class='ocrx_word' id='word_1_998' title='bbox 2028 5273 2151 5309; x_wconf 90' lang='lat' dir='ltr'>cum</span> <span class='ocrx_word' id='word_1_999' title='bbox 2175 5257 2278 5310; x_wconf 89' lang='lat' dir='ltr'>Po-</span> 
     </span>
    </p>
   </div>
   <div class='ocr_carea' id='block_1_13' title="bbox 2366 5246 3927 5324">
    <p class='ocr_par' dir='ltr' id='par_1_13' title="bbox 2366 5246 3927 5324">
     <span class='ocr_line' id='line_1_113' title="bbox 2366 5246 3927 5324; baseline 0.004 -29"><span class='ocrx_word' id='word_1_1000' title='bbox 2366 5284 2441 5295; x_wconf 86' lang='lat'>...</span> <span class='ocrx_word' id='word_1_1001' title='bbox 2491 5254 2579 5310; x_wconf 78' lang='lat'>23,</span> <span class='ocrx_word' id='word_1_1002' title='bbox 2636 5250 2819 5324; x_wconf 74' lang='grc' dir='ltr'>μέλλον</span> <span class='ocrx_word' id='word_1_1003' title='bbox 2865 5254 3008 5316; x_wconf 85' lang='lat' dir='ltr'>DK,</span> <span class='ocrx_word' id='word_1_1004' title='bbox 3066 5252 3237 5322; x_wconf 65' lang='grc' dir='ltr'>μεῖζον</span> <span class='ocrx_word' id='word_1_1005' title='bbox 3299 5268 3329 5303; x_wconf 83' lang='lat' dir='ltr'>e</span> <span class='ocrx_word' id='word_1_1006' title='bbox 3374 5260 3428 5304; x_wconf 91' lang='lat' dir='ltr'>et</span> <span class='ocrx_word' id='word_1_1007' title='bbox 3475 5247 3595 5303; x_wconf 90' lang='lat' dir='ltr'>cod.</span> <span class='ocrx_word' id='word_1_1008' title='bbox 3650 5246 3927 5313; x_wconf 78' lang='lat' dir='ltr'>Hudsoni3</span> 
     </span>
    </p>
   </div>
   <div class='ocr_carea' id='block_1_14' title="bbox 709 5324 3927 5407">
    <p class='ocr_par' dir='ltr' id='par_1_14' title="bbox 709 5324 3927 5407">
     <span class='ocr_line' id='line_1_114' title="bbox 709 5324 3927 5407; baseline 0.006 -28"><span class='ocrx_word' id='word_1_1009' title='bbox 709 5324 803 5381; x_wconf 89' lang='lat' dir='ltr'>lito</span> <span class='ocrx_word' id='word_1_1010' title='bbox 823 5328 873 5382; x_wconf 82' lang='lat' dir='ltr'>ei</span> <span class='ocrx_word' id='word_1_1011' title='bbox 901 5326 1198 5384; x_wconf 73' lang='lat' dir='ltr'>admoveris</span> <span class='ocrx_word' id='word_1_1012' title='bbox 1227 5347 1347 5402; x_wconf 78' lang='lat' dir='ltr'>quae</span> <span class='ocrx_word' id='word_1_1013' title='bbox 1384 5330 1454 5385; x_wconf 90' lang='lat' dir='ltr'>de</span> <span class='ocrx_word' id='word_1_1014' title='bbox 1476 5334 1693 5389; x_wconf 67' lang='lat' dir='ltr'>Latonae</span> <span class='ocrx_word' id='word_1_1015' title='bbox 1721 5336 2074 5407; x_wconf 80' lang='lat' dir='ltr'>Mercuriique</span> <span class='ocrx_word' id='word_1_1016' title='bbox 2108 5345 2274 5389; x_wconf 79' lang='lat' dir='ltr'>certa·</span> <span class='ocrx_word' id='word_1_1017' title='bbox 2314 5328 2327 5381; x_wconf 85' lang='lat' dir='ltr'>l</span> <span class='ocrx_word' id='word_1_1018' title='bbox 2371 5332 2445 5386; x_wconf 83' lang='grc' dir='ltr'>ἔτι</span> <span class='ocrx_word' id='word_1_1019' title='bbox 2490 5333 2685 5386; x_wconf 85' lang='lat' dir='ltr'>excidit</span> <span class='ocrx_word' id='word_1_1020' title='bbox 2730 5332 2786 5385; x_wconf 89' lang='lat' dir='ltr'>in</span> <span class='ocrx_word' id='word_1_1021' title='bbox 2822 5329 2909 5386; x_wconf 88' lang='lat' dir='ltr'>ed.</span> <span class='ocrx_word' id='word_1_1022' title='bbox 2960 5328 3251 5385; x_wconf 79' lang='lat' dir='ltr'>Bernhard.</span> <span class='ocrx_word' id='word_1_1023' title='bbox 3298 5331 3321 5401; x_wconf 80' lang='grc' dir='ltr'>ΙΙ</span> <span class='ocrx_word' id='word_1_1024' title='bbox 3345 5360 3416 5371; x_wconf 91' lang='grc'>-</span> <span class='ocrx_word' id='word_1_1025' title='bbox 3444 5328 3531 5385; x_wconf 79' lang='lat'>25·</span> <span class='ocrx_word' id='word_1_1026' title='bbox 3581 5325 3676 5396; x_wconf 65' lang='grc' dir='ltr'>ἤδη</span> <span class='ocrx_word' id='word_1_1027' title='bbox 3714 5344 3825 5381; x_wconf 75' lang='lat'><strong>⁰¹¹¹·</strong></span> <span class='ocrx_word' id='word_1_1028' title='bbox 3873 5333 3927 5382; x_wconf 71' lang='lat'>⁶·</span> 
     </span>
    </p>
   </div>
   <div class='ocr_carea' id='block_1_15' title="bbox 4470 273 4474 775">
    <p class='ocr_par' dir='ltr' id='par_1_15' title="bbox 4470 273 4474 775">
     <span class='ocr_line' id='line_1_115' title="bbox 4470 273 4474 775; baseline 0 0"><span class='ocrx_word' id='word_1_1029' title='bbox 4470 273 4474 775; x_wconf 95' lang='lat' dir='ltr'> </span> 
     </span>
    </p>
   </div>
   <div class='ocr_carea' id='block_1_16' title="bbox 4483 2187 4491 3423">
    <p class='ocr_par' dir='ltr' id='par_1_16' title="bbox 4483 2187 4491 3423">
     <span class='ocr_line' id='line_1_116' title="bbox 4483 2187 4491 3423; baseline 0 0"><span class='ocrx_word' id='word_1_1030' title='bbox 4483 2187 4491 3423; x_wconf 95' lang='lat' dir='ltr'> </span> 
     </span>
    </p>
   </div>
  </div>
 </body>
</html>
