<?xml version="1.0" encoding="UTF-8"?>
<!DOCTYPE html PUBLIC "-//W3C//DTD XHTML 1.0 Transitional//EN"
    "http://www.w3.org/TR/xhtml1/DTD/xhtml1-transitional.dtd">
<html xmlns="http://www.w3.org/1999/xhtml" xml:lang="en" lang="en">
 <head>
  <title>
</title>
<meta http-equiv="Content-Type" content="text/html;charset=utf-8" />
  <meta name='ocr-system' content='tesseract 3.04.00' />
  <meta name='ocr-capabilities' content='ocr_page ocr_carea ocr_par ocr_line ocrx_word'/>
</head>
<body>
  <div class='ocr_page' id='page_1' title='image "./geographigraeci05mlgoog_0090.png"; bbox 0 0 4584 6284; ppageno 0'>
   <div class='ocr_carea' id='block_1_1' title="bbox 649 552 723 608">
    <p class='ocr_par' dir='ltr' id='par_1_1' title="bbox 649 552 723 608">
     <span class='ocr_line' id='line_1_1' title="bbox 649 552 723 608; baseline 0.014 -1"><span class='ocrx_word' id='word_1_1' title='bbox 649 552 723 608; x_wconf 74' lang='lat' dir='ltr'><strong>is</strong></span> 
     </span>
    </p>
   </div>
   <div class='ocr_carea' id='block_1_2' title="bbox 610 675 2195 4665">
    <p class='ocr_par' dir='ltr' id='par_1_2' title="bbox 610 675 2195 4135">
     <span class='ocr_line' id='line_1_2' title="bbox 634 675 2192 753; baseline 0.003 -22"><span class='ocrx_word' id='word_1_2' title='bbox 634 675 791 733; x_wconf 83' lang='lat' dir='ltr'><strong>delati</strong></span> <span class='ocrx_word' id='word_1_3' title='bbox 828 694 859 732; x_wconf 85' lang='lat' dir='ltr'><strong>a</strong></span> <span class='ocrx_word' id='word_1_4' title='bbox 890 676 1007 731; x_wconf 89' lang='lat' dir='ltr'><strong>loco</strong></span> <span class='ocrx_word' id='word_1_5' title='bbox 1031 678 1175 730; x_wconf 82' lang='lat' dir='ltr'><strong>Bove</strong></span> <span class='ocrx_word' id='word_1_6' title='bbox 1212 687 1518 750; x_wconf 85' lang='lat' dir='ltr'><strong>nuncupato</strong></span> <span class='ocrx_word' id='word_1_7' title='bbox 1543 675 1612 733; x_wconf 86' lang='lat' dir='ltr'><strong>ad</strong></span> <span class='ocrx_word' id='word_1_8' title='bbox 1646 680 2068 750; x_wconf 83' lang='lat' dir='ltr'><strong>promontorium</strong></span> <span class='ocrx_word' id='word_1_9' title='bbox 2090 682 2192 753; x_wconf 78' lang='lat' dir='ltr'><strong>By·</strong></span> 
     </span>
     <span class='ocr_line' id='line_1_3' title="bbox 634 760 2195 835; baseline 0.001 -17"><span class='ocrx_word' id='word_1_10' title='bbox 634 764 901 818; x_wconf 75' lang='lat' dir='ltr'><strong>tantinum</strong></span> <span class='ocrx_word' id='word_1_11' title='bbox 916 802 933 829; x_wconf 90' lang='lat'><strong>,</strong></span> <span class='ocrx_word' id='word_1_12' title='bbox 985 761 1079 817; x_wconf 87' lang='lat' dir='ltr'><strong>ubi</strong></span> <span class='ocrx_word' id='word_1_13' title='bbox 1124 760 1375 817; x_wconf 79' lang='lat' dir='ltr'><strong>videntur</strong></span> <span class='ocrx_word' id='word_1_14' title='bbox 1411 781 1561 835; x_wconf 67' lang='lat' dir='ltr'><strong>aque</strong></span> <span class='ocrx_word' id='word_1_15' title='bbox 1598 763 1826 819; x_wconf 68' lang='lat' dir='ltr'><strong>turbidae</strong></span> <span class='ocrx_word' id='word_1_16' title='bbox 1862 765 2195 821; x_wconf 75' lang='lat' dir='ltr'>ascendentes</span> 
     </span>
     <span class='ocr_line' id='line_1_4' title="bbox 632 848 2193 923; baseline 0.003 -20"><span class='ocrx_word' id='word_1_17' title='bbox 632 848 859 923; x_wconf 81' lang='lat' dir='ltr'><strong>amplius</strong></span> <span class='ocrx_word' id='word_1_18' title='bbox 902 849 1073 905; x_wconf 85' lang='lat' dir='ltr'><strong>stadia</strong></span> <span class='ocrx_word' id='word_1_19' title='bbox 1098 849 1433 922; x_wconf 86' lang='lat' dir='ltr'><strong>quindecim,</strong></span> <span class='ocrx_word' id='word_1_20' title='bbox 1477 849 1657 905; x_wconf 81' lang='lat' dir='ltr'><strong>divisae</strong></span> <span class='ocrx_word' id='word_1_21' title='bbox 1694 870 1725 905; x_wconf 84' lang='lat' dir='ltr'><strong>a</strong></span> <span class='ocrx_word' id='word_1_22' title='bbox 1750 850 1975 907; x_wconf 89' lang='lat' dir='ltr'><strong>decursu</strong></span> <span class='ocrx_word' id='word_1_23' title='bbox 2022 853 2193 907; x_wconf 80' lang='lat' dir='ltr'><strong>fluxus</strong></span> 
     </span>
     <span class='ocr_line' id='line_1_5' title="bbox 632 937 2193 1011; baseline 0.003 -20"><span class='ocrx_word' id='word_1_24' title='bbox 632 938 757 992; x_wconf 85' lang='lat' dir='ltr'><strong>clari</strong></span> <span class='ocrx_word' id='word_1_25' title='bbox 784 948 838 993; x_wconf 90' lang='lat' dir='ltr'><strong>et</strong></span> <span class='ocrx_word' id='word_1_26' title='bbox 858 937 1057 993; x_wconf 86' lang='lat' dir='ltr'><strong>cerulei</strong></span> <span class='ocrx_word' id='word_1_27' title='bbox 1087 938 1427 993; x_wconf 70' lang='lat' dir='ltr'>descendenti</span> <span class='ocrx_word' id='word_1_28' title='bbox 1456 956 1486 993; x_wconf 87' lang='lat' dir='ltr'><strong>a</strong></span> <span class='ocrx_word' id='word_1_29' title='bbox 1507 941 1869 1011; x_wconf 87' lang='lat' dir='ltr'><strong>promontorio</strong></span> <span class='ocrx_word' id='word_1_30' title='bbox 1890 940 2092 1006; x_wconf 68' lang='lat' dir='ltr'><strong>Hestiis,</strong></span> <span class='ocrx_word' id='word_1_31' title='bbox 2125 940 2193 995; x_wconf 81' lang='lat' dir='ltr'><strong>ad</strong></span> 
     </span>
     <span class='ocr_line' id='line_1_6' title="bbox 630 1023 2193 1101; baseline 0.003 -22"><span class='ocrx_word' id='word_1_32' title='bbox 630 1023 778 1098; x_wconf 92' lang='lat' dir='ltr'><strong>quod</strong></span> <span class='ocrx_word' id='word_1_33' title='bbox 817 1024 1071 1079; x_wconf 86' lang='lat' dir='ltr'><strong>decursus</strong></span> <span class='ocrx_word' id='word_1_34' title='bbox 1113 1024 1328 1098; x_wconf 86' lang='lat' dir='ltr'><strong>rapidus</strong></span> <span class='ocrx_word' id='word_1_35' title='bbox 1368 1026 1584 1098; x_wconf 88' lang='lat' dir='ltr'><strong>quidem</strong></span> <span class='ocrx_word' id='word_1_36' title='bbox 1624 1026 1873 1095; x_wconf 78' lang='lat' dir='ltr'><strong>defertur,</strong></span> <span class='ocrx_word' id='word_1_37' title='bbox 1914 1028 2007 1083; x_wconf 89' lang='lat' dir='ltr'><strong>sed</strong></span> <span class='ocrx_word' id='word_1_38' title='bbox 2036 1028 2193 1101; x_wconf 85' lang='lat' dir='ltr'><strong>paulo</strong></span> 
     </span>
     <span class='ocr_line' id='line_1_7' title="bbox 610 1110 2192 1186; baseline 0.002 -19"><span class='ocrx_word' id='word_1_39' title='bbox 610 1110 776 1167; x_wconf 69' lang='lat' dir='ltr'><strong>ainfra</strong></span> <span class='ocrx_word' id='word_1_40' title='bbox 818 1111 1001 1167; x_wconf 87' lang='lat' dir='ltr'><strong>multis</strong></span> <span class='ocrx_word' id='word_1_41' title='bbox 1040 1111 1331 1167; x_wconf 77' lang='lat' dir='ltr'><strong>vorticibus</strong></span> <span class='ocrx_word' id='word_1_42' title='bbox 1371 1111 1737 1167; x_wconf 82' lang='lat' dir='ltr'><strong>circumfertur</strong></span> <span class='ocrx_word' id='word_1_43' title='bbox 1778 1113 1849 1169; x_wconf 88' lang='lat' dir='ltr'><strong>ob</strong></span> <span class='ocrx_word' id='word_1_44' title='bbox 1891 1112 2192 1186; x_wconf 76' lang='lat' dir='ltr'><strong>rejectiones</strong></span> 
     </span>
     <span class='ocr_line' id='line_1_8' title="bbox 632 1199 2193 1274; baseline 0.002 -19"><span class='ocrx_word' id='word_1_45' title='bbox 632 1199 859 1255; x_wconf 84' lang='lat' dir='ltr'><strong>aliorum</strong></span> <span class='ocrx_word' id='word_1_46' title='bbox 885 1200 1393 1271; x_wconf 87' lang='lat' dir='ltr'><strong>promontoriorum.</strong></span> <span class='ocrx_word' id='word_1_47' title='bbox 1431 1199 1621 1255; x_wconf 82' lang='lat' dir='ltr'>Itidem</span> <span class='ocrx_word' id='word_1_48' title='bbox 1656 1201 1827 1255; x_wconf 79' lang='lat' dir='ltr'><strong>fluxus</strong></span> <span class='ocrx_word' id='word_1_49' title='bbox 1853 1200 1921 1255; x_wconf 81' lang='lat' dir='ltr'><strong>ad</strong></span> <span class='ocrx_word' id='word_1_50' title='bbox 1945 1219 2193 1274; x_wconf 86' lang='lat' dir='ltr'><strong>promon-</strong></span> 
     </span>
     <span class='ocr_line' id='line_1_9' title="bbox 637 1282 2191 1358; baseline 0.003 -18"><span class='ocrx_word' id='word_1_51' title='bbox 637 1286 840 1340; x_wconf 90' lang='lat' dir='ltr'><strong>torium</strong></span> <span class='ocrx_word' id='word_1_52' title='bbox 880 1285 1050 1352; x_wconf 81' lang='lat' dir='ltr'><strong>Asiae,</strong></span> <span class='ocrx_word' id='word_1_53' title='bbox 1096 1282 1243 1358; x_wconf 89' lang='lat' dir='ltr'><strong>quod</strong></span> <span class='ocrx_word' id='word_1_54' title='bbox 1277 1285 1432 1357; x_wconf 82' lang='lat' dir='ltr'><strong>vulgo</strong></span> <span class='ocrx_word' id='word_1_55' title='bbox 1467 1296 1656 1341; x_wconf 74' lang='lat' dir='ltr'><strong>vocant</strong></span> <span class='ocrx_word' id='word_1_56' title='bbox 1683 1287 2019 1343; x_wconf 64' lang='lat' dir='ltr'><strong>Molem-inum</strong></span> <span class='ocrx_word' id='word_1_57' title='bbox 2036 1328 2054 1356; x_wconf 98' lang='lat'><strong>,</strong></span> <span class='ocrx_word' id='word_1_58' title='bbox 2096 1290 2191 1344; x_wconf 87' lang='lat' dir='ltr'><strong>etsi</strong></span> 
     </span>
     <span class='ocr_line' id='line_1_10' title="bbox 636 1371 2191 1447; baseline 0.003 -19"><span class='ocrx_word' id='word_1_59' title='bbox 636 1371 853 1428; x_wconf 83' lang='lat' dir='ltr'><strong>assiduo</strong></span> <span class='ocrx_word' id='word_1_60' title='bbox 890 1383 944 1428; x_wconf 89' lang='lat' dir='ltr'><strong>et</strong></span> <span class='ocrx_word' id='word_1_61' title='bbox 983 1372 1171 1447; x_wconf 89' lang='lat' dir='ltr'><strong>rapido</strong></span> <span class='ocrx_word' id='word_1_62' title='bbox 1209 1392 1367 1429; x_wconf 84' lang='lat' dir='ltr'><strong>cursu</strong></span> <span class='ocrx_word' id='word_1_63' title='bbox 1404 1372 1664 1446; x_wconf 87' lang='lat' dir='ltr'><strong>dejicitur,</strong></span> <span class='ocrx_word' id='word_1_64' title='bbox 1707 1386 1766 1430; x_wconf 90' lang='lat' dir='ltr'><strong>ut</strong></span> <span class='ocrx_word' id='word_1_65' title='bbox 1802 1374 1913 1447; x_wconf 82' lang='lat' dir='ltr'><strong>ejus</strong></span> <span class='ocrx_word' id='word_1_66' title='bbox 1948 1394 2191 1433; x_wconf 89' lang='lat' dir='ltr'><strong>murmur</strong></span> 
     </span>
     <span class='ocr_line' id='line_1_11' title="bbox 638 1460 2190 1536; baseline 0.004 -21"><span class='ocrx_word' id='word_1_67' title='bbox 638 1462 1040 1515; x_wconf 73' lang='lat' dir='ltr'><strong>circumsonans</strong></span> <span class='ocrx_word' id='word_1_68' title='bbox 1073 1460 1336 1529; x_wconf 77' lang='lat' dir='ltr'><strong>audiatur,</strong></span> <span class='ocrx_word' id='word_1_69' title='bbox 1378 1473 1553 1518; x_wconf 84' lang='lat' dir='ltr'><strong>tamen</strong></span> <span class='ocrx_word' id='word_1_70' title='bbox 1600 1463 1757 1536; x_wconf 89' lang='lat' dir='ltr'><strong>paulo</strong></span> <span class='ocrx_word' id='word_1_71' title='bbox 1795 1464 1931 1519; x_wconf 76' lang='lat' dir='ltr'><strong>infra</strong></span> <span class='ocrx_word' id='word_1_72' title='bbox 1962 1467 2103 1521; x_wconf 81' lang='lat' dir='ltr'><strong>varie</strong></span> <span class='ocrx_word' id='word_1_73' title='bbox 2138 1476 2190 1521; x_wconf 88' lang='lat' dir='ltr'><strong>et</strong></span> 
     </span>
     <span class='ocr_line' id='line_1_12' title="bbox 640 1548 2185 1623; baseline 0.003 -20"><span class='ocrx_word' id='word_1_74' title='bbox 640 1548 1003 1623; x_wconf 86' lang='lat' dir='ltr'><strong>multipliciter</strong></span> <span class='ocrx_word' id='word_1_75' title='bbox 1030 1549 1314 1605; x_wconf 76' lang='lat' dir='ltr'><strong>revolvitur</strong></span> <span class='ocrx_word' id='word_1_76' title='bbox 1352 1550 1424 1605; x_wconf 88' lang='lat' dir='ltr'><strong>ob</strong></span> <span class='ocrx_word' id='word_1_77' title='bbox 1451 1550 1770 1623; x_wconf 67' lang='lat' dir='ltr'><strong>repulsiones</strong></span> <span class='ocrx_word' id='word_1_78' title='bbox 1804 1554 2185 1608; x_wconf 84' lang='lat' dir='ltr'><strong>contrariorum</strong></span> 
     </span>
     <span class='ocr_line' id='line_1_13' title="bbox 634 1634 2186 1710; baseline 0.003 -20"><span class='ocrx_word' id='word_1_79' title='bbox 634 1636 917 1692; x_wconf 79' lang='lat' dir='ltr'><strong>fluctuum.</strong></span> <span class='ocrx_word' id='word_1_80' title='bbox 937 1638 1121 1709; x_wconf 86' lang='lat' dir='ltr'><strong>Itaque</strong></span> <span class='ocrx_word' id='word_1_81' title='bbox 1141 1634 1335 1710; x_wconf 85' lang='lat' dir='ltr'><strong>duplici</strong></span> <span class='ocrx_word' id='word_1_82' title='bbox 1348 1654 1504 1691; x_wconf 87' lang='lat' dir='ltr'><strong>cursu</strong></span> <span class='ocrx_word' id='word_1_83' title='bbox 1525 1635 1687 1691; x_wconf 81' lang='lat' dir='ltr'><strong>ferme</strong></span> <span class='ocrx_word' id='word_1_84' title='bbox 1711 1638 1956 1710; x_wconf 88' lang='lat' dir='ltr'><strong>usquead</strong></span> <span class='ocrx_word' id='word_1_85' title='bbox 1985 1641 2186 1695; x_wconf 81' lang='lat' dir='ltr'><strong>Fanum</strong></span> 
     </span>
     <span class='ocr_line' id='line_1_14' title="bbox 633 1723 2183 1797; baseline 0.001 -17"><span class='ocrx_word' id='word_1_86' title='bbox 633 1728 666 1781; x_wconf 85' lang='lat' dir='ltr'><strong>J</strong></span> <span class='ocrx_word' id='word_1_87' title='bbox 668 1726 783 1779; x_wconf 81' lang='lat' dir='ltr'><strong>ovis</strong></span> <span class='ocrx_word' id='word_1_88' title='bbox 804 1724 980 1779; x_wconf 87' lang='lat' dir='ltr'><strong>fluxus</strong></span> <span class='ocrx_word' id='word_1_89' title='bbox 1000 1726 1223 1797; x_wconf 75' lang='lat' dir='ltr'><strong>Bospori</strong></span> <span class='ocrx_word' id='word_1_90' title='bbox 1262 1736 1519 1790; x_wconf 70' lang='lat' dir='ltr'><strong>movetur,</strong></span> <span class='ocrx_word' id='word_1_91' title='bbox 1548 1742 1659 1779; x_wconf 88' lang='lat' dir='ltr'><strong>uno</strong></span> <span class='ocrx_word' id='word_1_92' title='bbox 1694 1723 1907 1796; x_wconf 86' lang='lat' dir='ltr'><strong>quidem</strong></span> <span class='ocrx_word' id='word_1_93' title='bbox 1938 1726 2183 1782; x_wconf 81' lang='lat' dir='ltr'><strong>deorsum</strong></span> 
     </span>
     <span class='ocr_line' id='line_1_15' title="bbox 636 1809 2187 1885; baseline 0.003 -22"><span class='ocrx_word' id='word_1_94' title='bbox 636 1827 821 1864; x_wconf 81' lang='lat' dir='ltr'><strong>versus</strong></span> <span class='ocrx_word' id='word_1_95' title='bbox 843 1809 1094 1885; x_wconf 88' lang='lat' dir='ltr'><strong>depulsus</strong></span> <span class='ocrx_word' id='word_1_96' title='bbox 1118 1828 1151 1865; x_wconf 91' lang='lat' dir='ltr'><strong>a</strong></span> <span class='ocrx_word' id='word_1_97' title='bbox 1188 1809 1423 1865; x_wconf 88' lang='lat' dir='ltr'><strong>locorum</strong></span> <span class='ocrx_word' id='word_1_98' title='bbox 1447 1812 1697 1881; x_wconf 80' lang='lat' dir='ltr'><strong>angustiis</strong></span> <span class='ocrx_word' id='word_1_99' title='bbox 1736 1822 1789 1865; x_wconf 91' lang='lat' dir='ltr'><strong>et</strong></span> <span class='ocrx_word' id='word_1_100' title='bbox 1821 1811 2187 1883; x_wconf 74' lang='lat' dir='ltr'><strong>rejectionibus</strong></span> 
     </span>
     <span class='ocr_line' id='line_1_16' title="bbox 639 1884 2189 1970; baseline 0.003 -21"><span class='ocrx_word' id='word_1_101' title='bbox 639 1884 1131 1970; x_wconf 76' lang='lat' dir='ltr'><strong>promontoriorum</strong></span> <span class='ocrx_word' id='word_1_102' title='bbox 1146 1936 1163 1964; x_wconf 89' lang='lat'><strong>,</strong></span> <span class='ocrx_word' id='word_1_103' title='bbox 1200 1897 1361 1951; x_wconf 88' lang='lat' dir='ltr'><strong>altero</strong></span> <span class='ocrx_word' id='word_1_104' title='bbox 1398 1914 1605 1950; x_wconf 84' lang='lat' dir='ltr'><strong>sursum</strong></span> <span class='ocrx_word' id='word_1_105' title='bbox 1637 1894 1827 1969; x_wconf 82' lang='lat' dir='ltr'><strong>rejecto</strong></span> <span class='ocrx_word' id='word_1_106' title='bbox 1872 1916 1903 1953; x_wconf 89' lang='lat' dir='ltr'><strong>a</strong></span> <span class='ocrx_word' id='word_1_107' title='bbox 1944 1899 2189 1954; x_wconf 80' lang='lat' dir='ltr'><strong>violentia</strong></span> 
     </span>
     <span class='ocr_line' id='line_1_17' title="bbox 632 1984 2182 2051; baseline 0.001 -10"><span class='ocrx_word' id='word_1_108' title='bbox 632 1988 811 2044; x_wconf 84' lang='lat' dir='ltr'><strong>fluxus</strong></span> <span class='ocrx_word' id='word_1_109' title='bbox 844 1984 1234 2051; x_wconf 64' lang='lat' dir='ltr'><strong>descendentis,</strong></span> <span class='ocrx_word' id='word_1_110' title='bbox 1276 1994 1331 2040; x_wconf 89' lang='lat' dir='ltr'><strong>et</strong></span> <span class='ocrx_word' id='word_1_111' title='bbox 1371 1985 1597 2041; x_wconf 85' lang='lat' dir='ltr'><strong>coercito</strong></span> <span class='ocrx_word' id='word_1_112' title='bbox 1634 1985 1831 2041; x_wconf 84' lang='lat' dir='ltr'><strong>sinibus</strong></span> <span class='ocrx_word' id='word_1_113' title='bbox 1856 1996 1910 2041; x_wconf 84' lang='lat' dir='ltr'><strong>et</strong></span> <span class='ocrx_word' id='word_1_114' title='bbox 1944 1987 2182 2043; x_wconf 83' lang='lat' dir='ltr'><strong>flexibus.</strong></span> 
     </span>
     <span class='ocr_line' id='line_1_18' title="bbox 631 2069 2181 2145; baseline 0 -17"><span class='ocrx_word' id='word_1_115' title='bbox 631 2076 699 2128; x_wconf 88' lang='lat' dir='ltr'><strong>In</strong></span> <span class='ocrx_word' id='word_1_116' title='bbox 723 2090 931 2128; x_wconf 88' lang='lat' dir='ltr'><strong>summa</strong></span> <span class='ocrx_word' id='word_1_117' title='bbox 946 2110 963 2136; x_wconf 90' lang='lat'><strong>,</strong></span> <span class='ocrx_word' id='word_1_118' title='bbox 1000 2089 1133 2144; x_wconf 88' lang='lat' dir='ltr'><strong>quos</strong></span> <span class='ocrx_word' id='word_1_119' title='bbox 1166 2069 1277 2126; x_wconf 77' lang='lat' dir='ltr'><strong>dixi</strong></span> <span class='ocrx_word' id='word_1_120' title='bbox 1316 2072 1795 2145; x_wconf 81' lang='lat' dir='ltr'><strong>promontoriorum</strong></span> <span class='ocrx_word' id='word_1_121' title='bbox 1839 2083 1893 2127; x_wconf 90' lang='lat' dir='ltr'><strong>et</strong></span> <span class='ocrx_word' id='word_1_122' title='bbox 1926 2072 2181 2128; x_wconf 81' lang='lat' dir='ltr'><strong>fluctuum</strong></span> 
     </span>
     <span class='ocr_line' id='line_1_19' title="bbox 632 2161 2181 2233; baseline -0.001 -15"><span class='ocrx_word' id='word_1_123' title='bbox 632 2162 899 2218; x_wconf 83' lang='lat' dir='ltr'><strong>anfractus</strong></span> <span class='ocrx_word' id='word_1_124' title='bbox 920 2161 1108 2233; x_wconf 84' lang='lat' dir='ltr'><strong>septies</strong></span> <span class='ocrx_word' id='word_1_125' title='bbox 1129 2177 1340 2215; x_wconf 88' lang='lat' dir='ltr'><strong>cursum</strong></span> <span class='ocrx_word' id='word_1_126' title='bbox 1370 2176 1705 2214; x_wconf 87' lang='lat' dir='ltr'><strong>communem</strong></span> <span class='ocrx_word' id='word_1_127' title='bbox 1729 2162 1951 2233; x_wconf 78' lang='lat' dir='ltr'><strong>Bospori</strong></span> <span class='ocrx_word' id='word_1_128' title='bbox 1972 2162 2181 2230; x_wconf 84' lang='lat' dir='ltr'><strong>sistunt,</strong></span> 
     </span>
     <span class='ocr_line' id='line_1_20' title="bbox 630 2247 2180 2321; baseline -0.001 -16"><span class='ocrx_word' id='word_1_129' title='bbox 630 2261 686 2305; x_wconf 88' lang='lat' dir='ltr'><strong>et</strong></span> <span class='ocrx_word' id='word_1_130' title='bbox 730 2247 985 2305; x_wconf 78' lang='lat' dir='ltr'><strong>violenter</strong></span> <span class='ocrx_word' id='word_1_131' title='bbox 1021 2258 1288 2312; x_wconf 88' lang='lat' dir='ltr'><strong>coercent,</strong></span> <span class='ocrx_word' id='word_1_132' title='bbox 1332 2257 1393 2300; x_wconf 89' lang='lat' dir='ltr'><strong>ut</strong></span> <span class='ocrx_word' id='word_1_133' title='bbox 1448 2257 1637 2318; x_wconf 78' lang='lat' dir='ltr'><strong>cogant</strong></span> <span class='ocrx_word' id='word_1_134' title='bbox 1682 2247 1853 2321; x_wconf 87' lang='lat' dir='ltr'><strong>ipsum</strong></span> <span class='ocrx_word' id='word_1_135' title='bbox 1889 2259 2180 2304; x_wconf 81' lang='lat' dir='ltr'><strong>retrorsum</strong></span> 
     </span>
     <span class='ocr_line' id='line_1_21' title="bbox 631 2334 2183 2411; baseline 0 -17"><span class='ocrx_word' id='word_1_136' title='bbox 631 2355 865 2394; x_wconf 70' lang='lat' dir='ltr'><strong>currem.</strong></span> <span class='ocrx_word' id='word_1_137' title='bbox 914 2338 1178 2392; x_wconf 84' lang='lat' dir='ltr'><strong>Nimirum</strong></span> <span class='ocrx_word' id='word_1_138' title='bbox 1222 2336 1425 2411; x_wconf 88' lang='lat' dir='ltr'><strong>primus</strong></span> <span class='ocrx_word' id='word_1_139' title='bbox 1467 2334 1715 2391; x_wconf 81' lang='lat' dir='ltr'><strong>decursus</strong></span> <span class='ocrx_word' id='word_1_140' title='bbox 1758 2348 1939 2393; x_wconf 87' lang='lat' dir='ltr'><strong>eontra</strong></span> <span class='ocrx_word' id='word_1_141' title='bbox 1982 2348 2183 2411; x_wconf 87' lang='lat' dir='ltr'><strong>petram</strong></span> 
     </span>
     <span class='ocr_line' id='line_1_22' title="bbox 634 2422 2181 2498; baseline 0 -17"><span class='ocrx_word' id='word_1_142' title='bbox 634 2426 865 2481; x_wconf 81' lang='lat' dir='ltr'><strong>Dicaeam</strong></span> <span class='ocrx_word' id='word_1_143' title='bbox 908 2424 1033 2479; x_wconf 88' lang='lat' dir='ltr'><strong>olim</strong></span> <span class='ocrx_word' id='word_1_144' title='bbox 1073 2434 1428 2498; x_wconf 70' lang='lat' dir='ltr'><strong>nuncupatam</strong></span> <span class='ocrx_word' id='word_1_145' title='bbox 1466 2422 1669 2478; x_wconf 80' lang='lat' dir='ltr'><strong>delatus</strong></span> <span class='ocrx_word' id='word_1_146' title='bbox 1706 2424 1938 2480; x_wconf 87' lang='lat' dir='ltr'><strong>retundit</strong></span> <span class='ocrx_word' id='word_1_147' title='bbox 1981 2427 2181 2481; x_wconf 72' lang='lat' dir='ltr'><strong>fluxum</strong></span> 
     </span>
     <span class='ocr_line' id='line_1_23' title="bbox 628 2508 2182 2587; baseline -0.001 -17"><span class='ocrx_word' id='word_1_148' title='bbox 628 2514 860 2587; x_wconf 75' lang='lat' dir='ltr'><strong>Bospori</strong></span> <span class='ocrx_word' id='word_1_149' title='bbox 887 2530 1221 2567; x_wconf 88' lang='lat' dir='ltr'><strong>communem</strong></span> <span class='ocrx_word' id='word_1_150' title='bbox 1247 2512 1303 2566; x_wconf 90' lang='lat' dir='ltr'><strong>in</strong></span> <span class='ocrx_word' id='word_1_151' title='bbox 1336 2508 1696 2584; x_wconf 82' lang='lat' dir='ltr'><strong>Bathycolpon</strong></span> <span class='ocrx_word' id='word_1_152' title='bbox 1718 2512 1889 2567; x_wconf 88' lang='lat' dir='ltr'><strong>sinum</strong></span> <span class='ocrx_word' id='word_1_153' title='bbox 1912 2512 1983 2569; x_wconf 90' lang='lat' dir='ltr'><strong>ita</strong></span> <span class='ocrx_word' id='word_1_154' title='bbox 2008 2516 2182 2569; x_wconf 90' lang='lat' dir='ltr'><strong>nomi·</strong></span> 
     </span>
     <span class='ocr_line' id='line_1_24' title="bbox 627 2596 2181 2672; baseline -0.001 -17"><span class='ocrx_word' id='word_1_155' title='bbox 627 2608 811 2655; x_wconf 88' lang='lat' dir='ltr'><strong>natum</strong></span> <span class='ocrx_word' id='word_1_156' title='bbox 834 2616 1001 2671; x_wconf 81' lang='lat' dir='ltr'><strong>usque</strong></span> <span class='ocrx_word' id='word_1_157' title='bbox 1034 2596 1102 2653; x_wconf 86' lang='lat' dir='ltr'><strong>ad</strong></span> <span class='ocrx_word' id='word_1_158' title='bbox 1138 2597 1453 2653; x_wconf 88' lang='lat' dir='ltr'><strong>Scletrinum</strong></span> <span class='ocrx_word' id='word_1_159' title='bbox 1475 2597 1674 2652; x_wconf 89' lang='lat' dir='ltr'><strong>sinum.</strong></span> <span class='ocrx_word' id='word_1_160' title='bbox 1702 2596 1971 2653; x_wconf 80' lang='lat' dir='ltr'><strong>Secundus</strong></span> <span class='ocrx_word' id='word_1_161' title='bbox 1991 2616 2024 2654; x_wconf 89' lang='lat' dir='ltr'><strong>a</strong></span> <span class='ocrx_word' id='word_1_162' title='bbox 2055 2617 2181 2672; x_wconf 90' lang='lat' dir='ltr'><strong>pro-</strong></span> 
     </span>
     <span class='ocr_line' id='line_1_25' title="bbox 626 2676 2179 2758; baseline 0.001 -19"><span class='ocrx_word' id='word_1_163' title='bbox 626 2676 905 2739; x_wconf 81' lang='lat' dir='ltr'><strong>mon‘toriis</strong></span> <span class='ocrx_word' id='word_1_164' title='bbox 939 2684 1077 2740; x_wconf 79' lang='lat' dir='ltr'><strong>Asiae</strong></span> <span class='ocrx_word' id='word_1_165' title='bbox 1090 2724 1106 2752; x_wconf 93' lang='lat'><strong>,</strong></span> <span class='ocrx_word' id='word_1_166' title='bbox 1158 2700 1384 2757; x_wconf 86' lang='lat' dir='ltr'><strong>quorum</strong></span> <span class='ocrx_word' id='word_1_167' title='bbox 1424 2699 1594 2737; x_wconf 90' lang='lat' dir='ltr'><strong>unum</strong></span> <span class='ocrx_word' id='word_1_168' title='bbox 1633 2681 1852 2756; x_wconf 83' lang='lat' dir='ltr'><strong>appellat</strong></span> <span class='ocrx_word' id='word_1_169' title='bbox 1895 2685 2179 2758; x_wconf 78' lang='lat' dir='ltr'><strong>Dionysius</strong></span> 
     </span>
     <span class='ocr_line' id='line_1_26' title="bbox 626 2762 2179 2845; baseline 0.003 -20"><span class='ocrx_word' id='word_1_170' title='bbox 626 2764 949 2843; x_wconf 75' lang='grc' dir='ltr'>Ὀξόρρουν,</span> <span class='ocrx_word' id='word_1_171' title='bbox 1005 2770 1225 2825; x_wconf 83' lang='lat' dir='ltr'><strong>alterum</strong></span> <span class='ocrx_word' id='word_1_172' title='bbox 1267 2762 1589 2844; x_wconf 77' lang='grc' dir='ltr'><strong>Περίρρουν,</strong></span> <span class='ocrx_word' id='word_1_173' title='bbox 1626 2770 1863 2845; x_wconf 85' lang='lat' dir='ltr'><strong>repulsus</strong></span> <span class='ocrx_word' id='word_1_174' title='bbox 1898 2769 2179 2829; x_wconf 86' lang='lat' dir='ltr'><strong>decursum</strong></span> 
     </span>
     <span class='ocr_line' id='line_1_27' title="bbox 621 2850 2180 2928; baseline 0.001 -18"><span class='ocrx_word' id='word_1_175' title='bbox 621 2856 824 2928; x_wconf 85' lang='lat' dir='ltr'><strong>repellit</strong></span> <span class='ocrx_word' id='word_1_176' title='bbox 840 2871 1180 2910; x_wconf 85' lang='lat' dir='ltr'><strong>communem</strong></span> <span class='ocrx_word' id='word_1_177' title='bbox 1206 2854 1261 2908; x_wconf 92' lang='lat' dir='ltr'><strong>in</strong></span> <span class='ocrx_word' id='word_1_178' title='bbox 1284 2855 1458 2909; x_wconf 84' lang='lat' dir='ltr'><strong>sinum</strong></span> <span class='ocrx_word' id='word_1_179' title='bbox 1487 2852 1809 2909; x_wconf 64' lang='lat' dir='ltr'><strong>&amp;leonicum</strong></span> <span class='ocrx_word' id='word_1_180' title='bbox 1826 2850 2030 2911; x_wconf 89' lang='lat' dir='ltr'><strong>dictum</strong></span> <span class='ocrx_word' id='word_1_181' title='bbox 2051 2896 2067 2924; x_wconf 91' lang='lat'><strong>,</strong></span> <span class='ocrx_word' id='word_1_182' title='bbox 2090 2874 2180 2912; x_wconf 89' lang='lat' dir='ltr'><strong>us·</strong></span> 
     </span>
     <span class='ocr_line' id='line_1_28' title="bbox 618 2941 2183 3017; baseline 0.002 -21"><span class='ocrx_word' id='word_1_183' title='bbox 618 2960 723 3015; x_wconf 89' lang='lat' dir='ltr'><strong>que</strong></span> <span class='ocrx_word' id='word_1_184' title='bbox 748 2942 815 2997; x_wconf 87' lang='lat' dir='ltr'><strong>ad</strong></span> <span class='ocrx_word' id='word_1_185' title='bbox 837 2942 1261 3017; x_wconf 84' lang='lat' dir='ltr'><strong>promontorium</strong></span> <span class='ocrx_word' id='word_1_186' title='bbox 1294 2941 1572 2998; x_wconf 68' lang='lat' dir='ltr'><strong>Tur-eima</strong></span> <span class='ocrx_word' id='word_1_187' title='bbox 1598 2941 1947 2999; x_wconf 86' lang='lat' dir='ltr'><strong>nominatum.</strong></span> <span class='ocrx_word' id='word_1_188' title='bbox 1970 2944 2183 2999; x_wconf 87' lang='lat' dir='ltr'><strong>Tertius</strong></span> 
     </span>
     <span class='ocr_line' id='line_1_29' title="bbox 618 3026 2186 3103; baseline 0.001 -20"><span class='ocrx_word' id='word_1_189' title='bbox 618 3029 1028 3103; x_wconf 79' lang='lat' dir='ltr'><strong>apremontorio</strong></span> <span class='ocrx_word' id='word_1_190' title='bbox 1048 3028 1291 3084; x_wconf 80' lang='lat' dir='ltr'><strong>Hermaeo</strong></span> <span class='ocrx_word' id='word_1_191' title='bbox 1304 3026 1523 3100; x_wconf 83' lang='lat' dir='ltr'><strong>rejectus</strong></span> <span class='ocrx_word' id='word_1_192' title='bbox 1544 3027 1716 3100; x_wconf 86' lang='lat' dir='ltr'><strong>rejicit</strong></span> <span class='ocrx_word' id='word_1_193' title='bbox 1733 3028 1789 3083; x_wconf 92' lang='lat' dir='ltr'><strong>in</strong></span> <span class='ocrx_word' id='word_1_194' title='bbox 1810 3028 2186 3085; x_wconf 83' lang='lat' dir='ltr'><strong>sinumPhida·</strong></span> 
     </span>
     <span class='ocr_line' id='line_1_30' title="bbox 617 3114 2185 3190; baseline 0.001 -18"><span class='ocrx_word' id='word_1_195' title='bbox 617 3117 700 3172; x_wconf 67' lang='lat' dir='ltr'><strong>11ae</strong></span> <span class='ocrx_word' id='word_1_196' title='bbox 746 3134 914 3190; x_wconf 87' lang='lat' dir='ltr'><strong>usque</strong></span> <span class='ocrx_word' id='word_1_197' title='bbox 956 3114 1027 3172; x_wconf 87' lang='lat' dir='ltr'><strong>ad</strong></span> <span class='ocrx_word' id='word_1_198' title='bbox 1067 3114 1406 3173; x_wconf 76' lang='lat' dir='ltr'><strong>Comarodes.</strong></span> <span class='ocrx_word' id='word_1_199' title='bbox 1459 3118 1696 3185; x_wconf 77' lang='lat' dir='ltr'><strong>Quartus</strong></span> <span class='ocrx_word' id='word_1_200' title='bbox 1734 3135 1767 3172; x_wconf 88' lang='lat' dir='ltr'><strong>a</strong></span> <span class='ocrx_word' id='word_1_201' title='bbox 1818 3119 2185 3189; x_wconf 88' lang='lat' dir='ltr'><strong>promontorio</strong></span> 
     </span>
     <span class='ocr_line' id='line_1_31' title="bbox 622 3202 2189 3279; baseline 0 -18"><span class='ocrx_word' id='word_1_202' title='bbox 622 3204 991 3261; x_wconf 77' lang='lat' dir='ltr'><strong>Moletrinario</strong></span> <span class='ocrx_word' id='word_1_203' title='bbox 1007 3206 1065 3259; x_wconf 91' lang='lat' dir='ltr'><strong>in</strong></span> <span class='ocrx_word' id='word_1_204' title='bbox 1077 3206 1253 3259; x_wconf 88' lang='lat' dir='ltr'><strong>sinum</strong></span> <span class='ocrx_word' id='word_1_205' title='bbox 1261 3204 1447 3276; x_wconf 82' lang='lat' dir='ltr'><strong>Anapli</strong></span> <span class='ocrx_word' id='word_1_206' title='bbox 1459 3202 1793 3276; x_wconf 85' lang='lat' dir='ltr'><strong>appellatum,</strong></span> <span class='ocrx_word' id='word_1_207' title='bbox 1810 3222 1974 3276; x_wconf 87' lang='lat' dir='ltr'><strong>usque</strong></span> <span class='ocrx_word' id='word_1_208' title='bbox 1985 3204 2053 3260; x_wconf 90' lang='lat' dir='ltr'><strong>ad</strong></span> <span class='ocrx_word' id='word_1_209' title='bbox 2066 3224 2189 3279; x_wconf 87' lang='lat' dir='ltr'><strong>pro·</strong></span> 
     </span>
     <span class='ocr_line' id='line_1_32' title="bbox 625 3291 2189 3365; baseline 0.001 -20"><span class='ocrx_word' id='word_1_210' title='bbox 625 3292 953 3346; x_wconf 88' lang='lat' dir='ltr'><strong>montorium</strong></span> <span class='ocrx_word' id='word_1_211' title='bbox 977 3291 1313 3345; x_wconf 70' lang='lat' dir='ltr'><strong>Amandum.</strong></span> <span class='ocrx_word' id='word_1_212' title='bbox 1343 3291 1618 3359; x_wconf 87' lang='lat' dir='ltr'><strong>Quintusa</strong></span> <span class='ocrx_word' id='word_1_213' title='bbox 1634 3292 1998 3363; x_wconf 89' lang='lat' dir='ltr'><strong>promontorio</strong></span> <span class='ocrx_word' id='word_1_214' title='bbox 2018 3294 2189 3365; x_wconf 83' lang='lat' dir='ltr'><strong>appel·</strong></span> 
     </span>
     <span class='ocr_line' id='line_1_33' title="bbox 624 3368 2182 3451; baseline 0.003 -21"><span class='ocrx_word' id='word_1_215' title='bbox 624 3376 737 3431; x_wconf 82' lang='lat' dir='ltr'><strong>lato</strong></span> <span class='ocrx_word' id='word_1_216' title='bbox 749 3378 944 3431; x_wconf 82' lang='lat' dir='ltr'><strong>Hestiis</strong></span> <span class='ocrx_word' id='word_1_217' title='bbox 958 3377 1015 3431; x_wconf 89' lang='lat' dir='ltr'><strong>in</strong></span> <span class='ocrx_word' id='word_1_218' title='bbox 1025 3378 1203 3432; x_wconf 83' lang='lat' dir='ltr'><strong>sinum</strong></span> <span class='ocrx_word' id='word_1_219' title='bbox 1212 3372 1312 3427; x_wconf 80' lang='grc' dir='ltr'><strong>τῶν</strong></span> <span class='ocrx_word' id='word_1_220' title='bbox 1328 3368 1542 3441; x_wconf 80' lang='grc' dir='ltr'><strong>Χηλῶν,</strong></span> <span class='ocrx_word' id='word_1_221' title='bbox 1563 3374 1633 3430; x_wconf 92' lang='lat' dir='ltr'><strong>ad</strong></span> <span class='ocrx_word' id='word_1_222' title='bbox 1646 3380 1987 3432; x_wconf 80' lang='lat' dir='ltr'><strong>Neocastrum</strong></span> <span class='ocrx_word' id='word_1_223' title='bbox 1997 3396 2182 3451; x_wconf 87' lang='lat' dir='ltr'><strong>usque.</strong></span> 
     </span>
     <span class='ocr_line' id='line_1_34' title="bbox 626 3460 2181 3536; baseline 0.002 -19"><span class='ocrx_word' id='word_1_224' title='bbox 626 3462 813 3517; x_wconf 85' lang='lat' dir='ltr'><strong>Sextus</strong></span> <span class='ocrx_word' id='word_1_225' title='bbox 848 3472 901 3516; x_wconf 90' lang='lat' dir='ltr'><strong>et</strong></span> <span class='ocrx_word' id='word_1_226' title='bbox 926 3463 1178 3535; x_wconf 84' lang='lat' dir='ltr'><strong>septimus</strong></span> <span class='ocrx_word' id='word_1_227' title='bbox 1218 3462 1425 3516; x_wconf 78' lang='lat' dir='ltr'><strong>refracti</strong></span> <span class='ocrx_word' id='word_1_228' title='bbox 1460 3479 1491 3516; x_wconf 91' lang='lat' dir='ltr'><strong>a</strong></span> <span class='ocrx_word' id='word_1_229' title='bbox 1529 3460 1799 3516; x_wconf 83' lang='lat' dir='ltr'><strong>Damalico</strong></span> <span class='ocrx_word' id='word_1_230' title='bbox 1837 3473 1890 3517; x_wconf 91' lang='lat' dir='ltr'><strong>et</strong></span> <span class='ocrx_word' id='word_1_231' title='bbox 1923 3466 2181 3536; x_wconf 87' lang='lat' dir='ltr'><strong>Bosporio</strong></span> 
     </span>
     <span class='ocr_line' id='line_1_35' title="bbox 626 3544 2186 3620; baseline 0.003 -19"><span class='ocrx_word' id='word_1_232' title='bbox 626 3548 1011 3620; x_wconf 80' lang='lat' dir='ltr'><strong>promontoriis</strong></span> <span class='ocrx_word' id='word_1_233' title='bbox 1042 3546 1287 3619; x_wconf 86' lang='lat' dir='ltr'><strong>rejiciunt</strong></span> <span class='ocrx_word' id='word_1_234' title='bbox 1312 3544 1581 3601; x_wconf 82' lang='lat' dir='ltr'><strong>defluxum</strong></span> <span class='ocrx_word' id='word_1_235' title='bbox 1610 3544 1833 3602; x_wconf 85' lang='lat' dir='ltr'><strong>debilem</strong></span> <span class='ocrx_word' id='word_1_236' title='bbox 1866 3547 1934 3603; x_wconf 85' lang='lat' dir='ltr'><strong>ad</strong></span> <span class='ocrx_word' id='word_1_237' title='bbox 1962 3548 2075 3604; x_wconf 86' lang='lat' dir='ltr'><strong>loca</strong></span> <span class='ocrx_word' id='word_1_238' title='bbox 2098 3569 2186 3605; x_wconf 88' lang='lat' dir='ltr'><strong>su-</strong></span> 
     </span>
     <span class='ocr_line' id='line_1_36' title="bbox 627 3632 2185 3709; baseline 0.002 -20"><span class='ocrx_word' id='word_1_239' title='bbox 627 3635 857 3708; x_wconf 86' lang='lat' dir='ltr'><strong>periora,</strong></span> <span class='ocrx_word' id='word_1_240' title='bbox 882 3632 951 3689; x_wconf 87' lang='lat' dir='ltr'><strong>ad</strong></span> <span class='ocrx_word' id='word_1_241' title='bbox 966 3634 1389 3708; x_wconf 86' lang='lat' dir='ltr'><strong>promontorium</strong></span> <span class='ocrx_word' id='word_1_242' title='bbox 1400 3633 1604 3689; x_wconf 67' lang='lat' dir='ltr'><strong>Hostias</strong></span> <span class='ocrx_word' id='word_1_243' title='bbox 1618 3650 1815 3689; x_wconf 78' lang='lat' dir='ltr'><strong>versus.</strong></span> <span class='ocrx_word' id='word_1_244' title='bbox 1832 3634 1960 3690; x_wconf 71' lang='lat' dir='ltr'><strong>Haec</strong></span> <span class='ocrx_word' id='word_1_245' title='bbox 1971 3636 2185 3709; x_wconf 88' lang='lat' dir='ltr'><strong>quidem</strong></span> 
     </span>
     <span class='ocr_line' id='line_1_37' title="bbox 629 3721 2187 3799; baseline 0.001 -21"><span class='ocrx_word' id='word_1_246' title='bbox 629 3722 796 3778; x_wconf 90' lang='lat' dir='ltr'><strong>multa</strong></span> <span class='ocrx_word' id='word_1_247' title='bbox 828 3722 976 3778; x_wconf 90' lang='lat' dir='ltr'><strong>attuli</strong></span> <span class='ocrx_word' id='word_1_248' title='bbox 992 3763 1009 3790; x_wconf 94' lang='lat'><strong>,</strong></span> <span class='ocrx_word' id='word_1_249' title='bbox 1047 3732 1109 3777; x_wconf 89' lang='lat' dir='ltr'><strong>ut</strong></span> <span class='ocrx_word' id='word_1_250' title='bbox 1136 3721 1339 3796; x_wconf 89' lang='lat' dir='ltr'><strong>planius</strong></span> <span class='ocrx_word' id='word_1_251' title='bbox 1366 3723 1721 3795; x_wconf 80' lang='lat' dir='ltr'><strong>percipiantur</strong></span> <span class='ocrx_word' id='word_1_252' title='bbox 1752 3724 2037 3797; x_wconf 82' lang='lat' dir='ltr'><strong>Hipparchi</strong></span> <span class='ocrx_word' id='word_1_253' title='bbox 2067 3744 2187 3799; x_wconf 88' lang='lat' dir='ltr'><strong>per-</strong></span> 
     </span>
     <span class='ocr_line' id='line_1_38' title="bbox 627 3808 2187 3883; baseline 0.004 -20"><span class='ocrx_word' id='word_1_254' title='bbox 627 3826 797 3883; x_wconf 87' lang='lat' dir='ltr'><strong>pauca</strong></span> <span class='ocrx_word' id='word_1_255' title='bbox 834 3808 993 3865; x_wconf 81' lang='lat' dir='ltr'><strong>verba</strong></span> <span class='ocrx_word' id='word_1_256' title='bbox 1010 3812 1057 3877; x_wconf 78' lang='lat'><strong>⁴,</strong></span> <span class='ocrx_word' id='word_1_257' title='bbox 1105 3809 1199 3864; x_wconf 89' lang='lat' dir='ltr'><strong>sed</strong></span> <span class='ocrx_word' id='word_1_258' title='bbox 1230 3810 1384 3864; x_wconf 86' lang='lat' dir='ltr'><strong>multi</strong></span> <span class='ocrx_word' id='word_1_259' title='bbox 1420 3810 1696 3866; x_wconf 86' lang='lat' dir='ltr'><strong>momenti.</strong></span> <span class='ocrx_word' id='word_1_260' title='bbox 1734 3814 1787 3866; x_wconf 89' lang='lat' dir='ltr'><strong>Is</strong></span> <span class='ocrx_word' id='word_1_261' title='bbox 1824 3812 1968 3868; x_wconf 88' lang='lat' dir='ltr'><strong>enim</strong></span> <span class='ocrx_word' id='word_1_262' title='bbox 2010 3825 2187 3870; x_wconf 83' lang='lat' dir='ltr'><strong>narrat</strong></span> 
     </span>
     <span class='ocr_line' id='line_1_39' title="bbox 629 3894 2183 3969; baseline 0.003 -18"><span class='ocrx_word' id='word_1_263' title='bbox 629 3898 959 3969; x_wconf 85' lang='lat' dir='ltr'><strong>Bosporum,</strong></span> <span class='ocrx_word' id='word_1_264' title='bbox 1009 3896 1107 3951; x_wconf 86' lang='lat' dir='ltr'><strong>etsi</strong></span> <span class='ocrx_word' id='word_1_265' title='bbox 1173 3894 1343 3951; x_wconf 87' lang='lat' dir='ltr'><strong>solum</strong></span> <span class='ocrx_word' id='word_1_266' title='bbox 1410 3895 1683 3953; x_wconf 84' lang='lat' dir='ltr'><strong>defluxum</strong></span> <span class='ocrx_word' id='word_1_267' title='bbox 1720 3897 1907 3953; x_wconf 84' lang='lat' dir='ltr'><strong>habeat</strong></span> <span class='ocrx_word' id='word_1_268' title='bbox 1921 3939 1940 3967; x_wconf 93' lang='lat'><strong>,</strong></span> <span class='ocrx_word' id='word_1_269' title='bbox 1985 3910 2038 3955; x_wconf 90' lang='lat' dir='ltr'><strong>et</strong></span> <span class='ocrx_word' id='word_1_270' title='bbox 2076 3918 2183 3957; x_wconf 90' lang='lat' dir='ltr'><strong>non</strong></span> 
     </span>
     <span class='ocr_line' id='line_1_40' title="bbox 628 3976 2187 4055; baseline 0.003 -18"><span class='ocrx_word' id='word_1_271' title='bbox 628 3982 891 4037; x_wconf 76' lang='lat' dir='ltr'><strong>refluxum</strong></span> <span class='ocrx_word' id='word_1_272' title='bbox 903 4022 920 4050; x_wconf 90' lang='lat'><strong>,</strong></span> <span class='ocrx_word' id='word_1_273' title='bbox 942 3992 1115 4038; x_wconf 82' lang='lat' dir='ltr'><strong>tamen</strong></span> <span class='ocrx_word' id='word_1_274' title='bbox 1134 3976 1295 4055; x_wconf 78' lang='grc' dir='ltr'>μονάς</span> <span class='ocrx_word' id='word_1_275' title='bbox 1320 3998 1449 4036; x_wconf 82' lang='grc' dir='ltr'><strong><em>ποτε</em></strong></span> <span class='ocrx_word' id='word_1_276' title='bbox 1471 3980 1765 4055; x_wconf 78' lang='grc' dir='ltr'><strong>ποιεῖσθαι,</strong></span> <span class='ocrx_word' id='word_1_277' title='bbox 1785 3985 1889 4041; x_wconf 85' lang='lat' dir='ltr'><strong>hoc</strong></span> <span class='ocrx_word' id='word_1_278' title='bbox 1910 3997 1989 4042; x_wconf 88' lang='lat' dir='ltr'><strong>est</strong></span> <span class='ocrx_word' id='word_1_279' title='bbox 2003 4027 2020 4055; x_wconf 89' lang='lat'><strong>,</strong></span> <span class='ocrx_word' id='word_1_280' title='bbox 2041 4004 2187 4042; x_wconf 77' lang='lat' dir='ltr'><strong>inan·</strong></span> 
     </span>
     <span class='ocr_line' id='line_1_41' title="bbox 629 4066 1543 4135; baseline 0.002 -13"><span class='ocrx_word' id='word_1_281' title='bbox 629 4068 805 4123; x_wconf 88' lang='lat' dir='ltr'><strong>sioncs</strong></span> <span class='ocrx_word' id='word_1_282' title='bbox 828 4066 997 4123; x_wconf 77' lang='lat' dir='ltr'><strong>facere</strong></span> <span class='ocrx_word' id='word_1_283' title='bbox 1011 4107 1028 4135; x_wconf 89' lang='lat'><strong>,</strong></span> <span class='ocrx_word' id='word_1_284' title='bbox 1058 4078 1214 4135; x_wconf 80' lang='lat' dir='ltr'><strong>stare,</strong></span> <span class='ocrx_word' id='word_1_285' title='bbox 1244 4069 1543 4124; x_wconf 86' lang='lat' dir='ltr'><strong>subsistere.</strong></span> 
     </span>
    </p>

    <p class='ocr_par' dir='ltr' id='par_1_3' title="bbox 624 4152 2185 4665">
     <span class='ocr_line' id='line_1_42' title="bbox 696 4152 2185 4227; baseline 0.005 -20"><span class='ocrx_word' id='word_1_286' title='bbox 696 4154 779 4207; x_wconf 83' lang='lat' dir='ltr'><strong>Ex</strong></span> <span class='ocrx_word' id='word_1_287' title='bbox 800 4164 923 4208; x_wconf 84' lang='lat' dir='ltr'><strong>ante</strong></span> <span class='ocrx_word' id='word_1_288' title='bbox 949 4152 1103 4209; x_wconf 89' lang='lat' dir='ltr'><strong>dictis</strong></span> <span class='ocrx_word' id='word_1_289' title='bbox 1114 4152 1228 4225; x_wconf 82' lang='lat' dir='ltr'><strong>jam</strong></span> <span class='ocrx_word' id='word_1_290' title='bbox 1254 4154 1401 4209; x_wconf 78' lang='lat' dir='ltr'><strong>facile</strong></span> <span class='ocrx_word' id='word_1_291' title='bbox 1429 4156 1790 4227; x_wconf 70' lang='lat' dir='ltr'><strong>cognoscimus</strong></span> <span class='ocrx_word' id='word_1_292' title='bbox 1812 4158 2045 4213; x_wconf 78' lang='lat' dir='ltr'><strong>Maeotim</strong></span> <span class='ocrx_word' id='word_1_293' title='bbox 2075 4177 2185 4213; x_wconf 75' lang='lat' dir='ltr'><strong>esse</strong></span> 
     </span>
     <span class='ocr_line' id='line_1_43' title="bbox 624 4241 2182 4319; baseline 0.003 -22"><span class='ocrx_word' id='word_1_294' title='bbox 624 4252 846 4297; x_wconf 85' lang='lat' dir='ltr'><strong>matrem</strong></span> <span class='ocrx_word' id='word_1_295' title='bbox 868 4241 1056 4309; x_wconf 88' lang='lat' dir='ltr'><strong>Ponti,</strong></span> <span class='ocrx_word' id='word_1_296' title='bbox 1080 4253 1136 4297; x_wconf 90' lang='lat' dir='ltr'><strong>et</strong></span> <span class='ocrx_word' id='word_1_297' title='bbox 1154 4245 1383 4299; x_wconf 88' lang='lat' dir='ltr'><strong>Pontum</strong></span> <span class='ocrx_word' id='word_1_298' title='bbox 1407 4244 1632 4316; x_wconf 86' lang='lat' dir='ltr'><strong>Bospori</strong></span> <span class='ocrx_word' id='word_1_299' title='bbox 1654 4253 1853 4317; x_wconf 81' lang='lat' dir='ltr'><strong>patrem</strong></span> <span class='ocrx_word' id='word_1_300' title='bbox 1871 4254 1925 4299; x_wconf 88' lang='lat' dir='ltr'><strong>et</strong></span> <span class='ocrx_word' id='word_1_301' title='bbox 1944 4247 2182 4319; x_wconf 86' lang='lat' dir='ltr'><strong>Propon-</strong></span> 
     </span>
     <span class='ocr_line' id='line_1_44' title="bbox 624 4328 2183 4404; baseline 0.003 -19"><span class='ocrx_word' id='word_1_302' title='bbox 624 4328 751 4385; x_wconf 88' lang='lat' dir='ltr'><strong>tidis</strong></span> <span class='ocrx_word' id='word_1_303' title='bbox 774 4340 828 4385; x_wconf 91' lang='lat' dir='ltr'><strong>et</strong></span> <span class='ocrx_word' id='word_1_304' title='bbox 860 4329 1212 4404; x_wconf 74' lang='lat' dir='ltr'><strong>Hellesponti,</strong></span> <span class='ocrx_word' id='word_1_305' title='bbox 1252 4340 1434 4386; x_wconf 85' lang='lat' dir='ltr'><strong>contra</strong></span> <span class='ocrx_word' id='word_1_306' title='bbox 1467 4332 1785 4404; x_wconf 84' lang='lat' dir='ltr'><strong>Procopium</strong></span> <span class='ocrx_word' id='word_1_307' title='bbox 1808 4334 1906 4402; x_wconf 90' lang='lat' dir='ltr'><strong>(B.</strong></span> <span class='ocrx_word' id='word_1_308' title='bbox 1942 4334 2010 4391; x_wconf 89' lang='lat' dir='ltr'><strong>G.</strong></span> <span class='ocrx_word' id='word_1_309' title='bbox 2057 4337 2109 4399; x_wconf 76' lang='grc'><strong>4.</strong></span> <span class='ocrx_word' id='word_1_310' title='bbox 2148 4339 2183 4389; x_wconf 87' lang='grc'><strong>6</strong></span> 
     </span>
     <span class='ocr_line' id='line_1_45' title="bbox 628 4418 2180 4493; baseline 0.002 -19"><span class='ocrx_word' id='word_1_311' title='bbox 628 4437 685 4493; x_wconf 89' lang='lat' dir='ltr'><strong>p.</strong></span> <span class='ocrx_word' id='word_1_312' title='bbox 711 4420 852 4491; x_wconf 74' lang='lat'>486)</span> <span class='ocrx_word' id='word_1_313' title='bbox 887 4419 1197 4475; x_wconf 72' lang='lat' dir='ltr'><strong>saibentem</strong></span> <span class='ocrx_word' id='word_1_314' title='bbox 1223 4418 1333 4475; x_wconf 88' lang='lat' dir='ltr'><strong>duo</strong></span> <span class='ocrx_word' id='word_1_315' title='bbox 1362 4420 1527 4475; x_wconf 81' lang='lat' dir='ltr'><strong>maria</strong></span> <span class='ocrx_word' id='word_1_316' title='bbox 1556 4419 1791 4492; x_wconf 73' lang='lat' dir='ltr'><strong>AEgaeum</strong></span> <span class='ocrx_word' id='word_1_317' title='bbox 1826 4430 1879 4475; x_wconf 88' lang='lat' dir='ltr'><strong>et</strong></span> <span class='ocrx_word' id='word_1_318' title='bbox 1909 4422 2180 4477; x_wconf 83' lang='lat' dir='ltr'><strong>Euxinum</strong></span> 
     </span>
     <span class='ocr_line' id='line_1_46' title="bbox 628 4504 2178 4582; baseline 0.001 -21"><span class='ocrx_word' id='word_1_319' title='bbox 628 4506 959 4562; x_wconf 85' lang='lat' dir='ltr'><strong>nominatum</strong></span> <span class='ocrx_word' id='word_1_320' title='bbox 995 4509 1223 4562; x_wconf 89' lang='lat' dir='ltr'><strong>Pontum</strong></span> <span class='ocrx_word' id='word_1_321' title='bbox 1244 4506 1385 4563; x_wconf 86' lang='lat' dir='ltr'><strong>coire</strong></span> <span class='ocrx_word' id='word_1_322' title='bbox 1410 4506 1549 4561; x_wconf 88' lang='lat' dir='ltr'><strong>inter</strong></span> <span class='ocrx_word' id='word_1_323' title='bbox 1581 4524 1638 4561; x_wconf 85' lang='lat' dir='ltr'><strong>se</strong></span> <span class='ocrx_word' id='word_1_324' title='bbox 1678 4504 1748 4561; x_wconf 88' lang='lat' dir='ltr'><strong>ad</strong></span> <span class='ocrx_word' id='word_1_325' title='bbox 1780 4507 2015 4581; x_wconf 82' lang='lat' dir='ltr'><strong>Byzantii</strong></span> <span class='ocrx_word' id='word_1_326' title='bbox 2057 4526 2178 4582; x_wconf 81' lang='lat' dir='ltr'><strong>par-</strong></span> 
     </span>
     <span class='ocr_line' id='line_1_47' title="bbox 630 4592 2180 4665; baseline 0.002 -18"><span class='ocrx_word' id='word_1_327' title='bbox 630 4602 739 4647; x_wconf 89' lang='lat' dir='ltr'><strong>tem</strong></span> <span class='ocrx_word' id='word_1_328' title='bbox 778 4592 1105 4661; x_wconf 74' lang='lat' dir='ltr'><strong>orientalem,</strong></span> <span class='ocrx_word' id='word_1_329' title='bbox 1164 4602 1347 4647; x_wconf 86' lang='lat' dir='ltr'><strong>contra</strong></span> <span class='ocrx_word' id='word_1_330' title='bbox 1400 4592 1555 4647; x_wconf 88' lang='lat' dir='ltr'><strong>etiam</strong></span> <span class='ocrx_word' id='word_1_331' title='bbox 1606 4610 1697 4647; x_wconf 90' lang='lat' dir='ltr'><strong>eos</strong></span> <span class='ocrx_word' id='word_1_332' title='bbox 1738 4592 1783 4660; x_wconf 83' lang='lat'><strong>⁵,</strong></span> <span class='ocrx_word' id='word_1_333' title='bbox 1828 4593 1921 4665; x_wconf 87' lang='lat' dir='ltr'><strong>qui</strong></span> <span class='ocrx_word' id='word_1_334' title='bbox 1952 4612 2180 4651; x_wconf 83' lang='lat' dir='ltr'><strong>asserere</strong></span> 
     </span>
    </p>
   </div>
   <div class='ocr_carea' id='block_1_3' title="bbox 620 4786 2182 5395">
    <p class='ocr_par' dir='ltr' id='par_1_4' title="bbox 624 4786 2182 5158">
     <span class='ocr_line' id='line_1_48' title="bbox 698 4786 2179 4862; baseline 0.003 -21"><span class='ocrx_word' id='word_1_335' title='bbox 698 4789 754 4851; x_wconf 74' lang='grc'><strong>4.</strong></span> <span class='ocrx_word' id='word_1_336' title='bbox 794 4786 1133 4862; x_wconf 72' lang='lat' dir='ltr'><strong>Hipparchi]</strong></span> <span class='ocrx_word' id='word_1_337' title='bbox 1163 4786 1473 4843; x_wconf 87' lang='lat' dir='ltr'><strong>Posidonius</strong></span> <span class='ocrx_word' id='word_1_338' title='bbox 1496 4786 1636 4860; x_wconf 85' lang='lat' dir='ltr'><strong>apud</strong></span> <span class='ocrx_word' id='word_1_339' title='bbox 1659 4788 1899 4843; x_wconf 88' lang='lat' dir='ltr'><strong>Strabon.</strong></span> <span class='ocrx_word' id='word_1_340' title='bbox 1920 4807 1975 4861; x_wconf 84' lang='lat' dir='ltr'><strong>p.</strong></span> <span class='ocrx_word' id='word_1_341' title='bbox 2014 4788 2078 4843; x_wconf 85' lang='lat'><strong>55</strong></span> <span class='ocrx_word' id='word_1_342' title='bbox 2111 4808 2125 4846; x_wconf 75' lang='grc' dir='ltr'><strong>ε</strong></span> <span class='ocrx_word' id='word_1_343' title='bbox 2150 4790 2179 4845; x_wconf 84' lang='grc' dir='ltr'><strong>ὅ</strong></span> 
     </span>
     <span class='ocr_line' id='line_1_49' title="bbox 625 4862 2182 4939; baseline 0.004 -22"><span class='ocrx_word' id='word_1_344' title='bbox 625 4862 680 4919; x_wconf 68' lang='grc' dir='ltr'><strong>ὃὶ</strong></span> <span class='ocrx_word' id='word_1_345' title='bbox 714 4862 842 4921; x_wconf 76' lang='grc' dir='ltr'><strong>κατὰ</strong></span> <span class='ocrx_word' id='word_1_346' title='bbox 864 4864 1127 4929; x_wconf 80' lang='grc' dir='ltr'><strong>Βυζάντιον</strong></span> <span class='ocrx_word' id='word_1_347' title='bbox 1144 4866 1359 4939; x_wconf 73' lang='grc' dir='ltr'>πορθμὸς</span> <span class='ocrx_word' id='word_1_348' title='bbox 1394 4866 1503 4921; x_wconf 64' lang='grc' dir='ltr'><strong>οῦδὲ</strong></span> <span class='ocrx_word' id='word_1_349' title='bbox 1518 4892 1523 4896; x_wconf 91' lang='grc'>·</span> <span class='ocrx_word' id='word_1_350' title='bbox 1536 4866 1830 4939; x_wconf 58' lang='lat' dir='ltr'><strong>misane»</strong></span> <span class='ocrx_word' id='word_1_351' title='bbox 1841 4906 1858 4933; x_wconf 96' lang='lat'><strong>,</strong></span> <span class='ocrx_word' id='word_1_352' title='bbox 1882 4866 2013 4921; x_wconf 74' lang='grc' dir='ltr'>ἀλλὰ</span> <span class='ocrx_word' id='word_1_353' title='bbox 2035 4868 2182 4923; x_wconf 72' lang='grc' dir='ltr'>διετέ-</span> 
     </span>
     <span class='ocr_line' id='line_1_50' title="bbox 626 4940 2173 5019; baseline 0.003 -24"><span class='ocrx_word' id='word_1_354' title='bbox 626 4940 709 4996; x_wconf 75' lang='grc' dir='ltr'><strong>λει</strong></span> <span class='ocrx_word' id='word_1_355' title='bbox 737 4942 826 4999; x_wconf 78' lang='grc' dir='ltr'><strong>τδν</strong></span> <span class='ocrx_word' id='word_1_356' title='bbox 848 4942 1017 5018; x_wconf 65' lang='grc' dir='ltr'><strong>ἔκρουν</strong></span> <span class='ocrx_word' id='word_1_357' title='bbox 1040 4944 1191 5018; x_wconf 77' lang='grc' dir='ltr'><strong>μόνον</strong></span> <span class='ocrx_word' id='word_1_358' title='bbox 1214 4944 1346 5017; x_wconf 73' lang='grc' dir='ltr'><strong>ἔχων</strong></span> <span class='ocrx_word' id='word_1_359' title='bbox 1369 4945 1454 5000; x_wconf 69' lang='grc' dir='ltr'><strong>τὸν</strong></span> <span class='ocrx_word' id='word_1_360' title='bbox 1478 4943 1533 5000; x_wconf 72' lang='lat' dir='ltr'><strong>ix</strong></span> <span class='ocrx_word' id='word_1_361' title='bbox 1553 4948 1639 5000; x_wconf 77' lang='grc' dir='ltr'><strong>τοΰ</strong></span> <span class='ocrx_word' id='word_1_362' title='bbox 1670 4949 1901 5001; x_wconf 55' lang='lat' dir='ltr'><strong>novrum&amp;</strong></span> <span class='ocrx_word' id='word_1_363' title='bbox 1929 4945 2173 5019; x_wconf 71' lang='grc' dir='ltr'>πελάγους</span> 
     </span>
     <span class='ocr_line' id='line_1_51' title="bbox 627 5020 2181 5099; baseline 0.002 -24"><span class='ocrx_word' id='word_1_364' title='bbox 627 5020 696 5084; x_wconf 72' lang='grc' dir='ltr'><strong>εἰς</strong></span> <span class='ocrx_word' id='word_1_365' title='bbox 726 5020 817 5089; x_wconf 75' lang='grc' dir='ltr'><strong>τὴν</strong></span> <span class='ocrx_word' id='word_1_366' title='bbox 841 5023 1178 5095; x_wconf 72' lang='grc' dir='ltr'><strong>Προποντίδα,</strong></span> <span class='ocrx_word' id='word_1_367' title='bbox 1202 5026 1269 5089; x_wconf 81' lang='grc' dir='ltr'><strong>ὣς</strong></span> <span class='ocrx_word' id='word_1_368' title='bbox 1294 5024 1347 5079; x_wconf 63' lang='grc' dir='ltr'><strong>δὲ</strong></span> <span class='ocrx_word' id='word_1_369' title='bbox 1372 5024 1641 5097; x_wconf 78' lang='grc' dir='ltr'><strong>Ἵππαρχος</strong></span> <span class='ocrx_word' id='word_1_370' title='bbox 1671 5025 1885 5098; x_wconf 71' lang='grc' dir='ltr'><strong>ἱστορεῖ,</strong></span> <span class='ocrx_word' id='word_1_371' title='bbox 1922 5026 2006 5079; x_wconf 75' lang='grc' dir='ltr'><strong>καὶ</strong></span> <span class='ocrx_word' id='word_1_372' title='bbox 2030 5026 2181 5099; x_wconf 75' lang='grc' dir='ltr'><strong>μονάς</strong></span> 
     </span>
     <span class='ocr_line' id='line_1_52' title="bbox 624 5100 1003 5158; baseline 0.003 -1"><span class='ocrx_word' id='word_1_373' title='bbox 624 5119 747 5157; x_wconf 75' lang='grc' dir='ltr'><strong>ποτε</strong></span> <span class='ocrx_word' id='word_1_374' title='bbox 768 5100 1003 5158; x_wconf 65' lang='lat' dir='ltr'><strong>lumerto.</strong></span> 
     </span>
    </p>

    <p class='ocr_par' dir='ltr' id='par_1_5' title="bbox 620 5178 2181 5393">
     <span class='ocr_line' id='line_1_53' title="bbox 695 5178 2181 5255; baseline 0.003 -21"><span class='ocrx_word' id='word_1_375' title='bbox 695 5178 749 5234; x_wconf 78' lang='lat'><strong>5.</strong></span> <span class='ocrx_word' id='word_1_376' title='bbox 776 5184 967 5237; x_wconf 76' lang='lat' dir='ltr'><strong>Contra</strong></span> <span class='ocrx_word' id='word_1_377' title='bbox 992 5182 1152 5237; x_wconf 78' lang='lat' dir='ltr'><strong>etiam</strong></span> <span class='ocrx_word' id='word_1_378' title='bbox 1170 5200 1317 5241; x_wconf 81' lang='lat' dir='ltr'><strong>eos...</strong></span> <span class='ocrx_word' id='word_1_379' title='bbox 1336 5194 1570 5238; x_wconf 77' lang='lat' dir='ltr'><strong>mortuus</strong></span> <span class='ocrx_word' id='word_1_380' title='bbox 1604 5183 1741 5255; x_wconf 59' lang='lat' dir='ltr'><strong>een]</strong></span> <span class='ocrx_word' id='word_1_381' title='bbox 1768 5184 2037 5255; x_wconf 64' lang='lat' dir='ltr'><strong>leguntur</strong></span> <span class='ocrx_word' id='word_1_382' title='bbox 2070 5184 2181 5239; x_wconf 81' lang='lat' dir='ltr'><strong>haec</strong></span> 
     </span>
     <span class='ocr_line' id='line_1_54' title="bbox 620 5259 2177 5393; baseline 0.003 -80"><span class='ocrx_word' id='word_1_383' title='bbox 620 5274 711 5393; x_wconf 58' lang='lat'><strong>3.</strong></span> <span class='ocrx_word' id='word_1_384' title='bbox 745 5259 1067 5333; x_wconf 86' lang='lat' dir='ltr'><strong>Procopium</strong></span> <span class='ocrx_word' id='word_1_385' title='bbox 1094 5262 1150 5317; x_wconf 91' lang='lat' dir='ltr'><strong>in</strong></span> <span class='ocrx_word' id='word_1_386' title='bbox 1178 5264 1242 5318; x_wconf 88' lang='lat' dir='ltr'><strong>B.</strong></span> <span class='ocrx_word' id='word_1_387' title='bbox 1266 5262 1429 5320; x_wconf 87' lang='lat' dir='ltr'><strong>Goth.</strong></span> <span class='ocrx_word' id='word_1_388' title='bbox 1458 5266 1516 5335; x_wconf 77' lang='grc'><strong>4,</strong></span> <span class='ocrx_word' id='word_1_389' title='bbox 1552 5267 1606 5330; x_wconf 87' lang='grc'><strong>6,</strong></span> <span class='ocrx_word' id='word_1_390' title='bbox 1642 5280 1699 5335; x_wconf 87' lang='lat' dir='ltr'><strong>p.</strong></span> <span class='ocrx_word' id='word_1_391' title='bbox 1724 5266 1847 5330; x_wconf 75' lang='grc'><strong>484,</strong></span> <span class='ocrx_word' id='word_1_392' title='bbox 1874 5267 2104 5335; x_wconf 74' lang='grc'><strong>9-486,</strong></span> <span class='ocrx_word' id='word_1_393' title='bbox 2144 5266 2177 5318; x_wconf 88' lang='grc'><strong>8</strong></span> 
     </span>
    </p>

    <p class='ocr_par' dir='ltr' id='par_1_6' title="bbox 694 5338 923 5395">
     <span class='ocr_line' id='line_1_55' title="bbox 694 5338 923 5395; baseline 0.017 -4"><span class='ocrx_word' id='word_1_394' title='bbox 694 5374 713 5391; x_wconf 90' lang='grc'><strong>.</strong></span> <span class='ocrx_word' id='word_1_395' title='bbox 746 5338 923 5395; x_wconf 88' lang='lat' dir='ltr'><strong>Bonn.</strong></span> 
     </span>
    </p>
   </div>
   <div class='ocr_carea' id='block_1_4' title="bbox 1867 548 2625 615">
    <p class='ocr_par' dir='ltr' id='par_1_7' title="bbox 1867 548 2625 615">
     <span class='ocr_line' id='line_1_56' title="bbox 1867 548 2625 615; baseline 0.007 -8"><span class='ocrx_word' id='word_1_396' title='bbox 1867 548 2213 612; x_wconf 81' lang='lat' dir='ltr'><strong>DtoNYsss</strong></span> <span class='ocrx_word' id='word_1_397' title='bbox 2254 552 2625 615; x_wconf 69' lang='lat' dir='ltr'><strong>Bi&#39;zAN&#39;rn</strong></span> 
     </span>
    </p>
   </div>
   <div class='ocr_carea' id='block_1_5' title="bbox 2266 681 3844 4664">
    <p class='ocr_par' dir='ltr' id='par_1_8' title="bbox 2273 681 3844 1793">
     <span class='ocr_line' id='line_1_57' title="bbox 2282 681 3844 771; baseline 0.012 -35"><span class='ocrx_word' id='word_1_398' title='bbox 2282 681 2477 737; x_wconf 87' lang='lat' dir='ltr'><strong>audent</strong></span> <span class='ocrx_word' id='word_1_399' title='bbox 2507 682 2716 739; x_wconf 84' lang='lat' dir='ltr'><strong>illorum</strong></span> <span class='ocrx_word' id='word_1_400' title='bbox 2741 686 2994 757; x_wconf 73' lang='lat' dir='ltr'><strong>originem</strong></span> <span class='ocrx_word' id='word_1_401' title='bbox 3029 706 3140 743; x_wconf 83' lang='lat' dir='ltr'><strong>esse</strong></span> <span class='ocrx_word' id='word_1_402' title='bbox 3178 707 3209 744; x_wconf 88' lang='lat' dir='ltr'><strong>a</strong></span> <span class='ocrx_word' id='word_1_403' title='bbox 3243 690 3378 748; x_wconf 84' lang='lat' dir='ltr'><strong>freto</strong></span> <span class='ocrx_word' id='word_1_404' title='bbox 3411 692 3678 752; x_wconf 83' lang='lat' dir='ltr'><strong>Gaditano</strong></span> <span class='ocrx_word' id='word_1_405' title='bbox 3697 736 3714 763; x_wconf 90' lang='lat'><strong>,</strong></span> <span class='ocrx_word' id='word_1_406' title='bbox 3747 715 3844 771; x_wconf 87' lang='lat' dir='ltr'><strong>per</strong></span> 
     </span>
     <span class='ocr_line' id='line_1_58' title="bbox 2280 767 3831 851; baseline 0.011 -29"><span class='ocrx_word' id='word_1_407' title='bbox 2280 767 2426 840; x_wconf 89' lang='lat' dir='ltr'><strong>quod</strong></span> <span class='ocrx_word' id='word_1_408' title='bbox 2469 768 2654 825; x_wconf 91' lang='lat' dir='ltr'><strong>dicunt</strong></span> <span class='ocrx_word' id='word_1_409' title='bbox 2697 789 2842 828; x_wconf 86' lang='lat' dir='ltr'><strong>mare</strong></span> <span class='ocrx_word' id='word_1_410' title='bbox 2887 772 3182 845; x_wconf 73' lang='lat' dir='ltr'><strong>ingrediens</strong></span> <span class='ocrx_word' id='word_1_411' title='bbox 3237 795 3500 851; x_wconf 83' lang='lat' dir='ltr'><strong>nusquam</strong></span> <span class='ocrx_word' id='word_1_412' title='bbox 3562 780 3801 838; x_wconf 60' lang='lat' dir='ltr'><strong>desinere</strong></span> <span class='ocrx_word' id='word_1_413' title='bbox 3814 824 3831 850; x_wconf 91' lang='lat'><strong>,</strong></span> 
     </span>
     <span class='ocr_line' id='line_1_59' title="bbox 2280 854 3837 942; baseline 0.01 -34"><span class='ocrx_word' id='word_1_414' title='bbox 2280 854 2456 926; x_wconf 87' lang='lat' dir='ltr'><strong>quoad</strong></span> <span class='ocrx_word' id='word_1_415' title='bbox 2496 857 2552 911; x_wconf 91' lang='lat' dir='ltr'><strong>in</strong></span> <span class='ocrx_word' id='word_1_416' title='bbox 2592 856 2813 913; x_wconf 85' lang='lat' dir='ltr'><strong>Colchos</strong></span> <span class='ocrx_word' id='word_1_417' title='bbox 2849 862 3163 931; x_wconf 82' lang='lat' dir='ltr'><strong>pervenerit.</strong></span> <span class='ocrx_word' id='word_1_418' title='bbox 3235 863 3372 918; x_wconf 84' lang='lat' dir='ltr'><strong>Nam</strong></span> <span class='ocrx_word' id='word_1_419' title='bbox 3422 864 3567 937; x_wconf 89' lang='lat' dir='ltr'><strong>quod</strong></span> <span class='ocrx_word' id='word_1_420' title='bbox 3583 908 3601 934; x_wconf 92' lang='lat'><strong>,</strong></span> <span class='ocrx_word' id='word_1_421' title='bbox 3625 879 3690 923; x_wconf 88' lang='lat' dir='ltr'><strong>ut</strong></span> <span class='ocrx_word' id='word_1_422' title='bbox 3736 869 3837 942; x_wconf 84' lang='lat' dir='ltr'><strong>ipsi</strong></span> 
     </span>
     <span class='ocr_line' id='line_1_60' title="bbox 2282 942 3835 1011; baseline 0.01 -16"><span class='ocrx_word' id='word_1_423' title='bbox 2282 942 2442 997; x_wconf 88' lang='lat' dir='ltr'><strong>etiam</strong></span> <span class='ocrx_word' id='word_1_424' title='bbox 2476 942 2726 1011; x_wconf 82' lang='lat' dir='ltr'><strong>fatentur,</strong></span> <span class='ocrx_word' id='word_1_425' title='bbox 2756 943 2982 1001; x_wconf 83' lang='lat' dir='ltr'><strong>effluxus</strong></span> <span class='ocrx_word' id='word_1_426' title='bbox 3021 949 3178 1003; x_wconf 89' lang='lat' dir='ltr'><strong>Ponti</strong></span> <span class='ocrx_word' id='word_1_427' title='bbox 3203 949 3347 1005; x_wconf 73' lang='lat' dir='ltr'><strong>velut</strong></span> <span class='ocrx_word' id='word_1_428' title='bbox 3389 952 3580 1007; x_wconf 85' lang='lat' dir='ltr'><strong>fluvius</strong></span> <span class='ocrx_word' id='word_1_429' title='bbox 3619 952 3835 1009; x_wconf 84' lang='lat' dir='ltr'><strong>descen·</strong></span> 
     </span>
     <span class='ocr_line' id='line_1_61' title="bbox 2278 1026 3835 1105; baseline 0.01 -23"><span class='ocrx_word' id='word_1_430' title='bbox 2278 1026 2371 1083; x_wconf 80' lang='lat' dir='ltr'><strong>dat</strong></span> <span class='ocrx_word' id='word_1_431' title='bbox 2409 1028 2478 1083; x_wconf 92' lang='lat' dir='ltr'><strong>ad</strong></span> <span class='ocrx_word' id='word_1_432' title='bbox 2503 1030 2690 1085; x_wconf 90' lang='lat' dir='ltr'><strong>urbem</strong></span> <span class='ocrx_word' id='word_1_433' title='bbox 2729 1032 3036 1105; x_wconf 81' lang='lat' dir='ltr'><strong>Byzantium</strong></span> <span class='ocrx_word' id='word_1_434' title='bbox 3056 1071 3074 1100; x_wconf 92' lang='lat'><strong>,</strong></span> <span class='ocrx_word' id='word_1_435' title='bbox 3105 1032 3292 1089; x_wconf 86' lang='lat' dir='ltr'><strong>dicunt</strong></span> <span class='ocrx_word' id='word_1_436' title='bbox 3330 1036 3462 1091; x_wconf 88' lang='lat' dir='ltr'><strong>nibil</strong></span> <span class='ocrx_word' id='word_1_437' title='bbox 3492 1038 3560 1093; x_wconf 85' lang='lat' dir='ltr'><strong>ad</strong></span> <span class='ocrx_word' id='word_1_438' title='bbox 3599 1058 3715 1095; x_wconf 88' lang='lat' dir='ltr'><strong>rem</strong></span> <span class='ocrx_word' id='word_1_439' title='bbox 3751 1058 3835 1096; x_wconf 89' lang='lat' dir='ltr'><strong>re·</strong></span> 
     </span>
     <span class='ocr_line' id='line_1_62' title="bbox 2281 1114 3837 1183; baseline 0.009 -14"><span class='ocrx_word' id='word_1_440' title='bbox 2281 1114 2444 1183; x_wconf 74' lang='lat' dir='ltr'><strong>fen-e3</strong></span> <span class='ocrx_word' id='word_1_441' title='bbox 2473 1116 2716 1173; x_wconf 87' lang='lat' dir='ltr'><strong>omnibus</strong></span> <span class='ocrx_word' id='word_1_442' title='bbox 2749 1120 2892 1173; x_wconf 89' lang='lat' dir='ltr'><strong>enim</strong></span> <span class='ocrx_word' id='word_1_443' title='bbox 2919 1117 3062 1174; x_wconf 68' lang='lat' dir='ltr'><strong>fictis</strong></span> <span class='ocrx_word' id='word_1_444' title='bbox 3083 1119 3384 1177; x_wconf 72' lang='lat' dir='ltr'><strong>affectiones</strong></span> <span class='ocrx_word' id='word_1_445' title='bbox 3407 1124 3643 1181; x_wconf 84' lang='lat' dir='ltr'><strong>accidere</strong></span> <span class='ocrx_word' id='word_1_446' title='bbox 3662 1126 3837 1183; x_wconf 81' lang='lat' dir='ltr'><strong>solitas</strong></span> 
     </span>
     <span class='ocr_line' id='line_1_63' title="bbox 2280 1202 3834 1283; baseline 0.009 -28"><span class='ocrx_word' id='word_1_447' title='bbox 2280 1220 2418 1268; x_wconf 80' lang='lat' dir='ltr'><strong>esse,</strong></span> <span class='ocrx_word' id='word_1_448' title='bbox 2438 1220 2557 1275; x_wconf 66' lang='lat' dir='ltr'><strong>quie</strong></span> <span class='ocrx_word' id='word_1_449' title='bbox 2577 1202 2704 1258; x_wconf 90' lang='lat' dir='ltr'><strong>nulli</strong></span> <span class='ocrx_word' id='word_1_450' title='bbox 2726 1204 2915 1260; x_wconf 89' lang='lat' dir='ltr'><strong>rationi</strong></span> <span class='ocrx_word' id='word_1_451' title='bbox 2931 1207 3215 1279; x_wconf 62' lang='lat' dir='ltr'><strong>perspicuae</strong></span> <span class='ocrx_word' id='word_1_452' title='bbox 3233 1207 3498 1278; x_wconf 79' lang='lat' dir='ltr'><strong>videntur,</strong></span> <span class='ocrx_word' id='word_1_453' title='bbox 3519 1228 3650 1283; x_wconf 84' lang='lat' dir='ltr'><strong>quas</strong></span> <span class='ocrx_word' id='word_1_454' title='bbox 3677 1230 3834 1270; x_wconf 91' lang='lat' dir='ltr'><strong>nemo</strong></span> 
     </span>
     <span class='ocr_line' id='line_1_64' title="bbox 2280 1289 3837 1367; baseline 0.006 -25"><span class='ocrx_word' id='word_1_455' title='bbox 2280 1305 2516 1360; x_wconf 81' lang='lat' dir='ltr'><strong>unquam</strong></span> <span class='ocrx_word' id='word_1_456' title='bbox 2543 1289 2796 1361; x_wconf 83' lang='lat' dir='ltr'><strong>explicare</strong></span> <span class='ocrx_word' id='word_1_457' title='bbox 2812 1293 2983 1362; x_wconf 90' lang='lat' dir='ltr'><strong>potuit</strong></span> <span class='ocrx_word' id='word_1_458' title='bbox 2999 1330 3015 1357; x_wconf 89' lang='lat'><strong>,</strong></span> <span class='ocrx_word' id='word_1_459' title='bbox 3035 1309 3103 1348; x_wconf 88' lang='lat' dir='ltr'><strong>ne</strong></span> <span class='ocrx_word' id='word_1_460' title='bbox 3129 1294 3432 1349; x_wconf 61' lang='lat' dir='ltr'><strong>Aristoteles</strong></span> <span class='ocrx_word' id='word_1_461' title='bbox 3449 1294 3666 1367; x_wconf 87' lang='lat' dir='ltr'><strong>quidem</strong></span> <span class='ocrx_word' id='word_1_462' title='bbox 3683 1299 3837 1352; x_wconf 89' lang='lat' dir='ltr'><strong>ratio·</strong></span> 
     </span>
     <span class='ocr_line' id='line_1_65' title="bbox 2276 1376 3834 1451; baseline 0.006 -23"><span class='ocrx_word' id='word_1_463' title='bbox 2276 1376 2551 1429; x_wconf 83' lang='lat' dir='ltr'><strong>cinationis</strong></span> <span class='ocrx_word' id='word_1_464' title='bbox 2577 1376 2822 1431; x_wconf 86' lang='lat' dir='ltr'><strong>naturalis</strong></span> <span class='ocrx_word' id='word_1_465' title='bbox 2853 1377 3111 1451; x_wconf 85' lang='lat' dir='ltr'><strong>princeps,</strong></span> <span class='ocrx_word' id='word_1_466' title='bbox 3135 1380 3226 1451; x_wconf 88' lang='lat' dir='ltr'><strong>qui</strong></span> <span class='ocrx_word' id='word_1_467' title='bbox 3249 1379 3468 1451; x_wconf 87' lang='lat' dir='ltr'><strong>hujusce</strong></span> <span class='ocrx_word' id='word_1_468' title='bbox 3488 1382 3564 1435; x_wconf 88' lang='lat' dir='ltr'><strong>rei</strong></span> <span class='ocrx_word' id='word_1_469' title='bbox 3589 1400 3741 1439; x_wconf 82' lang='lat' dir='ltr'><strong>eausa</strong></span> <span class='ocrx_word' id='word_1_470' title='bbox 3766 1382 3834 1438; x_wconf 96' lang='lat' dir='ltr'><strong>ad</strong></span> 
     </span>
     <span class='ocr_line' id='line_1_66' title="bbox 2274 1458 3834 1541; baseline 0.007 -28"><span class='ocrx_word' id='word_1_471' title='bbox 2274 1458 2576 1515; x_wconf 84' lang='lat' dir='ltr'><strong>Chalcidem</strong></span> <span class='ocrx_word' id='word_1_472' title='bbox 2614 1460 2827 1517; x_wconf 76' lang='lat' dir='ltr'><strong>Euboeoe</strong></span> <span class='ocrx_word' id='word_1_473' title='bbox 2867 1460 3129 1535; x_wconf 81' lang='lat' dir='ltr'><strong>profectus</strong></span> <span class='ocrx_word' id='word_1_474' title='bbox 3173 1464 3458 1519; x_wconf 85' lang='lat' dir='ltr'><strong>Chalcidici</strong></span> <span class='ocrx_word' id='word_1_475' title='bbox 3504 1465 3622 1521; x_wconf 82' lang='lat' dir='ltr'><strong>freti</strong></span> <span class='ocrx_word' id='word_1_476' title='bbox 3639 1506 3656 1534; x_wconf 91' lang='lat'>‚</span> <span class='ocrx_word' id='word_1_477' title='bbox 3691 1469 3834 1541; x_wconf 90' lang='lat' dir='ltr'><strong>quod</strong></span> 
     </span>
     <span class='ocr_line' id='line_1_67' title="bbox 2275 1547 3837 1617; baseline 0.006 -17"><span class='ocrx_word' id='word_1_478' title='bbox 2275 1547 2536 1617; x_wconf 86' lang='lat' dir='ltr'><strong>Euripum</strong></span> <span class='ocrx_word' id='word_1_479' title='bbox 2570 1548 2872 1615; x_wconf 87' lang='lat' dir='ltr'><strong>nominant,</strong></span> <span class='ocrx_word' id='word_1_480' title='bbox 2900 1548 3156 1604; x_wconf 87' lang='lat' dir='ltr'><strong>rationem</strong></span> <span class='ocrx_word' id='word_1_481' title='bbox 3181 1550 3472 1607; x_wconf 87' lang='lat' dir='ltr'><strong>naturalem</strong></span> <span class='ocrx_word' id='word_1_482' title='bbox 3511 1555 3837 1610; x_wconf 80' lang='lat' dir='ltr'><strong>exactissime</strong></span> 
     </span>
     <span class='ocr_line' id='line_1_68' title="bbox 2273 1634 3831 1712; baseline 0.006 -25"><span class='ocrx_word' id='word_1_483' title='bbox 2273 1634 2494 1688; x_wconf 84' lang='lat' dir='ltr'><strong>scrutari</strong></span> <span class='ocrx_word' id='word_1_484' title='bbox 2521 1634 2712 1703; x_wconf 81' lang='lat' dir='ltr'><strong>volens,</strong></span> <span class='ocrx_word' id='word_1_485' title='bbox 2736 1652 2858 1690; x_wconf 89' lang='lat' dir='ltr'><strong>cum</strong></span> <span class='ocrx_word' id='word_1_486' title='bbox 2877 1634 2974 1690; x_wconf 89' lang='lat' dir='ltr'><strong>diu</strong></span> <span class='ocrx_word' id='word_1_487' title='bbox 3003 1636 3333 1709; x_wconf 87' lang='lat' dir='ltr'><strong>multumque</strong></span> <span class='ocrx_word' id='word_1_488' title='bbox 3359 1638 3516 1712; x_wconf 88' lang='lat' dir='ltr'><strong>hujus</strong></span> <span class='ocrx_word' id='word_1_489' title='bbox 3542 1658 3728 1696; x_wconf 87' lang='lat' dir='ltr'><strong>cursus</strong></span> <span class='ocrx_word' id='word_1_490' title='bbox 3749 1643 3831 1697; x_wconf 89' lang='lat' dir='ltr'><strong>in·</strong></span> 
     </span>
     <span class='ocr_line' id='line_1_69' title="bbox 2273 1719 3760 1793; baseline 0.007 -21"><span class='ocrx_word' id='word_1_491' title='bbox 2273 1719 2480 1775; x_wconf 73' lang='lat' dir='ltr'><strong>stabiles</strong></span> <span class='ocrx_word' id='word_1_492' title='bbox 2497 1730 2549 1775; x_wconf 89' lang='lat' dir='ltr'><strong>et</strong></span> <span class='ocrx_word' id='word_1_493' title='bbox 2571 1738 2726 1793; x_wconf 74' lang='lat' dir='ltr'><strong>vagos</strong></span> <span class='ocrx_word' id='word_1_494' title='bbox 2755 1720 3124 1777; x_wconf 85' lang='lat' dir='ltr'><strong>considerasset</strong></span> <span class='ocrx_word' id='word_1_495' title='bbox 3139 1762 3156 1789; x_wconf 92' lang='lat'><strong>,</strong></span> <span class='ocrx_word' id='word_1_496' title='bbox 3189 1723 3380 1779; x_wconf 83' lang='lat' dir='ltr'><strong>misere</strong></span> <span class='ocrx_word' id='word_1_497' title='bbox 3399 1737 3642 1782; x_wconf 88' lang='lat' dir='ltr'><strong>mortuns</strong></span> <span class='ocrx_word' id='word_1_498' title='bbox 3662 1738 3760 1783; x_wconf 87' lang='lat' dir='ltr'><strong>est.</strong></span> 
     </span>
    </p>

    <p class='ocr_par' dir='ltr' id='par_1_9' title="bbox 2266 1808 3838 4580">
     <span class='ocr_line' id='line_1_70' title="bbox 2348 1808 3836 1887; baseline 0.004 -24"><span class='ocrx_word' id='word_1_499' title='bbox 2348 1808 2580 1863; x_wconf 83' lang='lat' dir='ltr'><strong>Maxima</strong></span> <span class='ocrx_word' id='word_1_500' title='bbox 2601 1826 2720 1880; x_wconf 80' lang='lat' dir='ltr'><strong>pars</strong></span> <span class='ocrx_word' id='word_1_501' title='bbox 2737 1810 3052 1882; x_wconf 85' lang='lat' dir='ltr'><strong>scriptorum</strong></span> <span class='ocrx_word' id='word_1_502' title='bbox 3077 1809 3239 1864; x_wconf 84' lang='lat' dir='ltr'><strong>tradit</strong></span> <span class='ocrx_word' id='word_1_503' title='bbox 3263 1810 3408 1866; x_wconf 86' lang='lat' dir='ltr'><strong>hunc</strong></span> <span class='ocrx_word' id='word_1_504' title='bbox 3435 1814 3696 1887; x_wconf 86' lang='lat' dir='ltr'><strong>Euripum</strong></span> <span class='ocrx_word' id='word_1_505' title='bbox 3723 1832 3836 1887; x_wconf 86' lang='lat' dir='ltr'><strong>sep-</strong></span> 
     </span>
     <span class='ocr_line' id='line_1_71' title="bbox 2274 1894 3827 1970; baseline 0.004 -19"><span class='ocrx_word' id='word_1_506' title='bbox 2274 1906 2381 1951; x_wconf 89' lang='lat' dir='ltr'><strong>tem</strong></span> <span class='ocrx_word' id='word_1_507' title='bbox 2397 1913 2580 1951; x_wconf 86' lang='lat' dir='ltr'><strong>cnrsus</strong></span> <span class='ocrx_word' id='word_1_508' title='bbox 2607 1898 2662 1951; x_wconf 91' lang='lat' dir='ltr'><strong>in</strong></span> <span class='ocrx_word' id='word_1_509' title='bbox 2685 1896 2775 1951; x_wconf 86' lang='lat' dir='ltr'><strong>die</strong></span> <span class='ocrx_word' id='word_1_510' title='bbox 2800 1894 3018 1951; x_wconf 77' lang='lat' dir='ltr'><strong>definire</strong></span> <span class='ocrx_word' id='word_1_511' title='bbox 3033 1940 3048 1963; x_wconf 87' lang='lat'><strong>,</strong></span> <span class='ocrx_word' id='word_1_512' title='bbox 3073 1896 3398 1970; x_wconf 74' lang='lat' dir='ltr'><strong>totidemque</strong></span> <span class='ocrx_word' id='word_1_513' title='bbox 3423 1899 3636 1955; x_wconf 81' lang='lat' dir='ltr'><strong>referre.</strong></span> <span class='ocrx_word' id='word_1_514' title='bbox 3669 1902 3827 1970; x_wconf 79' lang='lat' dir='ltr'><strong>Quid,</strong></span> 
     </span>
     <span class='ocr_line' id='line_1_72' title="bbox 2273 1982 3832 2061; baseline 0.004 -24"><span class='ocrx_word' id='word_1_515' title='bbox 2273 1984 2564 2049; x_wconf 88' lang='lat' dir='ltr'><strong>Cicero(N.</strong></span> <span class='ocrx_word' id='word_1_516' title='bbox 2584 1985 2651 2040; x_wconf 93' lang='lat' dir='ltr'><strong>D.</strong></span> <span class='ocrx_word' id='word_1_517' title='bbox 2677 1983 2730 2050; x_wconf 80' lang='lat'><strong>3,</strong></span> <span class='ocrx_word' id='word_1_518' title='bbox 2751 1982 3057 2057; x_wconf 86' lang='lat' dir='ltr'><strong>10)inquit,</strong></span> <span class='ocrx_word' id='word_1_519' title='bbox 3081 1983 3376 2040; x_wconf 69' lang='lat' dir='ltr'><strong>Chalcidico</strong></span> <span class='ocrx_word' id='word_1_520' title='bbox 3391 1987 3600 2061; x_wconf 76' lang='lat' dir='ltr'><strong>Euripo</strong></span> <span class='ocrx_word' id='word_1_521' title='bbox 3615 1986 3672 2042; x_wconf 78' lang='lat' dir='ltr'><strong>in</strong></span> <span class='ocrx_word' id='word_1_522' title='bbox 3689 2000 3832 2043; x_wconf 83' lang='lat' dir='ltr'><strong>motu</strong></span> 
     </span>
     <span class='ocr_line' id='line_1_73' title="bbox 2273 2068 3838 2146; baseline 0.004 -22"><span class='ocrx_word' id='word_1_523' title='bbox 2273 2068 2554 2125; x_wconf 76' lang='lat' dir='ltr'><strong>identidem</strong></span> <span class='ocrx_word' id='word_1_524' title='bbox 2587 2070 2948 2144; x_wconf 76' lang='lat' dir='ltr'><strong>reciprocando</strong></span> <span class='ocrx_word' id='word_1_525' title='bbox 2960 2081 3130 2145; x_wconf 81' lang='lat' dir='ltr'><strong>putas</strong></span> <span class='ocrx_word' id='word_1_526' title='bbox 3139 2071 3268 2144; x_wconf 80' lang='lat' dir='ltr'><strong>fieri</strong></span> <span class='ocrx_word' id='word_1_527' title='bbox 3279 2090 3439 2146; x_wconf 80' lang='lat' dir='ltr'><strong>posse</strong></span> <span class='ocrx_word' id='word_1_528' title='bbox 3465 2075 3790 2131; x_wconf 71' lang='lat' dir='ltr'><strong>constantius</strong></span> <span class='ocrx_word' id='word_1_529' title='bbox 3803 2084 3838 2130; x_wconf 67' lang='lat' dir='ltr'><em>P</em></span> 
     </span>
     <span class='ocr_line' id='line_1_74' title="bbox 2269 2154 3832 2231; baseline 0.005 -22"><span class='ocrx_word' id='word_1_530' title='bbox 2269 2155 2338 2209; x_wconf 89' lang='lat' dir='ltr'><strong>T.</strong></span> <span class='ocrx_word' id='word_1_531' title='bbox 2370 2156 2551 2210; x_wconf 81' lang='lat' dir='ltr'><strong>Livius</strong></span> <span class='ocrx_word' id='word_1_532' title='bbox 2591 2156 2725 2225; x_wconf 78' lang='lat'><strong>(28,</strong></span> <span class='ocrx_word' id='word_1_533' title='bbox 2769 2156 2837 2231; x_wconf 90' lang='lat'><strong>6)</strong></span> <span class='ocrx_word' id='word_1_534' title='bbox 2876 2154 3212 2224; x_wconf 81' lang='lat' dir='ltr'><strong>contradicit,</strong></span> <span class='ocrx_word' id='word_1_535' title='bbox 3249 2169 3536 2231; x_wconf 81' lang='lat' dir='ltr'><strong>ventosque</strong></span> <span class='ocrx_word' id='word_1_536' title='bbox 3571 2158 3725 2215; x_wconf 79' lang='lat' dir='ltr'><strong>affert</strong></span> <span class='ocrx_word' id='word_1_537' title='bbox 3763 2161 3832 2217; x_wconf 87' lang='lat' dir='ltr'><strong>ab</strong></span> 
     </span>
     <span class='ocr_line' id='line_1_75' title="bbox 2272 2240 3832 2319; baseline 0.005 -25"><span class='ocrx_word' id='word_1_538' title='bbox 2272 2240 2548 2313; x_wconf 83' lang='lat' dir='ltr'><strong>utriusque</strong></span> <span class='ocrx_word' id='word_1_539' title='bbox 2582 2251 2732 2297; x_wconf 71' lang='lat' dir='ltr'><strong>terra:</strong></span> <span class='ocrx_word' id='word_1_540' title='bbox 2769 2242 2989 2315; x_wconf 81' lang='lat' dir='ltr'><strong>praealtis</strong></span> <span class='ocrx_word' id='word_1_541' title='bbox 3015 2242 3283 2298; x_wconf 88' lang='lat' dir='ltr'><strong>montibus</strong></span> <span class='ocrx_word' id='word_1_542' title='bbox 3308 2244 3510 2299; x_wconf 86' lang='lat' dir='ltr'><strong>subitos</strong></span> <span class='ocrx_word' id='word_1_543' title='bbox 3545 2263 3608 2301; x_wconf 92' lang='lat' dir='ltr'><strong>ac</strong></span> <span class='ocrx_word' id='word_1_544' title='bbox 3631 2247 3832 2319; x_wconf 87' lang='lat' dir='ltr'><strong>procel·</strong></span> 
     </span>
     <span class='ocr_line' id='line_1_76' title="bbox 2272 2326 3828 2405; baseline 0.005 -24"><span class='ocrx_word' id='word_1_545' title='bbox 2272 2326 2408 2382; x_wconf 85' lang='lat' dir='ltr'><strong>losos</strong></span> <span class='ocrx_word' id='word_1_546' title='bbox 2433 2326 2614 2400; x_wconf 86' lang='lat' dir='ltr'><strong>dejici,</strong></span> <span class='ocrx_word' id='word_1_547' title='bbox 2644 2326 2938 2401; x_wconf 81' lang='lat' dir='ltr'><strong>fretumque</strong></span> <span class='ocrx_word' id='word_1_548' title='bbox 2958 2329 3128 2401; x_wconf 88' lang='lat' dir='ltr'><strong>ipsum</strong></span> <span class='ocrx_word' id='word_1_549' title='bbox 3151 2329 3436 2385; x_wconf 84' lang='lat' dir='ltr'><strong>Chalcidici</strong></span> <span class='ocrx_word' id='word_1_550' title='bbox 3473 2331 3660 2405; x_wconf 86' lang='lat' dir='ltr'><strong>Euripi</strong></span> <span class='ocrx_word' id='word_1_551' title='bbox 3686 2334 3828 2389; x_wconf 86' lang='lat' dir='ltr'><strong>ciere</strong></span> 
     </span>
     <span class='ocr_line' id='line_1_77' title="bbox 2275 2412 3832 2490; baseline 0.004 -22"><span class='ocrx_word' id='word_1_552' title='bbox 2275 2412 2497 2486; x_wconf 80' lang='lat' dir='ltr'><strong>ejusque</strong></span> <span class='ocrx_word' id='word_1_553' title='bbox 2524 2424 2728 2469; x_wconf 90' lang='lat' dir='ltr'><strong>motum</strong></span> <span class='ocrx_word' id='word_1_554' title='bbox 2749 2432 2858 2469; x_wconf 90' lang='lat' dir='ltr'><strong>non</strong></span> <span class='ocrx_word' id='word_1_555' title='bbox 2888 2415 3074 2487; x_wconf 86' lang='lat' dir='ltr'><strong>septies</strong></span> <span class='ocrx_word' id='word_1_556' title='bbox 3095 2412 3182 2469; x_wconf 90' lang='lat' dir='ltr'><strong>die</strong></span> <span class='ocrx_word' id='word_1_557' title='bbox 3201 2415 3371 2490; x_wconf 88' lang='lat' dir='ltr'><strong>(sicut</strong></span> <span class='ocrx_word' id='word_1_558' title='bbox 3389 2416 3522 2471; x_wconf 83' lang='lat' dir='ltr'><strong>sama</strong></span> <span class='ocrx_word' id='word_1_559' title='bbox 3557 2416 3681 2490; x_wconf 89' lang='lat' dir='ltr'><strong>sert)</strong></span> <span class='ocrx_word' id='word_1_560' title='bbox 3700 2429 3832 2475; x_wconf 87' lang='lat' dir='ltr'><strong>tem-</strong></span> 
     </span>
     <span class='ocr_line' id='line_1_78' title="bbox 2268 2500 3828 2575; baseline 0.002 -20"><span class='ocrx_word' id='word_1_561' title='bbox 2268 2501 2488 2573; x_wconf 85' lang='lat' dir='ltr'><strong>poribus</strong></span> <span class='ocrx_word' id='word_1_562' title='bbox 2504 2501 2646 2555; x_wconf 85' lang='lat' dir='ltr'><strong>statis</strong></span> <span class='ocrx_word' id='word_1_563' title='bbox 2659 2501 2970 2575; x_wconf 88' lang='lat' dir='ltr'><strong>reciprocari</strong></span> <span class='ocrx_word' id='word_1_564' title='bbox 2988 2541 3005 2566; x_wconf 90' lang='lat'><strong>,</strong></span> <span class='ocrx_word' id='word_1_565' title='bbox 3026 2500 3120 2555; x_wconf 87' lang='lat' dir='ltr'><strong>sed</strong></span> <span class='ocrx_word' id='word_1_566' title='bbox 3139 2512 3335 2557; x_wconf 88' lang='lat' dir='ltr'><strong>temere</strong></span> <span class='ocrx_word' id='word_1_567' title='bbox 3355 2502 3646 2558; x_wconf 90' lang='lat' dir='ltr'><strong>inmodum</strong></span> <span class='ocrx_word' id='word_1_568' title='bbox 3666 2506 3828 2571; x_wconf 72' lang='lat' dir='ltr'><strong>venti,</strong></span> 
     </span>
     <span class='ocr_line' id='line_1_79' title="bbox 2268 2590 3830 2665; baseline 0.002 -20"><span class='ocrx_word' id='word_1_569' title='bbox 2268 2608 2414 2646; x_wconf 90' lang='lat' dir='ltr'><strong>nunc</strong></span> <span class='ocrx_word' id='word_1_570' title='bbox 2432 2591 2540 2645; x_wconf 85' lang='lat' dir='ltr'><strong>huc</strong></span> <span class='ocrx_word' id='word_1_571' title='bbox 2561 2608 2704 2645; x_wconf 90' lang='lat' dir='ltr'><strong>nunc</strong></span> <span class='ocrx_word' id='word_1_572' title='bbox 2729 2590 2854 2645; x_wconf 89' lang='lat' dir='ltr'><strong>illuc</strong></span> <span class='ocrx_word' id='word_1_573' title='bbox 2884 2606 3034 2644; x_wconf 82' lang='lat' dir='ltr'><strong>verso</strong></span> <span class='ocrx_word' id='word_1_574' title='bbox 3067 2592 3230 2657; x_wconf 88' lang='lat' dir='ltr'><strong>mari,</strong></span> <span class='ocrx_word' id='word_1_575' title='bbox 3274 2590 3416 2647; x_wconf 72' lang='lat' dir='ltr'><strong>velut</strong></span> <span class='ocrx_word' id='word_1_576' title='bbox 3435 2600 3618 2647; x_wconf 87' lang='lat' dir='ltr'><strong>monte</strong></span> <span class='ocrx_word' id='word_1_577' title='bbox 3646 2593 3830 2665; x_wconf 66' lang='lat' dir='ltr'><strong>preci-</strong></span> 
     </span>
     <span class='ocr_line' id='line_1_80' title="bbox 2267 2677 3830 2753; baseline 0.001 -19"><span class='ocrx_word' id='word_1_578' title='bbox 2267 2681 2365 2753; x_wconf 88' lang='lat' dir='ltr'><strong>piti</strong></span> <span class='ocrx_word' id='word_1_579' title='bbox 2395 2678 2700 2735; x_wconf 79' lang='lat' dir='ltr'><strong>devolutum</strong></span> <span class='ocrx_word' id='word_1_580' title='bbox 2713 2718 2728 2745; x_wconf 91' lang='lat'><strong>,</strong></span> <span class='ocrx_word' id='word_1_581' title='bbox 2761 2690 3048 2734; x_wconf 82' lang='lat' dir='ltr'><strong>torrentem</strong></span> <span class='ocrx_word' id='word_1_582' title='bbox 3085 2679 3219 2752; x_wconf 88' lang='lat' dir='ltr'><strong>rapi.</strong></span> <span class='ocrx_word' id='word_1_583' title='bbox 3253 2677 3515 2752; x_wconf 83' lang='lat' dir='ltr'><strong>Equidem</strong></span> <span class='ocrx_word' id='word_1_584' title='bbox 3547 2681 3606 2735; x_wconf 87' lang='lat' dir='ltr'><strong>in</strong></span> <span class='ocrx_word' id='word_1_585' title='bbox 3625 2679 3830 2735; x_wconf 83' lang='lat' dir='ltr'><strong>Chalci-</strong></span> 
     </span>
     <span class='ocr_line' id='line_1_81' title="bbox 2268 2766 3829 2841; baseline 0.001 -20"><span class='ocrx_word' id='word_1_586' title='bbox 2268 2768 2392 2823; x_wconf 90' lang='lat' dir='ltr'><strong>dem</strong></span> <span class='ocrx_word' id='word_1_587' title='bbox 2427 2785 2550 2823; x_wconf 87' lang='lat' dir='ltr'><strong>cum</strong></span> <span class='ocrx_word' id='word_1_588' title='bbox 2595 2767 2848 2822; x_wconf 79' lang='lat' dir='ltr'><strong>venissem</strong></span> <span class='ocrx_word' id='word_1_589' title='bbox 2861 2806 2877 2833; x_wconf 92' lang='lat'><strong>,</strong></span> <span class='ocrx_word' id='word_1_590' title='bbox 2925 2766 3062 2821; x_wconf 80' lang='lat' dir='ltr'><strong>Livii</strong></span> <span class='ocrx_word' id='word_1_591' title='bbox 3105 2768 3418 2822; x_wconf 85' lang='lat' dir='ltr'><strong>sententiam</strong></span> <span class='ocrx_word' id='word_1_592' title='bbox 3450 2766 3680 2841; x_wconf 89' lang='lat' dir='ltr'><strong>probare</strong></span> <span class='ocrx_word' id='word_1_593' title='bbox 3719 2785 3829 2823; x_wconf 91' lang='lat' dir='ltr'><strong>non</strong></span> 
     </span>
     <span class='ocr_line' id='line_1_82' title="bbox 2266 2852 3825 2930; baseline -0.003 -17"><span class='ocrx_word' id='word_1_594' title='bbox 2266 2868 2533 2930; x_wconf 86' lang='lat' dir='ltr'><strong>poteram,</strong></span> <span class='ocrx_word' id='word_1_595' title='bbox 2569 2872 2693 2911; x_wconf 85' lang='lat' dir='ltr'><strong>cum</strong></span> <span class='ocrx_word' id='word_1_596' title='bbox 2731 2854 2877 2909; x_wconf 87' lang='lat' dir='ltr'><strong>nullo</strong></span> <span class='ocrx_word' id='word_1_597' title='bbox 2911 2854 3068 2909; x_wconf 84' lang='lat' dir='ltr'><strong>flante</strong></span> <span class='ocrx_word' id='word_1_598' title='bbox 3107 2864 3263 2908; x_wconf 83' lang='lat' dir='ltr'><strong>vento</strong></span> <span class='ocrx_word' id='word_1_599' title='bbox 3297 2854 3452 2907; x_wconf 85' lang='lat' dir='ltr'><strong>certis</strong></span> <span class='ocrx_word' id='word_1_600' title='bbox 3493 2852 3825 2927; x_wconf 88' lang='lat' dir='ltr'><strong>temporibus</strong></span> 
     </span>
     <span class='ocr_line' id='line_1_83' title="bbox 2270 2940 3830 3017; baseline -0.002 -17"><span class='ocrx_word' id='word_1_601' title='bbox 2270 2944 2653 3017; x_wconf 83' lang='lat' dir='ltr'><strong>contemplarer</strong></span> <span class='ocrx_word' id='word_1_602' title='bbox 2676 2941 2839 2997; x_wconf 89' lang='lat' dir='ltr'><strong>modo</strong></span> <span class='ocrx_word' id='word_1_603' title='bbox 2861 2941 2985 2998; x_wconf 75' lang='lat' dir='ltr'><strong>ferri</strong></span> <span class='ocrx_word' id='word_1_604' title='bbox 3012 2940 3080 2997; x_wconf 86' lang='lat' dir='ltr'><strong>ab</strong></span> <span class='ocrx_word' id='word_1_605' title='bbox 3113 2952 3238 2996; x_wconf 90' lang='lat' dir='ltr'><strong>ortu</strong></span> <span class='ocrx_word' id='word_1_606' title='bbox 3260 2940 3384 2995; x_wconf 85' lang='lat' dir='ltr'><strong>solis</strong></span> <span class='ocrx_word' id='word_1_607' title='bbox 3398 2980 3416 3009; x_wconf 93' lang='lat'><strong>,</strong></span> <span class='ocrx_word' id='word_1_608' title='bbox 3449 2940 3613 2996; x_wconf 88' lang='lat' dir='ltr'><strong>modo</strong></span> <span class='ocrx_word' id='word_1_609' title='bbox 3643 2940 3710 2996; x_wconf 91' lang='lat' dir='ltr'><strong>ab</strong></span> <span class='ocrx_word' id='word_1_610' title='bbox 3741 2960 3830 2997; x_wconf 89' lang='lat' dir='ltr'><strong>oc-</strong></span> 
     </span>
     <span class='ocr_line' id='line_1_84' title="bbox 2270 3028 3828 3101; baseline -0.003 -15"><span class='ocrx_word' id='word_1_611' title='bbox 2270 3049 2415 3097; x_wconf 84' lang='lat' dir='ltr'><strong>casu,</strong></span> <span class='ocrx_word' id='word_1_612' title='bbox 2459 3038 2609 3085; x_wconf 87' lang='lat' dir='ltr'><strong>tanto</strong></span> <span class='ocrx_word' id='word_1_613' title='bbox 2649 3028 2879 3101; x_wconf 87' lang='lat' dir='ltr'><strong>impetu,</strong></span> <span class='ocrx_word' id='word_1_614' title='bbox 2910 3038 2988 3081; x_wconf 78' lang='grc' dir='ltr'><strong>,ιιι</strong></span> <span class='ocrx_word' id='word_1_615' title='bbox 3036 3037 3218 3082; x_wconf 79' lang='lat' dir='ltr'><strong>ventos</strong></span> <span class='ocrx_word' id='word_1_616' title='bbox 3255 3028 3545 3081; x_wconf 88' lang='lat' dir='ltr'><strong>contrarios</strong></span> <span class='ocrx_word' id='word_1_617' title='bbox 3579 3036 3634 3081; x_wconf 89' lang='lat' dir='ltr'><strong>et</strong></span> <span class='ocrx_word' id='word_1_618' title='bbox 3675 3028 3828 3100; x_wconf 89' lang='lat' dir='ltr'><strong>plena</strong></span> 
     </span>
     <span class='ocr_line' id='line_1_85' title="bbox 2272 3113 3830 3189; baseline -0.001 -17"><span class='ocrx_word' id='word_1_619' title='bbox 2272 3118 2482 3189; x_wconf 75' lang='lat' dir='ltr'><strong>navigia</strong></span> <span class='ocrx_word' id='word_1_620' title='bbox 2502 3127 2686 3171; x_wconf 85' lang='lat' dir='ltr'><strong>contra</strong></span> <span class='ocrx_word' id='word_1_621' title='bbox 2701 3116 2994 3187; x_wconf 74' lang='lat' dir='ltr'><strong>navigantia</strong></span> <span class='ocrx_word' id='word_1_622' title='bbox 3013 3132 3192 3170; x_wconf 87' lang='lat' dir='ltr'><strong>secum</strong></span> <span class='ocrx_word' id='word_1_623' title='bbox 3207 3124 3498 3187; x_wconf 83' lang='lat' dir='ltr'><strong>asportaret</strong></span> <span class='ocrx_word' id='word_1_624' title='bbox 3518 3130 3533 3169; x_wconf 91' lang='lat'><strong>:</strong></span> <span class='ocrx_word' id='word_1_625' title='bbox 3565 3113 3830 3187; x_wconf 87' lang='lat' dir='ltr'><strong>molasque</strong></span> 
     </span>
     <span class='ocr_line' id='line_1_86' title="bbox 2274 3200 3828 3275; baseline -0.001 -15"><span class='ocrx_word' id='word_1_626' title='bbox 2274 3204 2464 3260; x_wconf 85' lang='lat' dir='ltr'><strong>multas</strong></span> <span class='ocrx_word' id='word_1_627' title='bbox 2489 3203 2557 3259; x_wconf 87' lang='lat' dir='ltr'><strong>ab</strong></span> <span class='ocrx_word' id='word_1_628' title='bbox 2589 3222 2654 3259; x_wconf 88' lang='lat' dir='ltr'><strong>eo</strong></span> <span class='ocrx_word' id='word_1_629' title='bbox 2682 3204 2876 3257; x_wconf 65' lang='lat' dir='ltr'><strong>versui</strong></span> <span class='ocrx_word' id='word_1_630' title='bbox 2903 3201 3038 3270; x_wconf 86' lang='lat' dir='ltr'><strong>vidi,</strong></span> <span class='ocrx_word' id='word_1_631' title='bbox 3071 3201 3270 3275; x_wconf 87' lang='lat' dir='ltr'><strong>aliquot</strong></span> <span class='ocrx_word' id='word_1_632' title='bbox 3291 3202 3452 3257; x_wconf 84' lang='lat' dir='ltr'><strong>horas</strong></span> <span class='ocrx_word' id='word_1_633' title='bbox 3487 3200 3554 3256; x_wconf 86' lang='lat' dir='ltr'><strong>ab</strong></span> <span class='ocrx_word' id='word_1_634' title='bbox 3591 3212 3716 3257; x_wconf 91' lang='lat' dir='ltr'><strong>ortu</strong></span> <span class='ocrx_word' id='word_1_635' title='bbox 3759 3201 3828 3258; x_wconf 84' lang='lat' dir='ltr'><strong>ad</strong></span> 
     </span>
     <span class='ocr_line' id='line_1_87' title="bbox 2274 3287 3828 3362; baseline -0.002 -16"><span class='ocrx_word' id='word_1_636' title='bbox 2274 3309 2521 3347; x_wconf 84' lang='lat' dir='ltr'><strong>occasum</strong></span> <span class='ocrx_word' id='word_1_637' title='bbox 2547 3290 2695 3354; x_wconf 86' lang='lat' dir='ltr'><strong>solis,</strong></span> <span class='ocrx_word' id='word_1_638' title='bbox 2739 3289 2936 3362; x_wconf 86' lang='lat' dir='ltr'><strong>aliquot</strong></span> <span class='ocrx_word' id='word_1_639' title='bbox 2958 3288 3026 3344; x_wconf 85' lang='lat' dir='ltr'><strong>ab</strong></span> <span class='ocrx_word' id='word_1_640' title='bbox 3049 3306 3240 3345; x_wconf 88' lang='lat' dir='ltr'><strong>occasu</strong></span> <span class='ocrx_word' id='word_1_641' title='bbox 3269 3287 3338 3345; x_wconf 88' lang='lat' dir='ltr'><strong>ad</strong></span> <span class='ocrx_word' id='word_1_642' title='bbox 3383 3290 3660 3346; x_wconf 86' lang='lat' dir='ltr'><strong>orientem.</strong></span> <span class='ocrx_word' id='word_1_643' title='bbox 3693 3291 3828 3345; x_wconf 89' lang='lat' dir='ltr'><strong>Cum</strong></span> 
     </span>
     <span class='ocr_line' id='line_1_88' title="bbox 2280 3376 3828 3451; baseline -0.001 -19"><span class='ocrx_word' id='word_1_644' title='bbox 2280 3387 2457 3433; x_wconf 86' lang='lat' dir='ltr'><strong>autem</strong></span> <span class='ocrx_word' id='word_1_645' title='bbox 2476 3378 2588 3451; x_wconf 88' lang='lat' dir='ltr'><strong>ipse</strong></span> <span class='ocrx_word' id='word_1_646' title='bbox 2601 3394 2634 3433; x_wconf 82' lang='lat' dir='ltr'><strong>a</strong></span> <span class='ocrx_word' id='word_1_647' title='bbox 2651 3376 3013 3431; x_wconf 84' lang='lat' dir='ltr'><strong>molen-inariis</strong></span> <span class='ocrx_word' id='word_1_648' title='bbox 3027 3416 3042 3443; x_wconf 89' lang='lat'><strong>,</strong></span> <span class='ocrx_word' id='word_1_649' title='bbox 3074 3377 3250 3450; x_wconf 80' lang='lat' dir='ltr'><strong>quiex</strong></span> <span class='ocrx_word' id='word_1_650' title='bbox 3281 3376 3540 3431; x_wconf 83' lang='lat' dir='ltr'><strong>molarum</strong></span> <span class='ocrx_word' id='word_1_651' title='bbox 3565 3386 3716 3431; x_wconf 89' lang='lat' dir='ltr'><strong>motu</strong></span> <span class='ocrx_word' id='word_1_652' title='bbox 3742 3394 3828 3431; x_wconf 90' lang='lat' dir='ltr'><strong>ac-</strong></span> 
     </span>
     <span class='ocr_line' id='line_1_89' title="bbox 2278 3460 3836 3520; baseline -0.003 -1"><span class='ocrx_word' id='word_1_653' title='bbox 2278 3482 2484 3520; x_wconf 67' lang='lat' dir='ltr'><strong>cessum</strong></span> <span class='ocrx_word' id='word_1_654' title='bbox 2517 3474 2572 3519; x_wconf 90' lang='lat' dir='ltr'><strong>et</strong></span> <span class='ocrx_word' id='word_1_655' title='bbox 2597 3480 2856 3519; x_wconf 75' lang='lat' dir='ltr'><strong>reoessum</strong></span> <span class='ocrx_word' id='word_1_656' title='bbox 2879 3464 3118 3519; x_wconf 86' lang='lat' dir='ltr'><strong>omnium</strong></span> <span class='ocrx_word' id='word_1_657' title='bbox 3155 3464 3384 3519; x_wconf 81' lang='lat' dir='ltr'><strong>maxime</strong></span> <span class='ocrx_word' id='word_1_658' title='bbox 3417 3460 3836 3517; x_wconf 81' lang='lat' dir='ltr'><strong>animadvertere</strong></span> 
     </span>
     <span class='ocr_line' id='line_1_90' title="bbox 2276 3550 3830 3623; baseline -0.003 -16"><span class='ocrx_word' id='word_1_659' title='bbox 2276 3550 2474 3607; x_wconf 86' lang='lat' dir='ltr'><strong>habent</strong></span> <span class='ocrx_word' id='word_1_660' title='bbox 2499 3568 2706 3605; x_wconf 88' lang='lat' dir='ltr'><strong>necesse</strong></span> <span class='ocrx_word' id='word_1_661' title='bbox 2719 3588 2736 3617; x_wconf 87' lang='lat'><strong>,</strong></span> <span class='ocrx_word' id='word_1_662' title='bbox 2767 3558 3132 3623; x_wconf 84' lang='lat' dir='ltr'><strong>percunctatus</strong></span> <span class='ocrx_word' id='word_1_663' title='bbox 3170 3566 3334 3605; x_wconf 64' lang='lat' dir='ltr'><strong>essem</strong></span> <span class='ocrx_word' id='word_1_664' title='bbox 3349 3590 3368 3613; x_wconf 83' lang='lat'><em>‚</em></span> <span class='ocrx_word' id='word_1_665' title='bbox 3393 3550 3598 3622; x_wconf 85' lang='lat' dir='ltr'><strong>quoties</strong></span> <span class='ocrx_word' id='word_1_666' title='bbox 3615 3559 3670 3603; x_wconf 90' lang='lat' dir='ltr'><strong>et</strong></span> <span class='ocrx_word' id='word_1_667' title='bbox 3697 3560 3830 3621; x_wconf 86' lang='lat' dir='ltr'><strong>quot</strong></span> 
     </span>
     <span class='ocr_line' id='line_1_91' title="bbox 2284 3636 3825 3706; baseline -0.002 -11"><span class='ocrx_word' id='word_1_668' title='bbox 2284 3640 2440 3695; x_wconf 85' lang='lat' dir='ltr'><strong>boras</strong></span> <span class='ocrx_word' id='word_1_669' title='bbox 2482 3656 2627 3695; x_wconf 90' lang='lat' dir='ltr'><strong>nunc</strong></span> <span class='ocrx_word' id='word_1_670' title='bbox 2657 3637 2762 3695; x_wconf 85' lang='lat' dir='ltr'><strong>huc</strong></span> <span class='ocrx_word' id='word_1_671' title='bbox 2776 3678 2793 3706; x_wconf 93' lang='lat'><strong>,</strong></span> <span class='ocrx_word' id='word_1_672' title='bbox 2843 3656 2988 3693; x_wconf 89' lang='lat' dir='ltr'><strong>nunc</strong></span> <span class='ocrx_word' id='word_1_673' title='bbox 3022 3636 3145 3693; x_wconf 88' lang='lat' dir='ltr'><strong>illuc</strong></span> <span class='ocrx_word' id='word_1_674' title='bbox 3180 3647 3608 3693; x_wconf 78' lang='lat' dir='ltr'><strong>converterentur</strong></span> <span class='ocrx_word' id='word_1_675' title='bbox 3646 3636 3825 3705; x_wconf 85' lang='lat' dir='ltr'><strong>molae,</strong></span> 
     </span>
     <span class='ocr_line' id='line_1_92' title="bbox 2274 3724 3828 3801; baseline -0.001 -18"><span class='ocrx_word' id='word_1_676' title='bbox 2274 3726 2664 3801; x_wconf 75' lang='lat' dir='ltr'><strong>responderunt</strong></span> <span class='ocrx_word' id='word_1_677' title='bbox 2701 3726 3052 3782; x_wconf 87' lang='lat' dir='ltr'><strong>communiter</strong></span> <span class='ocrx_word' id='word_1_678' title='bbox 3089 3726 3230 3781; x_wconf 84' lang='lat' dir='ltr'><strong>intra</strong></span> <span class='ocrx_word' id='word_1_679' title='bbox 3254 3726 3438 3797; x_wconf 75' lang='lat' dir='ltr'><strong>viginti</strong></span> <span class='ocrx_word' id='word_1_680' title='bbox 3477 3736 3706 3798; x_wconf 87' lang='lat' dir='ltr'><strong>quatuor</strong></span> <span class='ocrx_word' id='word_1_681' title='bbox 3730 3724 3828 3781; x_wconf 85' lang='lat' dir='ltr'><strong>ho·</strong></span> 
     </span>
     <span class='ocr_line' id='line_1_93' title="bbox 2272 3813 3827 3887; baseline -0.001 -17"><span class='ocrx_word' id='word_1_682' title='bbox 2272 3832 2591 3870; x_wconf 76' lang='lat' dir='ltr'><strong>rascurmm</strong></span> <span class='ocrx_word' id='word_1_683' title='bbox 2613 3824 2796 3887; x_wconf 84' lang='lat' dir='ltr'><strong>qnater</strong></span> <span class='ocrx_word' id='word_1_684' title='bbox 2829 3814 3016 3869; x_wconf 83' lang='lat' dir='ltr'><strong>mutari</strong></span> <span class='ocrx_word' id='word_1_685' title='bbox 3047 3813 3260 3869; x_wconf 87' lang='lat' dir='ltr'><strong>solitum</strong></span> <span class='ocrx_word' id='word_1_686' title='bbox 3285 3832 3432 3881; x_wconf 55' lang='grc' dir='ltr'><strong>«κως</strong></span> <span class='ocrx_word' id='word_1_687' title='bbox 3462 3813 3723 3868; x_wconf 81' lang='lat' dir='ltr'><strong>sexhoris</strong></span> <span class='ocrx_word' id='word_1_688' title='bbox 3757 3813 3827 3868; x_wconf 88' lang='lat' dir='ltr'><strong>ab</strong></span> 
     </span>
     <span class='ocr_line' id='line_1_94' title="bbox 2274 3897 3828 3974; baseline -0.002 -17"><span class='ocrx_word' id='word_1_689' title='bbox 2274 3918 2384 3957; x_wconf 85' lang='lat' dir='ltr'><strong>una</strong></span> <span class='ocrx_word' id='word_1_690' title='bbox 2411 3911 2560 3974; x_wconf 87' lang='lat' dir='ltr'><strong>parte</strong></span> <span class='ocrx_word' id='word_1_691' title='bbox 2585 3898 2855 3967; x_wconf 85' lang='lat' dir='ltr'><strong>accedere,</strong></span> <span class='ocrx_word' id='word_1_692' title='bbox 2883 3898 3099 3955; x_wconf 88' lang='lat' dir='ltr'><strong>totidem</strong></span> <span class='ocrx_word' id='word_1_693' title='bbox 3118 3899 3187 3955; x_wconf 86' lang='lat' dir='ltr'><strong>ab</strong></span> <span class='ocrx_word' id='word_1_694' title='bbox 3211 3899 3372 3954; x_wconf 87' lang='lat' dir='ltr'><strong>altera</strong></span> <span class='ocrx_word' id='word_1_695' title='bbox 3394 3897 3661 3953; x_wconf 85' lang='lat' dir='ltr'><strong>recedere.</strong></span> <span class='ocrx_word' id='word_1_696' title='bbox 3689 3898 3828 3954; x_wconf 89' lang='lat' dir='ltr'><strong>Cum</strong></span> 
     </span>
     <span class='ocr_line' id='line_1_95' title="bbox 2272 3982 3824 4058; baseline -0.001 -18"><span class='ocrx_word' id='word_1_697' title='bbox 2272 3998 2450 4042; x_wconf 83' lang='lat' dir='ltr'><strong>antem</strong></span> <span class='ocrx_word' id='word_1_698' title='bbox 2483 3984 2764 4058; x_wconf 73' lang='lat' dir='ltr'><strong>adjungere</strong></span> <span class='ocrx_word' id='word_1_699' title='bbox 2803 3986 3116 4057; x_wconf 86' lang='lat' dir='ltr'><strong>inciperent,</strong></span> <span class='ocrx_word' id='word_1_700' title='bbox 3147 4002 3259 4039; x_wconf 86' lang='lat' dir='ltr'><strong>esse</strong></span> <span class='ocrx_word' id='word_1_701' title='bbox 3291 3982 3531 4055; x_wconf 64' lang='lat' dir='ltr'><strong>quedam</strong></span> <span class='ocrx_word' id='word_1_702' title='bbox 3558 3992 3824 4057; x_wconf 85' lang='lat' dir='ltr'><strong>tempora,</strong></span> 
     </span>
     <span class='ocr_line' id='line_1_96' title="bbox 2274 4070 3826 4143; baseline -0.002 -14"><span class='ocrx_word' id='word_1_703' title='bbox 2274 4090 2398 4129; x_wconf 90' lang='lat' dir='ltr'><strong>cum</strong></span> <span class='ocrx_word' id='word_1_704' title='bbox 2429 4072 2527 4128; x_wconf 86' lang='lat' dir='ltr'><strong>has</strong></span> <span class='ocrx_word' id='word_1_705' title='bbox 2551 4083 2716 4127; x_wconf 86' lang='lat' dir='ltr'><strong>certas</strong></span> <span class='ocrx_word' id='word_1_706' title='bbox 2741 4072 2877 4127; x_wconf 78' lang='lat' dir='ltr'><strong>vices</strong></span> <span class='ocrx_word' id='word_1_707' title='bbox 2901 4089 3010 4127; x_wconf 90' lang='lat' dir='ltr'><strong>non</strong></span> <span class='ocrx_word' id='word_1_708' title='bbox 3047 4070 3346 4125; x_wconf 83' lang='lat' dir='ltr'><strong>observaret</strong></span> <span class='ocrx_word' id='word_1_709' title='bbox 3394 4088 3410 4125; x_wconf 74' lang='lat' dir='ltr'><strong><em>z</em></strong></span> <span class='ocrx_word' id='word_1_710' title='bbox 3461 4071 3573 4143; x_wconf 87' lang='lat' dir='ltr'><strong>ipse</strong></span> <span class='ocrx_word' id='word_1_711' title='bbox 3601 4071 3826 4126; x_wconf 87' lang='lat' dir='ltr'><strong>nimium</strong></span> 
     </span>
     <span class='ocr_line' id='line_1_97' title="bbox 2272 4157 3822 4231; baseline -0.002 -15"><span class='ocrx_word' id='word_1_712' title='bbox 2272 4170 2470 4216; x_wconf 80' lang='lat' dir='ltr'><strong>attento</strong></span> <span class='ocrx_word' id='word_1_713' title='bbox 2495 4158 2642 4215; x_wconf 79' lang='lat' dir='ltr'><strong>vultu</strong></span> <span class='ocrx_word' id='word_1_714' title='bbox 2679 4169 2733 4215; x_wconf 88' lang='lat' dir='ltr'><strong>et</strong></span> <span class='ocrx_word' id='word_1_715' title='bbox 2752 4160 2928 4214; x_wconf 87' lang='lat' dir='ltr'><strong>animo</strong></span> <span class='ocrx_word' id='word_1_716' title='bbox 2949 4157 3212 4231; x_wconf 80' lang='lat' dir='ltr'><strong>excipiens</strong></span> <span class='ocrx_word' id='word_1_717' title='bbox 3247 4158 3461 4212; x_wconf 87' lang='lat' dir='ltr'><strong>illorum</strong></span> <span class='ocrx_word' id='word_1_718' title='bbox 3484 4175 3782 4213; x_wconf 85' lang='lat' dir='ltr'><strong>sermonem</strong></span> <span class='ocrx_word' id='word_1_719' title='bbox 3801 4197 3822 4224; x_wconf 85' lang='lat'><strong>,</strong></span> 
     </span>
     <span class='ocr_line' id='line_1_98' title="bbox 2272 4242 3829 4317; baseline -0.003 -16"><span class='ocrx_word' id='word_1_720' title='bbox 2272 4258 2324 4301; x_wconf 90' lang='lat' dir='ltr'><strong>et</strong></span> <span class='ocrx_word' id='word_1_721' title='bbox 2363 4246 2440 4301; x_wconf 89' lang='lat' dir='ltr'><strong>rei</strong></span> <span class='ocrx_word' id='word_1_722' title='bbox 2475 4246 2747 4300; x_wconf 72' lang='lat' dir='ltr'><strong>ver-itatem</strong></span> <span class='ocrx_word' id='word_1_723' title='bbox 2789 4245 2924 4299; x_wconf 87' lang='lat' dir='ltr'><strong>scire</strong></span> <span class='ocrx_word' id='word_1_724' title='bbox 2963 4244 3209 4317; x_wconf 87' lang='lat' dir='ltr'><strong>cupiens,</strong></span> <span class='ocrx_word' id='word_1_725' title='bbox 3258 4261 3497 4315; x_wconf 79' lang='lat' dir='ltr'><strong>quaenam</strong></span> <span class='ocrx_word' id='word_1_726' title='bbox 3531 4253 3705 4297; x_wconf 78' lang='lat' dir='ltr'><strong>essent</strong></span> <span class='ocrx_word' id='word_1_727' title='bbox 3742 4242 3829 4297; x_wconf 85' lang='lat' dir='ltr'><strong>illa</strong></span> 
     </span>
     <span class='ocr_line' id='line_1_99' title="bbox 2271 4327 3824 4405; baseline -0.003 -18"><span class='ocrx_word' id='word_1_728' title='bbox 2271 4342 2510 4405; x_wconf 86' lang='lat' dir='ltr'><strong>tempora</strong></span> <span class='ocrx_word' id='word_1_729' title='bbox 2529 4329 2795 4404; x_wconf 88' lang='lat' dir='ltr'><strong>inquirere</strong></span> <span class='ocrx_word' id='word_1_730' title='bbox 2829 4346 3097 4401; x_wconf 69' lang='lat' dir='ltr'><strong>aggressus</strong></span> <span class='ocrx_word' id='word_1_731' title='bbox 3113 4368 3129 4395; x_wconf 91' lang='lat'><strong>,</strong></span> <span class='ocrx_word' id='word_1_732' title='bbox 3166 4328 3518 4401; x_wconf 83' lang='lat' dir='ltr'><strong>deprehensus</strong></span> <span class='ocrx_word' id='word_1_733' title='bbox 3552 4346 3583 4382; x_wconf 85' lang='lat' dir='ltr'><strong>a</strong></span> <span class='ocrx_word' id='word_1_734' title='bbox 3605 4327 3824 4400; x_wconf 88' lang='lat' dir='ltr'><strong>quibus-</strong></span> 
     </span>
     <span class='ocr_line' id='line_1_100' title="bbox 2270 4416 3829 4495; baseline -0.004 -19"><span class='ocrx_word' id='word_1_735' title='bbox 2270 4420 2394 4475; x_wconf 83' lang='lat' dir='ltr'><strong>dam</strong></span> <span class='ocrx_word' id='word_1_736' title='bbox 2426 4420 2696 4495; x_wconf 76' lang='lat' dir='ltr'><strong>Coryeeis,</strong></span> <span class='ocrx_word' id='word_1_737' title='bbox 2732 4428 3032 4492; x_wconf 69' lang='lat' dir='ltr'><strong>etri-‚pente</strong></span> <span class='ocrx_word' id='word_1_738' title='bbox 3070 4428 3344 4491; x_wconf 84' lang='lat' dir='ltr'><strong>correptus</strong></span> <span class='ocrx_word' id='word_1_739' title='bbox 3365 4458 3381 4484; x_wconf 87' lang='lat'><strong>,</strong></span> <span class='ocrx_word' id='word_1_740' title='bbox 3431 4429 3490 4473; x_wconf 90' lang='lat' dir='ltr'><strong>ut</strong></span> <span class='ocrx_word' id='word_1_741' title='bbox 3528 4416 3829 4490; x_wconf 85' lang='lat' dir='ltr'><strong>explorator</strong></span> 
     </span>
     <span class='ocr_line' id='line_1_101' title="bbox 2268 4506 3326 4580; baseline -0.003 -18"><span class='ocrx_word' id='word_1_742' title='bbox 2268 4506 2573 4580; x_wconf 85' lang='lat' dir='ltr'><strong>aliquandiu</strong></span> <span class='ocrx_word' id='word_1_743' title='bbox 2599 4506 2654 4561; x_wconf 92' lang='lat' dir='ltr'><strong>in</strong></span> <span class='ocrx_word' id='word_1_744' title='bbox 2677 4506 2913 4562; x_wconf 84' lang='lat' dir='ltr'><strong>custodia</strong></span> <span class='ocrx_word' id='word_1_745' title='bbox 2935 4514 3166 4560; x_wconf 88' lang='lat' dir='ltr'><strong>retentus</strong></span> <span class='ocrx_word' id='word_1_746' title='bbox 3187 4522 3326 4559; x_wconf 87' lang='lat' dir='ltr'><strong>sum.</strong></span> 
     </span>
    </p>

    <p class='ocr_par' dir='ltr' id='par_1_10' title="bbox 2337 4591 3829 4664">
     <span class='ocr_line' id='line_1_102' title="bbox 2337 4591 3829 4664; baseline -0.003 -13"><span class='ocrx_word' id='word_1_747' title='bbox 2337 4598 2457 4651; x_wconf 85' lang='lat' dir='ltr'><strong>Jam</strong></span> <span class='ocrx_word' id='word_1_748' title='bbox 2481 4596 2537 4649; x_wconf 89' lang='lat' dir='ltr'><strong>in</strong></span> <span class='ocrx_word' id='word_1_749' title='bbox 2559 4594 2693 4650; x_wconf 77' lang='lat' dir='ltr'><strong>freto</strong></span> <span class='ocrx_word' id='word_1_750' title='bbox 2710 4593 2736 4634; x_wconf 82' lang='lat'>⁶</span> <span class='ocrx_word' id='word_1_751' title='bbox 2752 4592 3018 4648; x_wconf 84' lang='lat' dir='ltr'><strong>dividente</strong></span> <span class='ocrx_word' id='word_1_752' title='bbox 3037 4592 3239 4648; x_wconf 88' lang='lat' dir='ltr'><strong>Italiam</strong></span> <span class='ocrx_word' id='word_1_753' title='bbox 3263 4612 3296 4647; x_wconf 91' lang='lat' dir='ltr'><strong>a</strong></span> <span class='ocrx_word' id='word_1_754' title='bbox 3317 4592 3492 4648; x_wconf 83' lang='lat' dir='ltr'><strong>Sicilia</strong></span> <span class='ocrx_word' id='word_1_755' title='bbox 3517 4591 3680 4646; x_wconf 88' lang='lat' dir='ltr'><strong>multa</strong></span> <span class='ocrx_word' id='word_1_756' title='bbox 3696 4608 3829 4664; x_wconf 82' lang='lat' dir='ltr'><strong>prae·</strong></span> 
     </span>
    </p>
   </div>
   <div class='ocr_carea' id='block_1_6' title="bbox 2267 4786 3835 5418">
    <p class='ocr_par' dir='ltr' id='par_1_11' title="bbox 2267 4786 3835 5418">
     <span class='ocr_line' id='line_1_103' title="bbox 2269 4786 3835 4862; baseline -0.003 -17"><span class='ocrx_word' id='word_1_757' title='bbox 2269 4807 2482 4862; x_wconf 88' lang='lat' dir='ltr'><strong>quoque</strong></span> <span class='ocrx_word' id='word_1_758' title='bbox 2513 4808 2542 4843; x_wconf 89' lang='lat' dir='ltr'><strong>e</strong></span> <span class='ocrx_word' id='word_1_759' title='bbox 2574 4790 2830 4862; x_wconf 89' lang='lat' dir='ltr'><strong>Procopio</strong></span> <span class='ocrx_word' id='word_1_760' title='bbox 2863 4788 2903 4844; x_wconf 94' lang='lat' dir='ltr'><strong>l.</strong></span> <span class='ocrx_word' id='word_1_761' title='bbox 2934 4788 2968 4844; x_wconf 92' lang='grc' dir='ltr'><strong>Ι.</strong></span> <span class='ocrx_word' id='word_1_762' title='bbox 2997 4807 3053 4862; x_wconf 89' lang='lat' dir='ltr'><strong>p.</strong></span> <span class='ocrx_word' id='word_1_763' title='bbox 3094 4793 3218 4855; x_wconf 78' lang='lat'><strong>486,</strong></span> <span class='ocrx_word' id='word_1_764' title='bbox 3255 4791 3484 4858; x_wconf 74' lang='lat'><strong>8—487,</strong></span> <span class='ocrx_word' id='word_1_765' title='bbox 3522 4805 3587 4844; x_wconf 86' lang='lat'><strong>10</strong></span> <span class='ocrx_word' id='word_1_766' title='bbox 3626 4786 3835 4859; x_wconf 80' lang='lat' dir='ltr'><strong>Gyllius</strong></span> 
     </span>
     <span class='ocr_line' id='line_1_104' title="bbox 2270 4863 3831 4940; baseline -0.003 -17"><span class='ocrx_word' id='word_1_767' title='bbox 2270 4869 2556 4923; x_wconf 87' lang='lat' dir='ltr'><strong>transtulit.</strong></span> <span class='ocrx_word' id='word_1_768' title='bbox 2584 4868 2665 4924; x_wconf 79' lang='lat' dir='ltr'><strong>Ci’.</strong></span> <span class='ocrx_word' id='word_1_769' title='bbox 2687 4868 2980 4923; x_wconf 79' lang='lat' dir='ltr'><strong>Macrobius</strong></span> <span class='ocrx_word' id='word_1_770' title='bbox 3001 4869 3055 4923; x_wconf 90' lang='lat' dir='ltr'><strong>in</strong></span> <span class='ocrx_word' id='word_1_771' title='bbox 3074 4867 3332 4923; x_wconf 83' lang='lat' dir='ltr'><strong>saturnal.</strong></span> <span class='ocrx_word' id='word_1_772' title='bbox 3358 4886 3413 4939; x_wconf 90' lang='lat'><strong>7,</strong></span> <span class='ocrx_word' id='word_1_773' title='bbox 3443 4884 3508 4922; x_wconf 79' lang='lat'><strong>12</strong></span> <span class='ocrx_word' id='word_1_774' title='bbox 3530 4885 3586 4940; x_wconf 88' lang='lat' dir='ltr'><strong>p.</strong></span> <span class='ocrx_word' id='word_1_775' title='bbox 3613 4868 3716 4922; x_wconf 79' lang='lat'><strong>618</strong></span> <span class='ocrx_word' id='word_1_776' title='bbox 3736 4863 3831 4920; x_wconf 81' lang='lat' dir='ltr'><strong>ed.</strong></span> 
     </span>
     <span class='ocr_line' id='line_1_105' title="bbox 2270 4946 3830 5021; baseline -0.001 -18"><span class='ocrx_word' id='word_1_777' title='bbox 2270 4951 2306 5003; x_wconf 86' lang='lat' dir='ltr'><strong>J</strong></span> <span class='ocrx_word' id='word_1_778' title='bbox 2305 4966 2438 5004; x_wconf 88' lang='lat' dir='ltr'><strong>anus</strong></span> <span class='ocrx_word' id='word_1_779' title='bbox 2460 4967 2475 5004; x_wconf 78' lang='lat' dir='ltr'><strong><em>z</em></strong></span> <span class='ocrx_word' id='word_1_780' title='bbox 2497 4952 2706 5004; x_wconf 73' lang='lat' dir='ltr'><strong>Meatus</strong></span> <span class='ocrx_word' id='word_1_781' title='bbox 2719 4946 2854 5002; x_wconf 78' lang='lat' dir='ltr'><strong>enim</strong></span> <span class='ocrx_word' id='word_1_782' title='bbox 2864 4948 2956 5021; x_wconf 82' lang='lat' dir='ltr'><strong>qui</strong></span> <span class='ocrx_word' id='word_1_783' title='bbox 2971 4948 3112 5003; x_wconf 82' lang='lat' dir='ltr'><strong>solus</strong></span> <span class='ocrx_word' id='word_1_784' title='bbox 3129 4947 3192 5002; x_wconf 83' lang='lat' dir='ltr'><strong>de</strong></span> <span class='ocrx_word' id='word_1_785' title='bbox 3203 4965 3390 5003; x_wconf 75' lang='lat' dir='ltr'><strong>oceano</strong></span> <span class='ocrx_word' id='word_1_786' title='bbox 3408 4957 3643 5021; x_wconf 79' lang='lat' dir='ltr'><strong>receptas</strong></span> <span class='ocrx_word' id='word_1_787' title='bbox 3660 4963 3830 5019; x_wconf 79' lang='lat' dir='ltr'><strong>aquas</strong></span> 
     </span>
     <span class='ocr_line' id='line_1_106' title="bbox 2270 5022 3828 5098; baseline -0.004 -16"><span class='ocrx_word' id='word_1_788' title='bbox 2270 5028 2328 5082; x_wconf 76' lang='lat' dir='ltr'><strong>in</strong></span> <span class='ocrx_word' id='word_1_789' title='bbox 2369 5029 2542 5081; x_wconf 77' lang='lat' dir='ltr'><strong>maria</strong></span> <span class='ocrx_word' id='word_1_790' title='bbox 2581 5038 2760 5082; x_wconf 78' lang='lat' dir='ltr'><strong>nostra</strong></span> <span class='ocrx_word' id='word_1_791' title='bbox 2795 5027 3139 5091; x_wconf 78' lang='lat' dir='ltr'><strong>tmnsmittit,</strong></span> <span class='ocrx_word' id='word_1_792' title='bbox 3183 5034 3240 5080; x_wconf 77' lang='lat' dir='ltr'><strong>in</strong></span> <span class='ocrx_word' id='word_1_793' title='bbox 3264 5025 3414 5098; x_wconf 60' lang='lat' dir='ltr'><strong>ficto</strong></span> <span class='ocrx_word' id='word_1_794' title='bbox 3439 5036 3521 5080; x_wconf 76' lang='lat' dir='ltr'><strong>est</strong></span> <span class='ocrx_word' id='word_1_795' title='bbox 3560 5022 3828 5079; x_wconf 76' lang='lat' dir='ltr'><strong>Gaditano</strong></span> 
     </span>
     <span class='ocr_line' id='line_1_107' title="bbox 2268 5100 3829 5179; baseline -0.003 -19"><span class='ocrx_word' id='word_1_796' title='bbox 2268 5105 2415 5179; x_wconf 78' lang='lat' dir='ltr'><strong>quod</strong></span> <span class='ocrx_word' id='word_1_797' title='bbox 2430 5104 2752 5179; x_wconf 75' lang='lat' dir='ltr'><strong>Hispaniam</strong></span> <span class='ocrx_word' id='word_1_798' title='bbox 2777 5104 3116 5179; x_wconf 73' lang='lat' dir='ltr'><strong>Africamque</strong></span> <span class='ocrx_word' id='word_1_799' title='bbox 3141 5104 3438 5177; x_wconf 76' lang='lat' dir='ltr'><strong>interjacet,</strong></span> <span class='ocrx_word' id='word_1_800' title='bbox 3467 5115 3519 5159; x_wconf 81' lang='lat' dir='ltr'><strong>et</strong></span> <span class='ocrx_word' id='word_1_801' title='bbox 3539 5103 3653 5158; x_wconf 79' lang='lat' dir='ltr'><strong>sine</strong></span> <span class='ocrx_word' id='word_1_802' title='bbox 3668 5100 3829 5156; x_wconf 77' lang='lat' dir='ltr'><strong>dubio</strong></span> 
     </span>
     <span class='ocr_line' id='line_1_108' title="bbox 2273 5179 3828 5259; baseline -0.005 -19"><span class='ocrx_word' id='word_1_803' title='bbox 2273 5184 2550 5240; x_wconf 75' lang='lat' dir='ltr'><strong>inundatio</strong></span> <span class='ocrx_word' id='word_1_804' title='bbox 2591 5183 2709 5258; x_wconf 81' lang='lat' dir='ltr'><strong>ipsa</strong></span> <span class='ocrx_word' id='word_1_805' title='bbox 2729 5203 2832 5259; x_wconf 78' lang='lat' dir='ltr'><strong>per</strong></span> <span class='ocrx_word' id='word_1_806' title='bbox 2853 5184 3202 5259; x_wconf 72' lang='lat' dir='ltr'><strong>Hispaniense</strong></span> <span class='ocrx_word' id='word_1_807' title='bbox 3227 5195 3278 5237; x_wconf 84' lang='lat' dir='ltr'><strong>et</strong></span> <span class='ocrx_word' id='word_1_808' title='bbox 3305 5182 3638 5238; x_wconf 79' lang='lat' dir='ltr'><strong>Gallicanum</strong></span> <span class='ocrx_word' id='word_1_809' title='bbox 3667 5179 3828 5234; x_wconf 77' lang='lat' dir='ltr'><strong>litora</strong></span> 
     </span>
     <span class='ocr_line' id='line_1_109' title="bbox 2271 5256 3819 5336; baseline -0.006 -18"><span class='ocrx_word' id='word_1_810' title='bbox 2271 5262 2328 5318; x_wconf 75' lang='lat' dir='ltr'><strong>in</strong></span> <span class='ocrx_word' id='word_1_811' title='bbox 2361 5264 2673 5335; x_wconf 64' lang='lat' dir='ltr'><strong>ryrrhesmm</strong></span> <span class='ocrx_word' id='word_1_812' title='bbox 2691 5262 2877 5336; x_wconf 74' lang='lat' dir='ltr'><strong>prodit</strong></span> <span class='ocrx_word' id='word_1_813' title='bbox 2901 5283 2923 5317; x_wconf 87' lang='lat'><strong>.-</strong></span> <span class='ocrx_word' id='word_1_814' title='bbox 2953 5260 3070 5317; x_wconf 82' lang='lat' dir='ltr'><strong>inde</strong></span> <span class='ocrx_word' id='word_1_815' title='bbox 3089 5261 3468 5317; x_wconf 78' lang='lat' dir='ltr'><strong>Hadriaticum</strong></span> <span class='ocrx_word' id='word_1_816' title='bbox 3491 5256 3787 5327; x_wconf 70' lang='lat' dir='ltr'><strong>mansas-it</strong></span> <span class='ocrx_word' id='word_1_817' title='bbox 3802 5296 3819 5320; x_wconf 90' lang='lat'><strong>,</strong></span> 
     </span>
     <span class='ocr_line' id='line_1_110' title="bbox 2267 5334 3832 5418; baseline -0.005 -19"><span class='ocrx_word' id='word_1_818' title='bbox 2267 5363 2336 5399; x_wconf 72' lang='lat' dir='ltr'><strong>ex</strong></span> <span class='ocrx_word' id='word_1_819' title='bbox 2360 5361 2462 5418; x_wconf 81' lang='lat' dir='ltr'><strong>quo</strong></span> <span class='ocrx_word' id='word_1_820' title='bbox 2482 5342 2671 5397; x_wconf 75' lang='lat' dir='ltr'><strong>dextra</strong></span> <span class='ocrx_word' id='word_1_821' title='bbox 2700 5343 2756 5397; x_wconf 78' lang='lat' dir='ltr'><strong>in</strong></span> <span class='ocrx_word' id='word_1_822' title='bbox 2784 5342 3115 5397; x_wconf 75' lang='lat' dir='ltr'><strong>Parthenium</strong></span> <span class='ocrx_word' id='word_1_823' title='bbox 3133 5384 3148 5407; x_wconf 92' lang='lat'><strong>,</strong></span> <span class='ocrx_word' id='word_1_824' title='bbox 3180 5342 3310 5397; x_wconf 75' lang='lat' dir='ltr'><strong>loeva</strong></span> <span class='ocrx_word' id='word_1_825' title='bbox 3337 5340 3392 5396; x_wconf 79' lang='lat' dir='ltr'><strong>in</strong></span> <span class='ocrx_word' id='word_1_826' title='bbox 3421 5338 3632 5395; x_wconf 78' lang='lat' dir='ltr'><strong>Ionium</strong></span> <span class='ocrx_word' id='word_1_827' title='bbox 3663 5348 3714 5391; x_wconf 78' lang='lat' dir='ltr'><strong>et</strong></span> <span class='ocrx_word' id='word_1_828' title='bbox 3743 5334 3832 5391; x_wconf 84' lang='lat' dir='ltr'><strong>di·</strong></span> 
     </span>
    </p>
   </div>
   <div class='ocr_carea' id='block_1_7' title="bbox 616 5414 3829 5496">
    <p class='ocr_par' dir='ltr' id='par_1_12' title="bbox 616 5414 3829 5496">
     <span class='ocr_line' id='line_1_111' title="bbox 616 5414 3829 5496; baseline -0.001 -24"><span class='ocrx_word' id='word_1_829' title='bbox 616 5478 625 5490; x_wconf 33' lang='grc' dir='ltr'>ι</span> <span class='ocrx_word' id='word_1_830' title='bbox 691 5421 747 5472; x_wconf 85' lang='grc'><strong>6.</strong></span> <span class='ocrx_word' id='word_1_831' title='bbox 770 5420 895 5475; x_wconf 74' lang='lat' dir='ltr'><strong>Iam</strong></span> <span class='ocrx_word' id='word_1_832' title='bbox 926 5418 1199 5490; x_wconf 64' lang='lat' dir='ltr'><strong>inst-etos..</strong></span> <span class='ocrx_word' id='word_1_833' title='bbox 1228 5440 1433 5476; x_wconf 73' lang='lat' dir='ltr'><strong>sursum</strong></span> <span class='ocrx_word' id='word_1_834' title='bbox 1459 5420 1535 5476; x_wconf 81' lang='lat' dir='ltr'><strong>ad</strong></span> <span class='ocrx_word' id='word_1_835' title='bbox 1558 5424 1761 5477; x_wconf 78' lang='lat' dir='ltr'><strong>Fanum</strong></span> <span class='ocrx_word' id='word_1_836' title='bbox 1788 5440 1967 5478; x_wconf 80' lang='lat' dir='ltr'><strong>versus</strong></span> <span class='ocrx_word' id='word_1_837' title='bbox 1993 5423 2015 5495; x_wconf 97' lang='grc'><strong>]</strong></span> <span class='ocrx_word' id='word_1_838' title='bbox 2052 5424 2177 5477; x_wconf 77' lang='lat' dir='ltr'><strong>Haec</strong></span> <span class='ocrx_word' id='word_1_839' title='bbox 2274 5420 2460 5477; x_wconf 77' lang='lat' dir='ltr'><strong>tectim</strong></span> <span class='ocrx_word' id='word_1_840' title='bbox 2480 5420 2536 5475; x_wconf 76' lang='lat' dir='ltr'><strong>in</strong></span> <span class='ocrx_word' id='word_1_841' title='bbox 2562 5424 2796 5491; x_wconf 69' lang='lat' dir='ltr'><strong>AE&#39;goeum</strong></span> <span class='ocrx_word' id='word_1_842' title='bbox 2810 5419 3003 5496; x_wconf 73' lang='lat' dir='ltr'><strong>pergit,</strong></span> <span class='ocrx_word' id='word_1_843' title='bbox 3019 5432 3174 5496; x_wconf 82' lang='lat' dir='ltr'><strong>atque</strong></span> <span class='ocrx_word' id='word_1_844' title='bbox 3195 5420 3273 5475; x_wconf 80' lang='lat' dir='ltr'><strong>ita</strong></span> <span class='ocrx_word' id='word_1_845' title='bbox 3297 5417 3590 5490; x_wconf 65' lang='lat' dir='ltr'><strong>ingreditur</strong></span> <span class='ocrx_word' id='word_1_846' title='bbox 3614 5414 3670 5471; x_wconf 79' lang='lat' dir='ltr'><strong>in</strong></span> <span class='ocrx_word' id='word_1_847' title='bbox 3689 5418 3829 5469; x_wconf 81' lang='lat' dir='ltr'><strong>Pon·</strong></span> 
     </span>
    </p>
   </div>
  </div>
 </body>
</html>
