4584 6284
699 554 808 607 146

838 679 958 749 τούς
980 682 1100 739 ποτ’
1127 678 1235 740 ἀπὸ
1255 678 1484 741 Ξάνθοιο
1504 680 1595 740 καὶ
1619 680 1810 743 Ἰδαίου
1835 684 2116 761 Σιμόεντος

843 768 1020 828 πνοιαὶ
1049 766 1398 850 νοσφίσσαντο
1421 766 1590 831 νότοιό
1613 794 1668 830 τε
1693 772 1782 831 καὶ
1809 774 2074 855 ζεφύροιο,

729 875 802 917 tus
845 856 1166 934 ἐσπομὲνους
1195 856 1330 937 μετὰ
1350 860 1497 939 δῆριν
1523 857 1802 939 Ἀρητιάδῃ
1831 862 2069 940 βασιλῆι.

840 948 964 1013 Τοῖς
994 945 1037 1003 δ’
1067 943 1160 1005 lm
1185 945 1513 1007 ναιετάουσιν
1529 991 1548 1025 ,
1571 947 1812 1027 ὁμούριον
1843 938 1964 1007 αἶαν
1988 950 2194 1029 ἔχοντες
2209 994 2228 1025 ,

841 1030 1084 1113 Ἡνίοχοι
1103 1030 1291 1113 Ζύγιοί
1309 1055 1390 1109 τε,
1418 1034 1738 1114 Πελασγίδος
1759 1034 1958 1113 ἔκγονοι
1981 1036 2119 1110 αἴης.

838 1118 962 1201 Πὰρ
979 1120 1032 1180 δὲ
1050 1118 1219 1201 μυχὸν
1234 1120 1477 1194 Πόντοιο,
1500 1122 1632 1198 μετὰ
1647 1122 1808 1203 χθόνα
1827 1126 1876 1183 Τ
1878 1124 2222 1205 υνδαριδάων,

843 1210 1050 1288 Κόλχοι
1069 1206 1400 1282 ναιετάουσι,
1431 1210 1713 1285 μετήλυδες
1743 1208 2064 1290 Αἰγύπτοιο,

726 1314 802 1357 teo
843 1296 1133 1356 Καυκάσου
1152 1292 1302 1374 ἔγγὺς
1320 1293 1486 1363 ἰόντες
1503 1342 1520 1371 ,
1539 1296 1593 1365 ὃς
1609 1295 1886 1377 Ὑρκάνιον
1903 1298 2029 1381 περὶ
2042 1300 2227 1361 πόντον

839 1382 1039 1465 οὔρεσιν
1057 1381 1383 1457 ἠλιὸάτοισιν
1407 1384 1629 1454 ἀέξεται·
1658 1384 1779 1445 ἔνθα
1799 1411 1856 1447 τε
1884 1389 2089 1461 Φᾶσις,

839 1470 1097 1550 Κιρκαίου
1121 1468 1256 1531 κατὰ
1281 1474 1444 1531 νῶτον
1473 1470 1800 1549 ἑλισσόμενος
1821 1471 2018 1535 πεδίοιο
2034 1520 2052 1548 ,

839 1557 1084 1627 Εὐξείνου
1107 1558 1231 1619 ποτὶ
1250 1562 1428 1639 χεῦμα
1451 1558 1572 1631 θοὴν
1591 1562 1932 1641 ἀπερεύγεται
1951 1560 2144 1642 ἄχνην,

837 1645 1125 1725 ἀρξάμενος
1157 1646 1439 1727 τὸπρῶτον
1469 1647 1562 1706 ἀπ’
1589 1647 1765 1729 οὔρεος
1793 1648 2097 1728 Ἀρμενίοιο.

715 1753 796 1795 σοι
835 1738 888 1796 Τ
887 1740 948 1793 οῦ
967 1736 1020 1795 δὲ
1032 1734 1161 1816 πρὸς
1170 1734 1409 1807 ἀντολίην
1423 1734 1608 1816 βορέην
1624 1738 1674 1796 τ’
1691 1738 2011 1798 ἐπικέκλιται
2023 1739 2220 1817 ἰσθμός,

835 1823 1017 1899 ἰσθμὸς
1051 1822 1294 1896 Κασπίης
1314 1824 1488 1905 τεκαὶ
1517 1823 1782 1893 Εὐξείνοιο
1816 1824 2098 1898 θαλάσσης.

833 1912 932 1992 Τῷ
955 1912 1000 1968 δ’
1037 1910 1126 1970 ἔπι
1145 1911 1464 1972 ναιετάουσιν
1495 1913 1700 1972 ἑωθινὸν
1724 1913 1864 1982 ἔθνος
1890 1912 2137 1994 Ἰὅήρων,

835 1994 888 2056 οἵ
909 2020 1036 2057 ποτε
1068 1996 1373 2077 Πυρήνηθεν
1401 2001 1489 2058 ἐπ’
1515 2001 1754 2075 ἀντολίην
1782 2001 2055 2084 ἀφίκοντο,

831 2084 1079 2166 ἀνδράσιν
1098 2082 1452 2166 Ὑρκανίοισιν
1478 2085 1706 2167 ἀπεχθέα
1731 2089 1876 2167 δῆριν
1895 2088 2100 2168 ἔχοντες
2113 2131 2133 2167 ,

2128 555 2476 621 moNYsu

2322 717 2457 771 quos
2480 701 2603 755 olim
2628 722 2661 757 a
2700 707 2916 761 Xantho
2940 720 2995 763 et
3020 710 3163 767 Idaeo
3188 716 3452 775 Simoente

2322 785 2473 839 flatus
2492 789 2651 843 austri
2686 792 3001 866 zephyrique
3035 796 3380 871 abripuerunt
3396 845 3411 870 ,

2320 888 2486 945 quum
2516 876 2587 931 ob
2612 876 2805 933 bellum
2832 880 3115 938 fortissimo
3138 888 3249 958 regi
3268 904 3440 947 essent
3468 899 3724 955 comitati.

2318 963 2443 1017 Post
2466 964 2562 1020 hos
2591 970 2855 1038 regionem
2884 970 3119 1028 habitant
3150 977 3374 1033 vicinam

2318 1049 2571 1106 Heniochi
2597 1054 2847 1128 Zygiique
2864 1095 2879 1123 ,
2900 1058 3169 1130 Pelasgicae
3196 1064 3372 1135 stirpis
3405 1084 3657 1142 propago,

2318 1140 2389 1190 At
2404 1138 2459 1190 in
2486 1140 2637 1193 Ponti
2668 1158 2871 1195 recessu
2893 1154 3011 1213 post
3032 1143 3209 1200 sedem
3236 1148 3657 1221 Tyndaridarum

2317 1224 2495 1279 Colchi
2516 1225 2785 1293 habitant,
2811 1246 2875 1281 ex
2896 1230 3119 1303 AEgypto
3153 1233 3367 1290 advenae
3382 1276 3399 1303 ,

2319 1311 2549 1365 Caucaso
2574 1314 2891 1386 propinqui,
2928 1317 3020 1386 qui
3045 1318 3369 1389 Hyrcanium
3402 1323 3472 1377 ad
3510 1344 3655 1382 mare

2316 1398 2581 1453 montibus
2616 1400 2827 1455 excelsis
2845 1414 3093 1473 augetur3
3122 1405 3215 1460 ubi
3242 1409 3419 1464 Phasis

2312 1500 2409 1555 per
2429 1482 2648 1540 dorsum
2682 1488 2853 1560 campi
2872 1487 3054 1543 Cireoei
3082 1490 3260 1546 lalaens

2312 1568 2381 1622 ad
2398 1571 2594 1625 undam
2634 1573 2828 1626 Euxini
2856 1573 3089 1646 rapidam
3124 1594 3362 1649 spumam
3388 1593 3615 1647 eructat,

2312 1656 2474 1711 initiis
2496 1657 2565 1713 ab
2595 1661 2847 1715 Armenio
2868 1671 3045 1716 monte
3075 1664 3261 1737 captis.

2310 1745 2483 1817 Hujus
2494 1755 2669 1799 autem
2682 1744 2751 1800 ad
2768 1757 2943 1801 ortum
2954 1757 3007 1801 et
3022 1753 3399 1820 septentriones
3412 1755 3637 1810 isthmus
3647 1760 3861 1826 resedit,

2310 1829 2531 1884 isthmus
2552 1832 2727 1902 Caspii
2746 1833 2901 1885 maris
2922 1842 3079 1903 atque
3099 1836 3312 1890 Euxini.

2306 1918 2444 1971 Eum
2466 1936 2591 1972 vero
2614 1918 2797 1973 accolit
2822 1920 3084 1974 orientalis
3103 1921 3315 1977 Iberum
3343 1942 3467 1995 gens
3481 1967 3498 1992 ,

2306 2006 2396 2078 qui
2424 2024 2455 2059 a
2482 2006 2737 2077 Pyrenaeis
2764 2005 2889 2062 olim
2912 2009 2967 2061 in
2993 2010 3246 2064 orientem
3272 2025 3655 2083 pervenerunt,

2209 2084 2217 2095 ’
2304 2102 2359 2145 et
2383 2108 2505 2146 cum
2532 2094 2915 2164 Hyreaniomm
2937 2094 3135 2167 populo
3158 2094 3352 2150 bellum
3375 2099 3609 2155 inierunt
3635 2113 3783 2157 atrox
3802 2144 3818 2170 ,

667 2304 766 2358 nisi
793 2300 939 2375 quod
961 2301 1005 2355 τ’
1030 2299 1252 2372 ‘opina
1277 2302 1331 2354 in
1351 2304 1422 2356 Fs
1439 2311 1492 2355 et
1511 2320 1564 2356 τε
1587 2300 1784 2374 Ὀρόται
1801 2304 1854 2355 in
1877 2306 1938 2357 1..
1957 2304 2035 2356 De
2059 2312 2212 2373 geute
2301 2302 2679 2355 Dioscurorum
2708 2299 3041 2371 religionibus
3075 2312 3127 2355 et
3154 2304 3357 2357 nomini
3398 2304 3555 2360 fuisse
3582 2325 3853 2366 consecr-a-

665 2382 734 2437 cs.
768 2393 882 2436 not.
913 2379 979 2435 ad
1015 2380 1370 2453 Scylac.§76,
1391 2390 1432 2435 t.
1469 2397 1515 2446 1,
1551 2398 1604 2453 p.
1629 2386 1715 2437 60.
1753 2383 1776 2453 ΙΙ
1807 2412 1878 2424 -
1902 2382 2026 2437 683.
2060 2381 2201 2453 τοὺς]

662 2463 747 2525 οὓς
766 2466 874 2527 Αο,·
892 2462 1058 2525 ‘cobet’
1078 2458 1194 2515 αἰπὺ
1220 2459 1335 2532 (sic)
1362 2459 1493 2522 ξανθ.
1521 2464 1590 2515 Ε.
1623 2461 1646 2530 ΙΙ
1671 2490 1744 2501 -
1765 2462 1888 2523 684.
1915 2458 2206 2530 νοσφίσαντο

659 2540 1372 2610 ΒΟΡΟΗΧΔΜΝΟΧζεεω
1387 2536 1758 2610 ἐνοσφίσαντοη,
1783 2538 2068 2611 σφίσαντοε,
2096 2535 2204 2590 ἔνο-

659 2620 921 2693 σφίσσαντο
943 2618 980 2682 Ι,
1008 2615 1260 2689 ἕνόσφισαν
1283 2614 1344 2680 d,-
1368 2634 1472 2671 νοτ.
1493 2634 1547 2669 τε
1565 2614 1650 2670 καὶ
1670 2617 1923 2690 ζεφύροιο]
1954 2618 2031 2671 sic
2057 2620 2208 2673 ΑΒΕ

654 2695 1381 2764 GHKLMNOYXMegihvc
1392 2705 1446 2749 et
1465 2712 1643 2765 margo
1663 2694 1720 2763 d,
1741 2695 1908 2762 Eust.,
1933 2696 2034 2749 nisi
2055 2696 2200 2767 quod

654 2778 711 2833 in
726 2796 753 2833 e
769 2778 1032 2834 omittitur
1047 2794 1100 2829 τε
1119 2795 1134 2841 ;
1161 2774 1333 2846 βορέαο
1351 2772 1436 2827 καὶ
1459 2773 1679 2845 ζεφύροιο
1705 2772 1799 2829 Ed
1810 2796 1831 2837 ,-
1852 2774 2018 2827 νότοιο
2037 2790 2092 2826 τε
2117 2773 2202 2826 καὶ

651 2857 824 2929 βορέαο
837 2866 958 2910 cett.
973 2851 1154 2918 eodd.;
1173 2852 1277 2907 hoc
1292 2852 1384 2923 qui
1398 2854 1531 2907 tueri
1552 2853 1750 2920 volunt,
1765 2868 1950 2906 vocem
1961 2850 2076 2914 τοὺς
2089 2868 2198 2906 non

645 2934 714 2989 ad
732 2934 951 2991 Achaeos
977 2932 1131 2987 Ponti
1157 2931 1398 2995 accolas,.
1415 2930 1484 2987 de
1507 2931 1698 3004 quibus
1719 2933 1774 2986 in
1796 2940 1996 2985 antece.
2022 2948 2198 2985 sermo

644 3024 755 3079 est,
781 3012 1042 3076 referunt,
1076 3008 1169 3065 sed
1195 3008 1263 3063 ad
1287 3028 1624 3083 quoscunque
1649 3010 1742 3081 qui
1779 3006 1939 3078 Troja
1966 3006 2197 3061 redeun-

645 3102 722 3147 tes
739 3088 1133 3164 tempestatibus
1151 3089 1232 3143 vel
1251 3088 1466 3144 boream
1483 3088 1560 3142 vel
1580 3099 1815 3143 austrum
1841 3104 2018 3141 versus
2039 3085 2196 3141 delati

642 3171 765 3225 sint.
796 3168 959 3239 Quod
977 3169 1130 3239 longe
1153 3168 1374 3239 petitum
1401 3176 1458 3221 et
1481 3176 1682 3220 tantum
1711 3184 1820 3222 non
1839 3166 2078 3236 ineptum
2093 3176 2192 3219 est.

649 3250 672 3318 ΙΙ
703 3278 776 3290 -
797 3248 922 3303 685.
957 3246 1249 3319 ἐρχομένους
1275 3246 1328 3309 k,
1360 3244 1592 3317 Ἀρητιάδι
1614 3263 1661 3298 ο.
1692 3270 1714 3291 ι
1736 3242 1931 3299 Omnia
1953 3242 2066 3297 haec
2096 3262 2195 3298 nos

643 3324 834 3390 latent,
868 3342 1040 3397 neque
1073 3322 1348 3395 Ἀρητιάδης
1382 3324 1516 3376 sitne
1553 3324 1606 3377 in
1635 3321 1937 3377 nominibus
1960 3339 2027 3375 an
2053 3320 2196 3392 adje-

645 3408 796 3460 ctivis
823 3403 1169 3479 judicandum
1201 3404 1354 3472 (nam
1383 3400 1590 3473 Ἀρητιάς
1617 3402 1725 3455 sive
1747 3404 1814 3453 de
1841 3400 1984 3454 sonte
2003 3402 2114 3452 sive
2137 3401 2190 3455 in

643 3489 962 3538 Amazonem
981 3499 1068 3554 ap.
1099 3480 1270 3552 Apoll.
1294 3496 1348 3547 α,
1374 3484 1478 3550 966
1508 3478 1708 3533 dictum
1723 3478 1880 3533 habet
1905 3477 2188 3532 faciliorem

641 3563 980 3635 explicatum)
997 3560 1118 3615 lieet
1138 3559 1431 3614 decernere.
1449 3560 1596 3613 Hane
1617 3555 1830 3630 quidem
1849 3558 2190 3628 quaestionem

641 3642 868 3715 Scaliger
892 3640 960 3697 ad
981 3640 1173 3695 Euseb.
1198 3656 1254 3712 p.
1276 3656 1346 3709 70
1365 3656 1474 3692 non
1492 3638 1662 3709 attigit
1679 3678 1694 3703 ,
1715 3636 1806 3691 sed
1833 3637 2044 3690 monuit
2069 3636 2154 3691 ille
2168 3677 2185 3703 ,

641 3722 976 3777 Eustathium
1021 3716 1406 3793 reprehendens
1419 3756 1436 3784 ,
1489 3716 1830 3790 Ascalaphum
1878 3715 2184 3787 significari,

641 3820 751 3857 non
783 3804 1190 3873 Agamemnona.
1225 3800 1450 3851 Versum
1499 3796 1726 3851 Avienus
1751 3794 1955 3850 silentio
1979 3805 2188 3866 praeter·

640 3882 802 3935 misit.
833 3906 855 3927 n
880 3881 1238 3934 Bnummr.
1259 3876 1510 3931 Pfiscian.
1547 3880 1648 3931 666
1685 3892 1699 3930 :
1741 3874 2035 3948 Ascalaphi
2051 3874 2187 3943 regis

637 3957 888 4013 victricia
904 3956 1058 4027 signa
1081 3966 1358 4029 sequentes.
1381 3952 1621 4009 Pluribus
1651 3952 1720 4008 de
1745 3953 1830 4008 his
1863 3954 2080 4024 exponit
2112 3954 2180 4007 Ο.

635 4037 854 4093 Mueller
871 4034 1172 4093 Omlaomen.
1194 4050 1249 4106 p.
1279 4035 1403 4089 288.
1431 4033 1674 4103 11—687.
1709 4032 1935 4103 Ἡνίοχοι
1960 4032 2108 4103 Ζυγοί
2129 4052 2180 4086 τε

635 4122 710 4183 0,·
739 4114 973 4188 Ἦνίοχοί
987 4132 1039 4169 τε
1053 4114 1218 4186 Ζύγιοι
1237 4132 1290 4168 τε
1317 4112 1490 4185 Εζᾰᾳ,
1513 4111 1653 4184 quod
1677 4124 1854 4167 ortum
1887 4111 2094 4166 videtur
2115 4130 2178 4166 ex

633 4214 742 4250 var.
777 4194 897 4249 lect.
935 4192 1019 4250 Ἢ.
1056 4211 1110 4247 τε
1136 4192 1285 4264 Ζυγοί
1304 4210 1380 4257 τε,
1406 4191 1550 4264 quod
1572 4210 1695 4247 sane
1715 4192 1892 4245 malim
1925 4190 2176 4262 quoniam

636 4292 721 4347 ap.
769 4284 969 4327 ceteros
997 4272 1275 4346 scriptores
1309 4288 1434 4342 gens
1476 4272 1570 4325 ista
1597 4271 1743 4343 Ζυγοί
1775 4280 2044 4333 vocantur,
2074 4270 2176 4323 nisi

629 4352 772 4424 quod
799 4369 908 4407 uno
935 4350 1204 4407 Strabonis
1227 4350 1344 4405 loeo
1369 4367 1426 4421 p.
1462 4354 1565 4420 496
1596 4350 1800 4404 codices
1826 4349 1992 4422 Ζύγιοι
2025 4348 2172 4403 exhi·

628 4434 784 4491 bent.
810 4431 900 4487 ubi
929 4430 1077 4499 Ζυγοί
1097 4430 1329 4502 reposuit
1363 4430 1613 4502 Corayus.
1645 4428 1977 4502 Πελασγίδος]
2003 4430 2175 4483 Δακω·

629 4512 756 4573 νίδος
787 4510 863 4581 ds
881 4515 990 4583 (γρ.
1019 4508 1321 4581 Πελασγίδος
1349 4506 1475 4565 add.
1503 4508 1625 4579 inf
1648 4511 1699 4578 );
1743 4508 1924 4580 ἔκγονα
1947 4529 2002 4574 0,·
2027 4512 2170 4581 γαίης

629 4597 771 4647 ABG
781 4596 993 4665 Ocoqst.
1018 4590 1260 4661 {1-688,
1275 4587 1406 4659 παρὰ
1429 4588 1482 4643 δὲ
1501 4588 1694 4653 DXdo,
1712 4589 1837 4642 κατὰ
1858 4588 1937 4654 k1,·
1959 4589 2167 4644 Πόντιον

625 4671 745 4727 cod.
777 4674 826 4737 ζ,
847 4670 1149 4741 Τυνδαρίδων
1171 4687 1222 4743 q.
1247 4667 1638 4723 Dioscuriadem
1661 4667 1815 4732 dicit,
1847 4685 2004 4740 quam
2030 4680 2167 4723 vete·

625 4769 704 4803 τω
733 4752 785 4803 in
813 4749 962 4803 Ponti
1004 4764 1210 4803 recessu
1236 4745 1474 4801 omnium
1503 4748 1728 4801 maxime
1750 4746 1985 4800 orientali
2013 4748 2164 4802 sitam

620 4848 732 4883 csse
763 4826 1100 4884 crediderunt
1118 4825 1333 4895 (Strabo
1357 4842 1412 4897 p.
1439 4828 1526 4897 47.
1555 4830 1672 4879 126.
1703 4828 1842 4897 '⁸973
1885 4825 2161 4895 Agathem.

620 4925 671 4978 p.
702 4913 767 4962 61
793 4906 966 4962 Huds.
987 4905 1030 4979 ).
1063 4930 1085 4953 ι
1111 4906 1300 4959 Facere
1321 4904 1600 4975 Dionysius
1635 4901 1841 4957 videtur
1861 4901 1880 4975 (
1899 4903 2164 4959 Bernhar-

619 4985 752 5058 dyus
777 4985 889 5059 ait)
915 5002 1038 5039 cum
1066 4984 1313 5038 Romanis
1340 4982 1642 5056 geographis
1675 4983 1912 5038 sublestae
1931 4986 2163 5039 auctori·

618 5068 735 5119 tatis
750 5106 766 5131 ,
805 5065 944 5120 Mela
986 5064 1260 5134 Plinioque
1273 5102 1289 5128 ,
1318 5065 1410 5134 qui
1449 5060 1837 5117 Dioscoriadem
1877 5060 1944 5116 ab
1967 5064 2163 5136 aurigis

618 5145 998 5199 Dioscurorum
1015 5181 1033 5208 ,
1101 5140 1400 5196 Heniochiae
1450 5139 1827 5206 conditoribus,
1888 5140 2160 5196 fundatam

612 5224 994 5296 perhibuerunt
1009 5261 1026 5288 ,
1052 5220 1202 5293 cujus
1223 5222 1300 5274 rei
1331 5216 1514 5273 Strabo
1535 5220 1796 5289 ceterique
1821 5228 1943 5271 sunt
1969 5220 2157 5289 ignari.

611 5303 816 5357 idcireo
856 5300 1212 5375 probabiliore
1253 5300 1337 5354 via
1379 5296 1773 5371 suspicabimur,
1818 5299 1927 5369 ipsa
1987 5300 2159 5369 specie

609 5384 750 5437 vocis
809 5380 1092 5453 adjuvante
1107 5418 1123 5447 ,
1171 5379 1464 5452 emporium
1501 5377 1623 5431 illud
1673 5376 2157 5449 frequentissimum

2298 2389 2443 2447 tum3
2464 2398 2588 2433 nam
2610 2378 2831 2434 deorum
2856 2380 3075 2434 istorum
3102 2380 3208 2446 vis,
3233 2382 3323 2454 qui
3340 2382 3556 2438 tutelam
3574 2398 3851 2445 nautarum

2296 2459 2640 2523 exercebant,
2682 2476 2839 2531 quam
2867 2457 2965 2512 late
2998 2461 3226 2530 patuerit
3252 2461 3465 2531 copiosa
3494 2461 3851 2536 disputatione

2294 2534 2578 2607 designavit
2594 2534 3021 2590 Hemsterhusius
3043 2534 3111 2589 ad
3131 2538 3351 2591 Luciaui
3369 2541 3439 2595 D.
3459 2541 3529 2593 D.
3557 2546 3646 2595 26.
3669 2566 3693 2589 ι
3732 2544 3756 2615 ΙΙ
3778 2574 3855 2603 -,

2294 2618 2415 2684 689.
2442 2614 2523 2669 Cf.
2549 2612 2815 2669 Herodot.
2842 2630 2895 2679 α,
2930 2618 3028 2679 rol,
3048 2655 3063 2680 ,
3086 2614 3272 2671 Strabo
3293 2634 3351 2689 p.
3380 2621 3514 2689 4983
3536 2619 3761 2678 Diodor.
3797 2641 3847 2691 1,

2291 2695 2358 2747 28
2377 2711 2393 2757 ς
2414 2692 2652 2746 Valerius
2674 2691 2843 2747 Flacc.
2868 2692 2919 2757 5,
2946 2695 3069 2763 419,
3100 2696 3365 2755 Ammian.
3394 2714 3485 2765 αα,
3514 2702 3568 2765 8,
3594 2704 3683 2765 al..
3720 2704 3743 2773 ss
3774 2734 3850 2747 -

2289 2775 2416 2841 690.
2443 2772 2526 2844 ὃς]
2556 2771 2638 2834 οὓς
2662 2778 2740 2835 0,·
2770 2770 2909 2842 περὶ]
2936 2771 3066 2844 παρὰ
3100 2777 3214 2846 Dq,·
3248 2775 3460 2849 πόντον]
3486 2778 3672 2833 κόλπον
3700 2786 3845 2851 Cego.

2295 2849 2318 2918 ΙΙ
2340 2854 2542 2919 -691.
2572 2848 2759 2920 οὔρεσιν
2774 2850 2793 2921 ]
2810 2850 3009 2921 πρηόσιν
3027 2854 3221 2925 B.tsoq;
3234 2856 3458 2925 πρηιόσιν
3484 2860 3547 2913 Χ
3544 2896 3560 2921 ,
3576 2857 3773 2929 πρηΐσιν
3789 2879 3841 2927 ο,

2285 2930 2502 2999 πρηώσιν
2530 2946 2585 2993 o,-
2611 2946 2665 2982 τε
2682 2945 2792 2982 om.
2822 2934 2900 2992 D,·
2922 2928 2951 2982 ὁ
2970 2928 3126 2992 Φᾶσις
3148 2933 3214 2987 F.
3244 2933 3266 3003 ΙΙ
3297 2963 3370 2974 -
3398 2938 3523 3005 692.
3550 2935 3749 3007 Κιρκέου
3771 2942 3845 3002 G,-

2287 3004 2444 3077 κατὰ]
2470 3006 2591 3079 μετὰ
2638 3005 2758 3072 011,-
2780 3007 2924 3061 νότον
2959 3012 3026 3064 F.
3057 3008 3142 3064 Cf.
3189 3009 3365 3083 Apoll.
3394 3011 3571 3067 mnod.
3604 3015 3656 3080 3,
3692 3032 3792 3088 199
3824 3038 3837 3073 :

2283 3084 2464 3157 Χίρσον
2485 3087 2529 3139 δ’
2554 3086 2847 3155 ἔξαπίὸησαν
2872 3084 2953 3142 ἔπι
2976 3088 3204 3161 θρωσμοῦ
3233 3091 3437 3148 πεδίοιο.
3464 3092 3697 3165 Κιρκαῖον
3727 3098 3839 3153 τόδε

2283 3183 2377 3216 που
2402 3164 2734 3232 κικλήσκεται.
2761 3164 2939 3219 Valer.
2969 3165 3139 3221 Flaoc.
3180 3184 3229 3235 1,
3252 3170 3282 3223 ⁵
3315 3187 3330 3226 :
3360 3168 3494 3224 Inde
3518 3170 3698 3238 viam,
3732 3192 3842 3246 qua

2287 3242 2467 3296 Cimoet
2484 3242 2655 3317 plaga
2675 3243 2925 3317 proxima
2958 3244 3163 3319 campi,
3192 3247 3506 3321 corripiunt.
3553 3252 3575 3321 ΙΙ
3610 3280 3678 3293 —·
3707 3255 3834 3324 693.

2281 3322 2443 3375 Hunc
2466 3338 2677 3375 versum
2704 3332 2757 3375 ct
2787 3340 2868 3394 sq.
2911 3324 3199 3395 Stephanus
3225 3344 3278 3381 ν.
3312 3325 3535 3400 Ἀρμενία
3562 3330 3704 3385 citat.
3733 3330 3851 3388 ivet-⁴

2281 3399 2503 3472 ρεύγεται
2528 3403 2799 3473 [alvom
2822 3401 3007 3472 ἄχνην]
3037 3402 3202 3474 ἅλμην
3235 3407 3320 3466 ct.
3354 3406 3375 3476 ΙΙ
3394 3410 3606 3477 -694,
3631 3407 3690 3461 rb
3719 3427 3831 3465 om.

2281 3476 2404 3551 hoq,-
2422 3477 2484 3533 τὰ
2502 3484 2671 3550 πρῶτα
2697 3482 2766 3534 G.
2798 3480 2820 3549 ΙΙ
2857 3510 2931 3522 -
2957 3481 3079 3550 695.
3113 3482 3332 3553 βορίηνδ’
3378 3482 3505 3540 ἔπικ.
3539 3490 3618 3549 0,·
3634 3486 3681 3539 τ’
3721 3505 3829 3542 om.

2280 3557 2446 3621 Am,-
2482 3556 2789 3626 ἐπικέκληται
2814 3558 2865 3613 h.
2894 3560 2916 3631 ΙΙ
2947 3588 3020 3602 -
3042 3565 3167 3630 697.
3190 3558 3421 3619 immet.
3448 3568 3675 3637 DELQ.
3705 3568 3727 3637 ss
3759 3596 3835 3609 —-

2281 3638 2407 3705 698.
2434 3635 2653 3708 Πυρρήν.
2686 3635 2847 3693 codd.
2866 3637 3109 3710 plurimi;
3136 3637 3246 3712 ἐπ’]
3264 3642 3369 3712 μετ’
3387 3646 3463 3705 0,·
3488 3640 3737 3713 ἀφίκοιντο
3760 3649 3827 3702 G.

2283 3715 2530 3787 {1—699.
2554 3713 2859 3786 ‘I'pmvlotet
2885 3735 2929 3780 e,
2963 3714 3269 3790 Ὑρκανίῃσιν
3297 3717 3419 3776 eod.
3451 3739 3501 3787 ες
3534 3720 3705 3793 ἔχουσι
3723 3727 3829 3790 BC,

2275 3794 2479 3867 ἄγοντες
2505 3795 2559 3851 lt.
2593 3798 2674 3849 De
2697 3813 2755 3849 re
2780 3795 2851 3849 cs.
2878 3796 3095 3869 Appian.
3116 3797 3409 3853 Mittit-idat.
3440 3818 3488 3858 e.
3521 3818 3616 3857 101
3648 3819 3662 3857 ε
3692 3804 3831 3873 Ἴδη·

2273 3892 2359 3944 ρας
2384 3873 2436 3928 δὲ
2472 3874 2585 3938 τοὺς
2634 3873 2685 3928 ἐν
2718 3872 2849 3947 ’Δσίᾳ
2889 3874 2939 3928 οἱ
2970 3872 3056 3947 μὲν
3082 3877 3377 3947 προγόνους,
3416 3874 3475 3932 οῖ’
3508 3880 3554 3932 δ’
3601 3882 3834 3947 ἀποίκους

2271 3951 2508 4025 ἡγοῦνται
2539 3958 2639 4008 τῶν
2681 3952 2977 4026 Εὐρωπαίων
3012 3952 3217 4027 ’Ῑὸήρων
3237 3995 3252 4022 ,
3291 3958 3339 4011 oi
3363 3958 3415 4012 δὲ
3444 3960 3597 4031 μόνον
3626 3962 3823 4035 ὁμωνύ-

2271 4052 2417 4103 μους·
2440 4032 2549 4096 ἔθος
2566 4032 2664 4105 γὰρ
2681 4031 2817 4086 οὐδὲν
2839 4028 2900 4100 ἦν
2926 4034 3098 4105 ὅμοιον
3112 4033 3183 4102 ,ἢ
3208 4035 3439 4107 γλῶσσα.
3473 4039 3660 4095 Strabo
3676 4059 3714 4113 p
3755 4047 3819 4096 61

2271 4113 2436 4167 varias
2472 4112 2709 4184 gentium
2743 4112 3077 4184 migrationes
3103 4130 3376 4169 recensens
3414 4120 3657 4173 meminit
3688 4119 3824 4189 ’16⁷5-

2265 4208 2366 4261 ρων
2386 4195 2482 4245 τῶν
2502 4188 2735 4262 ἐσπερίων
2754 4188 2821 4253 εἰς
2836 4190 2949 4253 rob<
2973 4190 3089 4264 ὑπὲρ
3106 4197 3193 4247 τοῦ
3212 4193 3401 4249 Πόντου
3422 4197 3508 4249 καὶ
3528 4201 3613 4265 τῆς
3634 4196 3821 4271 Χολχί·

2263 4270 2346 4333 δος
2383 4271 2556 4332 τόπους
2602 4271 3009 4341 μετοικισμένων.
3042 4274 3278 4327 Socrates
3320 4293 3535 4347 quoque
3594 4278 3648 4331 in
3676 4280 3814 4335 nist.

2261 4348 2405 4404 Eccl.
2441 4366 2489 4416 1,
2520 4365 2591 4404 20
2614 4348 2790 4403 iberes
2816 4350 2954 4404 Asiae
2970 4348 3196 4415 ἀποίκους
3222 4350 3426 4425 Ἰὅήρων
3454 4361 3553 4408 τῶν
3576 4354 3627 4410 ἒν
3656 4355 3816 4413 'tena-

2261 4429 2343 4501 νίᾳ
2384 4448 2495 4485 esse
2536 4428 2714 4484 refert.
2760 4426 2959 4485 Eadem
2986 4429 3142 4486 fuisse
3177 4432 3386 4488 videtur
3405 4436 3665 4491 Varronis
3698 4456 3820 4493 sen·

2261 4510 2450 4576 tentia,
2479 4528 2545 4564 ex
2565 4526 2674 4581 quo
2697 4509 2895 4564 Plinius
2923 4510 2976 4577 3,
3003 4510 3056 4574 3,
3084 4515 3116 4568 8
3148 4530 3163 4567 ε
3193 4516 3263 4567 In
3286 4513 3587 4569 tmiversam
3607 4516 3814 4591 Hispa·

2257 4588 2405 4643 niam
2423 4592 2497 4643 Μ.
2518 4592 2992 4661 Varropervenisse
3012 4590 3191 4645 Iberos
3208 4602 3259 4644 et
3280 4595 3469 4647 Persas
3486 4604 3538 4646 et
3550 4595 3815 4649 Phoenices

2261 4668 2525 4742 Celtasque
2541 4678 2592 4721 et
2610 4671 2792 4722 Poenos
2822 4666 3011 4726 tradit.
3030 4669 3261 4724 Alteram
3288 4672 3593 4725 sententiam
3608 4714 3625 4739 ,
3649 4691 3813 4745 quam

2255 4744 2818 4820 Appianusindicavit‚
2844 4746 3030 4800 Strabo
3046 4764 3257 4818 quoque
3279 4765 3335 4820 p.
3367 4754 3471 4819 499
3497 4750 3553 4803 in
3573 4750 3811 4805 medium

2253 4826 2519 4899 protulit:
2569 4825 2614 4879 εἰ
2654 4821 2721 4897 μὴ
2764 4824 3001 4899 (ἔνιοιὲ)
3038 4827 3121 4879 καὶ
3162 4826 3356 4899 Ἴδηρας
3392 4828 3665 4900 ὁμωνύμως
3706 4834 3813 4894 τοῖς

2255 4904 2491 4977 ἑσπερίοις
2522 4903 2755 4958 καλοῦσιν
2783 4902 2878 4959 ἀπὸ
2920 4910 3015 4958 τῶν
3044 4904 3300 4977 ἑκατέρωθι
3342 4907 3602 4977 χρυσείοις.
3631 4907 3809 4964 Iberes

2253 4986 2393 5040 Asiae
2416 5003 2447 5039 a
2466 4980 2724 5039 Thessalis
2740 4994 2883 5037 ortos
2900 4984 3234 5040 esseTacitus
3260 4988 3364 5041 An.
3400 4990 3486 5052 16,
3514 4986 3578 5049 31.
3604 4998 3802 5044 narrat.

2252 5067 2336 5120 Ex
2353 5064 2467 5119 Asia
2487 5065 2543 5119 in
2564 5065 2828 5134 Europam
2850 5064 3141 5133 emigrasse,
3163 5064 3429 5118 imbecillis
3452 5066 3623 5119 nitens
3648 5084 3801 5137 argu·

2249 5144 2461 5208 mentis,
2493 5152 2668 5197 oenset
2696 5140 3043 5196 Hoffmannus
3064 5141 3190 5211 (Die
3211 5142 3388 5195 Iber-et·
3411 5142 3466 5195 in
3498 5145 3703 5197 Westen
3742 5163 3796 5199 u.

2253 5224 2438 5286 ouen,-
2459 5220 2639 5293 Leipz.
2675 5220 2827 5284 1838,
2849 5236 2904 5291 p.
2947 5221 3041 5275 103
3070 5219 3234 5293 sqq.).
3255 5222 3441 5275 Ritteri
3468 5221 3703 5292 (Geogr.
3741 5240 3795 5285 α,

2247 5318 2284 5372 p
2356 5300 2495 5370 827)
2530 5297 2601 5352 de
2634 5297 2847 5352 Iberum
2884 5298 3084 5367 origine
3118 5307 3415 5351 commenta
3444 5298 3615 5368 tetigit
3668 5300 3793 5354 Ber·

2247 5376 2514 5449 nhardyus
2546 5374 2614 5431 ad
2637 5376 2694 5432 h.
2737 5376 3053 5434 l..Veterum
3078 5374 3145 5429 de
3194 5376 3275 5430 his
3300 5375 3457 5429 rebus
3500 5378 3779 5433 testimonie
