4584 6284
1920 562 2142 623 omns
2181 562 2451 624 misem
2464 562 2559 623 ΡΤ
2564 562 2637 622 10
2653 603 2667 619 .

829 697 1142 777 λαὸρότατοι
1169 697 1440 773 ποταμῶν·
1468 692 1574 753 ἀπὸ
1597 696 1642 753 δ’
1674 692 1844 773 οὔρεος
1867 691 2140 770 Ἦμωδοῑο

828 784 1099 865 ὀρνύμενοι
1125 780 1432 863 προρίουσιν
1462 782 1548 841 ἐπὶ
1577 781 1877 859 Γαγγήτιδα
1900 778 2098 861 χώρην,

831 872 958 953 πρὸς
971 872 1118 933 νότον
1139 869 1408 947 ἑλκόμενοι
1427 892 1500 928 πα
1508 868 1572 948 ρὰ
1589 868 1822 950 τέρματα
1839 869 2074 935 nmmo<
2087 868 2224 943 αἴης.

830 958 903 1019 ‘11
931 962 976 1018 δ’
1005 959 1124 1032 ἤτοι
1149 956 1486 1037 προνένευκεν
1513 958 1596 1017 ἐπ’
1617 955 1869 1018 Ὠκεανὸν
1895 956 2196 1035 βαθυδίνην,

704 1068 804 1107 uso
831 1046 1114 1118 ἠλίὸατος,
1144 1049 1406 1125 ταχινοῖσι
1435 1044 1757 1123 δυσέμὸατος
1783 1047 2037 1105 οἰωνοῖσιν
2053 1066 2068 1081 ·

833 1132 1058 1195 τοῦνεκά
1089 1158 1177 1211 μιν
1209 1132 1300 1193 καὶ
1327 1136 1492 1215 φῶτες
1520 1132 1858 1193 ἐπικλείουσιν
1880 1128 2104 1211 Ἄορνιν.

835 1220 998 1284 Ἔστι
1025 1225 1082 1281 δι’
1110 1246 1185 1289 τις
1213 1222 1398 1294 Θηητὸς
1423 1220 1686 1301 ίῦρρείτην
1711 1221 1857 1301 παρὰ
1887 1222 2100 1299 Γάγγην

836 1314 1009 1391 χῶρος
1040 1311 1242 1388 τιμήεις
1266 1333 1326 1369 τε
1352 1310 1440 1369 καὶ
1465 1309 1624 1388 ἱερὸς,
1653 1308 1708 1367 ὅν
1734 1330 1858 1369 ποτε
1883 1308 2092 1387 Βάκχος

839 1399 1104 1476 θυμαίνων
1139 1397 1418 1473 ἕπᾶτησιν,
1451 1394 1525 1455 ὅτ’
1547 1396 1870 1469 ἠλλάσσοντο
1898 1398 1994 1473 μὲν
2018 1394 2180 1475 &pai

707 1508 808 1549 1155
835 1488 1058 1558 Ληναῖων
1088 1484 1312 1565 νεὸρῖδες
1337 1487 1388 1553 ἐς
1415 1484 1662 1563 ἀσπίδας,
1688 1486 1740 1552 ἅς
1762 1483 1814 1543 δὲ
1843 1485 2050 1563 σίδηρον

681 1733 874 1786 montis
893 1740 1092 1803 partem
1109 1740 1160 1782 et
1181 1729 1234 1781 in
1257 1728 1482 1781 Sericam
1508 1728 1632 1781 urbs
1651 1727 1960 1799 transposita
1989 1726 2074 1779 sit.
2101 1729 2226 1795 Quo

681 1809 891 1881 quidem
919 1808 1108 1861 erroris
1134 1824 1320 1877 genere
1345 1807 1477 1860 nibil
1503 1816 1582 1859 est
1607 1804 1946 1876 frequentius.
1978 1804 2228 1858 Similiter

679 1890 970 1959 Megarsum
996 1885 1214 1939 fluvium
1249 1885 1304 1937 in
1333 1885 1544 1957 Scythia
1565 1903 1674 1939 esse
1691 1886 1904 1938 Tzetzes
1929 1882 2140 1955 prodit,
2175 1894 2228 1937 et

675 1967 860 2020 Sericae
887 1981 1076 2017 nomen
1101 1964 1155 2018 in
1179 1962 1312 2017 Tab.
1338 1963 1487 2019 Petit.
1519 1981 1550 2016 a
1579 1961 1798 2016 meridie
1817 1958 2010 2015 Emodi
2035 1962 2228 2015 montis

677 2042 1003 2098 adscribitur.
1021 2042 1388 2097 Thubmssene
1406 2059 1584 2095 nescio
1603 2059 1668 2094 an
1689 2040 1950 2114 pertineat
1966 2037 2034 2092 ad
2055 2041 2230 2110 proxi·

677 2140 812 2176 mam
840 2123 1106 2193 regionem
1133 2138 1250 2192 quae
1277 2120 1451 2173 indice
1485 2124 1656 2191 Umfa
1680 2128 1920 2183 vocatur,
1941 2135 2028 2190 ap.
2056 2118 2228 2172 Ptole·

677 2220 863 2257 maeum
891 2218 1015 2255 vero
1039 2200 1236 2273 (napea
1261 2198 1530 2263 scribitur,
1555 2210 1608 2253 et
1629 2198 1812 2252 Taxila
1831 2208 1886 2251 et
1917 2196 2230 2266 Iehugumm

674 2281 863 2355 oppida
905 2280 1102 2334 habere
1144 2278 1390 2352 proditur
1429 2278 1598 2345 (Nota
1627 2278 1904 2347 Itbuguras
1939 2274 2007 2329 ab
2045 2276 2228 2331 eodem

673 2361 952 2416 Ptolemaeo
974 2360 1132 2414 etiam
1157 2359 1212 2411 in
1238 2358 1411 2411 Serica
1447 2356 1636 2429 poni).
1663 2355 1863 2411 Plinius
1887 2356 1910 2425 (
1924 2355 2098 2421 6,—23‚
2123 2357 2226 2425 73)

677 2444 812 2495 inter
826 2439 1024 2495 Indum
1045 2450 1098 2494 et
1121 2441 1396 2493 Iomanem
1420 2446 1597 2507 gentoe
1619 2447 1890 2492 montanas
1911 2452 2229 2490 commemo·

679 2529 759 2573 rat
789 2524 936 2573 cesos
971 2518 1212 2585 (Κεκέους
1245 2518 1477 2583 Arriani,
1511 2516 1720 2590 Kekaja
1745 2533 1966 2581 sanson,
1995 2513 2064 2569 ad
2093 2516 2232 2589 Hya-

679 2600 808 2652 rotis
835 2598 1004 2653 sontes
1024 2600 1076 2668 ),
1112 2596 1416 2652 cetribonas
1444 2599 1467 2667 (
1482 2598 1546 2651 ad
1567 2595 1796 2671 (jatadru
1823 2596 1938 2667 ss.?)
1965 2605 2013 2649 et
2033 2596 2234 2665 Megal-

673 2679 776 2744 los,
806 2695 1038 2751 quorum
1064 2676 1120 2731 hi
1151 2676 1365 2730 fortasse
1389 2694 1510 2731 cum
1536 2680 1774 2747 Megarso
1795 2676 1853 2729 fl.
1881 2674 2234 2748 componendi

680 2768 822 2813 sunt.
865 2757 1110 2829 Superest
1149 2766 1211 2809 ut
1243 2774 1486 2809 moneam
1534 2756 1664 2817 θεῖος
1703 2754 1970 2826 epitheton
1999 2754 2236 2824 apprime

677 2834 862 2891 cadere
889 2837 946 2889 in
969 2834 1209 2889 divinum
1235 2834 1476 2888 Dchuma
1511 2835 1728 2889 fluvium
1773 2834 1867 2903 qui
1899 2848 2024 2885 cum
2054 2832 2237 2902 Gange

677 2926 866 2969 terram
893 2932 1092 2968 sacram
1121 2912 1318 2982 (Duab)
1367 2912 1604 2969 includit.
1658 2914 1903 2968 Ceterum
1935 2928 2060 2965 oum
2105 2912 2234 2965 Dio·

675 2997 822 3067 nysio
855 3004 910 3047 et
953 2996 1156 3049 Avieno
1207 2993 1436 3049 conferri
1483 3004 1714 3049 meretur
1757 2992 1902 3047 locus
1937 2992 2234 3064 Geograpbi

673 3076 801 3127 Rav.
839 3089 892 3137 τι,
919 3092 974 3142 9,
999 3072 1094 3125 ubi
1125 3072 1237 3127 haec
1272 3090 1286 3129 z
1331 3076 1532 3127 Iterum
1566 3085 1645 3127 est
1681 3089 1783 3127 non
1822 3071 1967 3139 longe
1997 3069 2066 3123 ab
2114 3070 2236 3145 ipsa

673 3151 856 3206 Media
901 3151 1093 3225 poeria
1142 3154 1422 3205 Persarum
1473 3150 1834 3223 Assy-riorum,
1886 3147 2235 3221 Ctesiphontis

673 3230 998 3294 Pelon‘arca,
1048 3250 1164 3303 qecoe
1203 3230 1359 3284 habet
1397 3229 1497 3285 sub
1551 3249 1606 3285 se
1643 3228 1979 3302 provincias,
2040 3226 2102 3281 id
2156 3241 2235 3282 est

677 3308 954 3365 Ede-axina
990 3310 1362 3381 (Gedrosiou),
1409 3308 1755 3367 Gimandrion
1795 3309 1853 3375 (i.
1897 3325 1946 3363 e.
1981 3308 2233 3379 Etyman-

673 3386 828 3442 drion
845 3428 862 3455 ,
905 3406 1038 3460 quos
1093 3390 1402 3443 Ptolemaeus
1451 3406 1662 3461 quoque
1712 3386 1888 3455 babet)
1903 3426 1918 3453 ,
1971 3386 2234 3441 Sam-adon

680 3469 1051 3539 (Sarangon)...
1098 3472 1200 3522 Per
1245 3486 1404 3541 quam
1451 3465 1895 3541 spatiosissimam
1953 3470 2231 3521 Persarum

679 3547 1015 3617 Assyriomm
1038 3546 1276 3620 patriam
1311 3557 1580 3600 emmeant
1600 3543 1843 3619 plurima
1873 3542 2120 3610 flumina,
2151 3544 2232 3597 in-

683 3636 768 3679 ter
783 3636 950 3677 cetera
987 3624 1210 3699 Ydaspis
1225 3668 1240 3691 ,
1273 3625 1404 3680 Aris
1428 3624 1614 3690 (Arius
1635 3624 1801 3687 Arias,
1831 3622 1934 3677 nisi
1977 3639 2100 3675 oum
2129 3623 2232 3677 hoo

679 3701 1025 3759 confimditur
1059 3704 1244 3777 ’Δὸρις,
1291 3722 1449 3777 quem
1492 3704 1548 3758 in
1581 3701 1862 3775 Hydaspen
1907 3700 2128 3755 influere
2159 3702 2233 3755 ait

682 3782 1031 3855 Ptolemaeus),
1061 3785 1412 3855 Gymandm,
1465 3783 1710 3858 Yspemis,
1739 3793 1842 3838 etc.
1869 3779 2034 3834 Vides
2059 3781 2114 3833 in
2149 3779 2231 3834 his

679 3862 830 3933 juxta
867 3862 1148 3938 Hydaspen
1186 3875 1242 3919 et
1275 3866 1519 3937 Hypanin
1549 3862 1804 3917 recenseri
1829 3858 2194 3934 Gymandrum
2211 3899 2227 3925 ,

682 3942 818 3995 sicut
835 3942 890 3995 in
904 3944 1106 3998 Avieno
1123 3961 1246 3998 cum
1261 3943 1444 3997 iisdem
1465 3942 1636 3996 fluviis
1653 3941 1814 3995 babes
1843 3936 2222 4013 Cymandrum,

680 4020 776 4091 qui
802 4022 858 4075 in
883 4022 1220 4095 Gangetieam
1247 4024 1512 4093 regionem
1536 4020 1735 4078 defluit.
1757 4020 1922 4075 Simul
1948 4029 2232 4090 vero-patet

685 4101 742 4153 in
767 4100 1082 4175 Geograpbo
1107 4104 1236 4157 Rav.
1281 4098 1641 4174 Gymandrum
1674 4116 1783 4153 non
1819 4096 2087 4152 diversum
2121 4115 2232 4151 esse

681 4177 750 4233 ab
778 4180 1106 4252 Etymandro
1153 4180 1302 4252 (hod.
1346 4179 1612 4249 Hilmemi)
1647 4178 1941 4235 Arachosiae
1977 4186 2030 4230 et
2063 4177 2233 4231 Dran·

681 4260 872 4329 gianae,
905 4261 962 4313 in
993 4260 1306 4333 easdemque
1330 4261 1622 4333 provincias
1653 4275 1926 4331 perperam
1963 4260 2232 4329 transponi

683 4336 964 4410 Hydaspen
995 4342 1382 4413 Hypanimque.
1417 4342 1592 4408 Quam
1623 4336 1982 4393 confusionem
2019 4353 2086 4389 ne
2124 4347 2235 4390 stu·

681 4417 798 4487 pori
849 4420 1172 4473 Ravennatis
1219 4420 1568 4492 imputemus,
1619 4435 1685 4472 eo
1739 4414 2057 4489 impedimur
2091 4414 2232 4487 quod

676 4494 874 4551 Tabula
891 4498 1291 4569 Peutingeriana
1309 4496 1386 4551 vel
1409 4498 1604 4569 Gangis
1630 4498 1776 4552 fluvii
1797 4495 1965 4551 sontes
1985 4496 2040 4549 in
2069 4496 2238 4550 Dran·

675 4576 826 4647 giana
851 4576 1028 4633 habet.
1053 4580 1190 4632 Mira
1211 4578 1324 4633 lnaec
1362 4596 1542 4632 rerum
1568 4577 1844 4632 adornatio
1860 4577 2006 4631 huno
2035 4576 2090 4630 in
2116 4594 2233 4631 mo·

679 4655 806 4711 dum
821 4654 1124 4727 explicanda
1138 4674 1248 4711 esse
1265 4656 1494 4711 videtur.
1521 4658 1736 4711 Constat
1751 4666 1946 4710 veteres
1960 4657 2234 4711 Persarum

681 4751 825 4805 reges
860 4737 1086 4790 tenuisse
1109 4736 1276 4791 Indiae
1313 4746 1515 4809 partem
1535 4776 1550 4802 ,
1581 4754 1741 4808 quam
1769 4734 2060 4807 Caspiriam
2087 4753 2234 4790 com-

681 4812 881 4886 plexam
905 4832 1014 4870 esse
1031 4834 1094 4869 ex
1111 4816 1380 4871 Herodoto
1389 4815 1666 4887 colligitur,
1680 4818 1944 4888 quamque
1961 4814 2026 4868 ad
2038 4816 2235 4888 Gangis

683 4910 846 4964 usque
891 4896 1154 4965 regionem
1195 4896 1505 4967 pertinuisse
1548 4894 1680 4950 nihil
1705 4904 1784 4948 est
1809 4911 1908 4948 cur
1949 4911 2230 4964 negemus3

679 4988 902 5041 regnum
952 4990 1078 5027 vero
1129 4974 1470 5041 Parthorum,
1514 4992 1647 5047 quos
1697 4977 1974 5030 Persarum
2017 4976 2234 5030 nomine

675 5050 1022 5125 Geographus
1063 5054 1191 5109 Rav.
1250 5052 1437 5124 aliique
1479 5052 1808 5107 introducere
1849 5050 2050 5114 solent,
2097 5052 2232 5107 ultra

678 5129 1016 5183 Arachosiam
1043 5149 1148 5185 non
1174 5132 1442 5203 pertinuit.
1461 5131 1802 5186 Nihiloseeius
1820 5130 2000 5183 Parthi
2019 5146 2233 5201 quoque

673 5224 820 5260 suam
849 5208 1116 5279 quandam
1153 5210 1410 5263 habebant
1437 5208 1640 5263 Indiam
1657 5249 1672 5273 ,
1702 5224 1866 5280 quum
1889 5207 2228 5262 Arachosiam

674 5282 838 5339 Indiae
870 5285 1017 5341 Atbae
1043 5290 1258 5341 nomine
1295 5286 1623 5359 designarent
1648 5287 1860 5359 (Isidor.
1902 5290 1932 5355 S
1965 5304 2048 5357 19,
2095 5296 2224 5343 tom.

679 5381 726 5429 1,
755 5382 810 5437 p.
839 5366 987 5433 254).
1019 5368 1170 5421 Hanc
1198 5368 1354 5438 igitur
1377 5367 1580 5423 Indiam
1606 5366 1896 5422 Parthicam
1918 5385 2042 5421 cum
2071 5366 2230 5420 altera

3762 582 3785 632 1
3799 582 3825 631 7
3836 582 3869 633 5

2320 700 2557 755 amnium
2582 700 2923 772 rapidissimi,
2947 702 3038 773 qui
3066 720 3129 755 ex
3159 704 3365 758 Emodo

2322 798 2501 843 monte
2520 787 2740 860 profecti
2762 788 2829 844 ad
2854 791 3191 861 Gangeticam
3216 803 3415 863 partem
3438 796 3837 867 provolvuntur,

2322 878 2377 930 in
2404 886 2639 930 austrum
2668 873 2939 930 tendentes
2968 876 3033 931 ad
3062 876 3191 931 fines
3212 878 3401 935 Colicae
3426 891 3597 937 terrm.

2321 968 2394 1019 At
2416 965 2511 1017 ista
2532 964 2587 1016 in
2608 962 2927 1035 profundam
2950 982 3205 1020 oceanum
3228 969 3495 1039 prominet
3508 1007 3526 1035 ,

2270 1066 2282 1123 Ι
2322 1048 2547 1115 excelsa,
2574 1066 2673 1103 neo
2691 1050 2941 1105 celeribus
2964 1051 3167 1107 visitata
3192 1052 3437 1109 alitibus:

2324 1136 2466 1191 unde
2491 1154 2607 1191 eam
2628 1136 2868 1193 homines
2886 1149 3141 1213 usurpant
3165 1142 3389 1199 Aornin.

2322 1228 2504 1279 Exstat
2517 1226 2961 1285 autem.mirabilis
2980 1226 3127 1281 locus
3144 1226 3213 1282 ad
3234 1242 3434 1284 vastum
3452 1233 3656 1304 Gangis
3680 1236 3875 1312 {lumen

2324 1312 2525 1365 honore
2546 1321 2599 1365 et
2620 1312 2869 1383 religione
2890 1322 3073 1367 auctus
3088 1352 3105 1379 ,
3132 1331 3291 1385 quem
3316 1315 3545 1371 Bacchus
3566 1320 3693 1374 olim

2324 1399 2485 1451 iratus
2510 1396 2753 1461 calcavit,
2785 1414 2948 1470 quum
2974 1404 3401 1471 permutarentur
3418 1402 3599 1459 molles

2325 1484 2547 1539 cervinae
2569 1484 2726 1557 pelles
2748 1486 2905 1539 scutis
2921 1526 2933 1548 ,
2958 1496 3011 1539 et
3032 1486 3089 1539 in
3115 1504 3291 1543 ensem

2320 1724 2405 1779 illa
2428 1726 2667 1779 nonnulli
2682 1728 2754 1780 ita
2768 1728 3021 1783 conflasse
3048 1728 3309 1797 videntur,
3334 1742 3393 1785 ut
3413 1734 3506 1805 qui
3526 1743 3670 1787 tram
3684 1735 3877 1791 Indum

2321 1801 2465 1855 fluvii
2490 1813 2661 1857 essent
2682 1806 2737 1857 in
2758 1806 2925 1876 prisca
2942 1824 3125 1877 regum
3144 1808 3420 1863 Persarum
3445 1808 3649 1865 ditione
3664 1850 3681 1875 ,
3708 1830 3796 1867 eos
3822 1816 3877 1869 in

2319 1882 2655 1937 Arachosiam
2684 1894 2737 1937 et
2776 1886 3123 1955 Drangianam
3166 1888 3480 1941 Parthorum
3517 1888 3874 1949 transferrent.

2319 1962 2399 2013 Ex
2426 1961 2507 2015 his
2552 1974 2725 2017 autem
2768 1963 3043 2035 cylindros
3090 1984 3211 2021 cum
3248 1966 3573 2039 Etymandro
3599 1986 3880 2043 compone-

2320 2040 2493 2107 batur,
2530 2059 2829 2115 nomenque
2848 2044 3072 2099 mutavit
3096 2046 3153 2099 in
3194 2044 3504 2115 &mandros
3541 2046 3625 2102 vel
3652 2052 3877 2119 Cyman-

2318 2118 2467 2175 ἄνευ.
2494 2121 2701 2174 Nomen
2736 2123 2813 2176 sic
2832 2134 3139 2195 corruptum
3163 2122 3355 2179 deinde
3379 2122 3448 2179 de
3480 2125 3648 2180 fluvio
3673 2127 3885 2200 Gange-,

2321 2198 2437 2251 ticae
2490 2199 2717 2269 regionis
2764 2202 3033 2273 usurpavit
3080 2202 3336 2270 Avienus,
3386 2204 3649 2277 similique
3703 2224 3881 2263 errore

2322 2277 2535 2331 Curtius
2550 2279 2603 2343 8,
2622 2298 2677 2349 9,
2704 2296 2769 2335 ιο
2785 2279 3183 2336 Etkimamlmm
3202 2282 3623 2353 (Etymantlmm,
3652 2288 3880 2355 Hymau-

2322 2356 2469 2411 thum
2508 2374 2616 2412 var.
2653 2356 2802 2430 lect.)
2836 2378 2939 2415 una
2974 2378 3095 2413 cum
3122 2358 3285 2427 Indo,
3321 2361 3557 2430 Acoeine,
3601 2362 3879 2435 Dyardene

2322 2447 2371 2491 et
2398 2439 2578 2511 Gange
2604 2439 2742 2493 inter
2766 2440 3020 2495 maximos
3046 2437 3210 2494 Indiae
3228 2440 3416 2495 fluvios
3439 2452 3694 2496 recenset.
3722 2444 3880 2501 Ethi-

2323 2517 2593 2582 manelms,
2620 2518 2791 2590 inquit
2807 2559 2822 2584 ,
2844 2518 3271 2589 crebrisflexibees
3290 2518 3511 2573 subinde
3534 2532 3787 2575 curvatus
3813 2526 3881 2578 ab

2326 2596 2511 2651 incolis
2540 2596 2837 2667 rigantibus
2868 2598 3111 2672 carpitur
3130 2618 3149 2653 .-
3180 2616 3239 2651 ea
3268 2617 3431 2654 causa
3454 2610 3562 2665 ese,
3598 2618 3695 2653 cur
3710 2612 3883 2659 tenues

2325 2674 2575 2748 reliquias
2583 2679 2702 2747 jam
2716 2676 2829 2731 sine
2844 2676 3042 2731 nomine
3056 2677 3109 2731 in
3132 2694 3270 2731 mam
3291 2676 3523 2733 emittat.
3546 2680 3879 2752 Quamquam

2324 2754 2435 2809 haec
2462 2755 2517 2809 in
2540 2755 2919 2827 Etymandrnm
2938 2759 3247 2829 Drangiane
3260 2797 3276 2824 ,
3294 2758 3489 2830 quippe
3510 2760 3603 2829 qui
3634 2760 3689 2813 in
3707 2764 3879 2817 Zeu-eli

2324 2834 2495 2889 lacum
2520 2836 2628 2889 exit
2643 2875 2659 2900 ,
2684 2854 2793 2891 non
2833 2837 2955 2891 satis
2990 2836 3279 2909 quadrant,
3312 2837 3456 2892 bunc
3494 2839 3669 2910 ipsum
3708 2851 3879 2897 tamen

2326 2913 2718 2985 intelligendum
2737 2934 2847 2971 esse
2872 2926 3011 2969 recte
3034 2927 3211 2971 monet
3230 2918 3459 2971 Ritterus
3483 2927 3615 2974 tom.
3636 2920 3690 2975 8.
3712 2937 3765 2991 p.
3789 2922 3877 2977 63.

2324 2993 2424 3047 Cui
2456 2992 2742 3065 obloquens
2766 2995 3057 3049 Matzellius
3076 2995 3161 3063 (ad
3184 2996 3329 3053 Curt.
3354 2995 3392 3051 l.
3420 2996 3483 3067 Ι.)
3511 3015 3619 3052 non
3642 3001 3881 3056 meminit

2324 3090 2445 3143 quae
2464 3091 2547 3127 res
2570 3074 2639 3127 sit
2655 3072 2941 3129 luculenter
2960 3084 3136 3147 patere
3153 3091 3217 3128 ex
3238 3075 3465 3130 Arriano
3484 3074 3575 3147 (of,
3594 3077 3720 3135 Itin.
3740 3078 3880 3135 Alexi

2323 3170 2373 3207 c.
2403 3154 2514 3223 87),
2538 3153 2631 3224 qui
2654 3153 2790 3208 inter
2812 3171 3027 3224 niagnos
3044 3154 3231 3208 fluvios
3257 3155 3308 3209 οἳ
3326 3154 3393 3219 εἰς
3415 3153 3503 3221 τὴν
3536 3156 3737 3228 ψάμμον
3760 3156 3880 3229 ἀφα-

2322 3231 2570 3295 νίζονται,
2622 3233 2779 3286 etiam
2820 3231 3193 3305 Etymandrum
3208 3270 3225 3298 ,
3264 3234 3319 3297 ὃς
3343 3233 3424 3286 διὰ
3458 3234 3737 3307 Εὗεργιτῶν
3777 3236 3877 3307 ῥεῖ’,

2322 3311 2773 3365 commemoravit.
2802 3312 2825 3382 ΙΙ
2851 3342 2923 3354 -
2944 3316 3100 3376 1146.
3126 3311 3425 3384 λαὸρότατος
3459 3314 3544 3379 iw,
3582 3314 3879 3387 λαυρότατος

2323 3388 2517 3452 Kbdm,
2548 3387 2839 3460 λαυρότατοι
2860 3408 2905 3453 r,
2932 3388 3191 3461 ἅδρότατοι
3217 3396 3329 3460 [3,-
3367 3392 3421 3444 in
3452 3410 3494 3461 g
3516 3392 3681 3462 glossa
3702 3392 3879 3449 addita

2253 3461 2260 3467 ’
2320 3467 2708 3535 πλουσιώτατος
2740 3466 2824 3522 ἀπ’
2848 3466 3011 3539 οὔριος
3050 3474 3127 3533 Η,·
3164 3467 3419 3540 Ἦμωδοῒο
3442 3474 3521 3526 K.
3560 3472 3583 3541 ΙΙ
3606 3502 3682 3513 -
3722 3478 3875 3543 1147.

2319 3546 2627 3619 προρρίουσιν
2662 3552 2822 3620 CKeq
2844 3558 2899 3601 et
2920 3558 3143 3601 correct.
3181 3547 3236 3611 d,
3270 3550 3559 3621 προχέουσιν
3578 3568 3668 3623 pe,
3707 3555 3880 3621 προνέ-

2320 3644 2455 3679 ουσιν
2479 3628 2591 3691 Μζ;
2612 3624 2877 3697 γαγγίτιδα
2902 3624 3182 3695 EXYdsos
3208 3624 3463 3697 Ald.ss-1
3478 3629 3595 3692 148.
3620 3626 3877 3699 ίλκόμινοι

2320 3706 2701 3777 ΕΗΚΜΥΟζ,
2719 3702 2982 3777 ἱλκομινου
3001 3706 3073 3769 (οι
3089 3706 3349 3777 apposito)
3382 3711 3451 3770 C,-
3478 3706 3632 3779 παρὰ]
3650 3706 3759 3780 πιρὶ
3787 3726 3877 3783 eoq

2318 3784 2465 3852 Ald„
2484 3783 2605 3856 μετὰ
2631 3788 2709 3849 Χ,·
2734 3785 2885 3857 τέρμα
2913 3788 3048 3857 Goq,·
3072 3782 3369 3857 αἴης1ἅκρης
3393 3784 3533 3857 conj.
3565 3786 3839 3841 Salmasius
3856 3828 3873 3854 ,

2320 3864 2619 3919 Holstenius
2632 3904 2648 3929 ,
2671 3862 2958 3936 Spobnius.
2980 3872 3167 3936 praeter
3188 3865 3563 3919 necessitatem.
3586 3864 3609 3935 ΙΙ
3626 3894 3699 3907 -—-
3716 3882 3739 3919 1
3752 3870 3873 3937 149.

2320 3943 2460 4011 δήτοι
2505 3940 2895 4016 HNOYegimq,
2937 3936 2970 4011 ἦ
3011 3940 3151 4007 δήτοι
3190 3959 3239 4005 ν,-
3270 3943 3615 4014 προσνὲνευκιν
3651 3961 3702 3999 ο.
3740 3944 3763 4013 ΙΙ
3799 3974 3872 3987 -

2326 4024 2479 4079 1150.
2523 4020 2721 4089 ἧλικτος
2752 4040 2825 4086 w,-
2861 4021 3117 4091 ταχυνοῖσι
3158 4018 3211 4085 i,-
3237 4019 3486 4075 οἰωνοῖσιν
3527 4024 3601 4087 Ν,
3647 4020 3870 4077 οἰωνοῖσι

2320 4110 2467 4166 cett.;
2509 4097 2843 4155 ἔπικαλίοοσιν
2882 4098 3010 4156 Nbr.
3046 4100 3166 4169 11-
3191 4098 3343 4153 1151.
3390 4100 3597 4153 Aornin
3630 4109 3867 4171 petram,

2321 4198 2477 4252 quam
2491 4178 2557 4234 ad
2568 4177 2765 4233 Indum
2778 4188 2984 4253 ponunt
2997 4175 3278 4233 Alexandri
3304 4180 3584 4251 scriptores
3601 4180 3877 4247 (Arrianus

2322 4262 2457 4333 Exp.
2486 4263 2539 4325 4,
2565 4263 2653 4326 28,
2672 4258 2795 4317 Iud.
2824 4259 2875 4325 5,
2906 4276 2987 4325 103
3008 4258 3229 4313 Diodor.
3257 4276 3341 4328 17,
3367 4260 3455 4327 65;
3476 4260 3691 4314 Curtius
3711 4263 3763 4327 8,
3789 4277 3872 4327 11,

2322 4340 2508 4395 Strabo
2533 4356 2585 4412 p.
2613 4342 2742 4409 688)
2778 4340 2967 4393 Noster
2999 4336 3066 4391 ad
3106 4337 3340 4391 ultimam
3376 4337 3583 4392 Indiam
3622 4351 3873 4408 removet,

2322 4420 2477 4474 sicuti
2502 4418 2659 4473 etiam
2683 4419 2875 4490 Nysam
2902 4426 2955 4471 et
2976 4416 3127 4471 stelas
3155 4416 3450 4473 Bacchicas.
3491 4420 3628 4487 Quae
3664 4416 3877 4490 quidem

2324 4518 2433 4554 non
2443 4517 2621 4553 err-ore
2629 4498 2924 4564 commissa,
2936 4495 3025 4551 sed
3040 4502 3183 4551 certo
3196 4497 3413 4551 oonsilio
3426 4496 3497 4551 ita
3506 4495 3757 4551 adornata
3766 4516 3877 4553 esse

2326 4579 2499 4634 nullus
2528 4576 2737 4635 dubito.
2766 4578 3007 4633 Ceterum
3036 4575 3245 4647 ’'Aopvtv,
3278 4576 3502 4642 Aornin,
3522 4593 3623 4648 pro
3655 4575 3873 4648 Ἄορνον,

2324 4658 2483 4713 habes
2502 4658 2658 4713 etiam
2679 4654 2821 4730 apud
2837 4656 3075 4710 Curtium
3104 4660 3153 4718 8.
3182 4672 3241 4711 11
3272 4673 3328 4728 p.
3366 4657 3469 4727 787
3500 4654 3587 4711 ed.
3612 4656 3871 4725 Matzeu.;

2325 4737 2465 4792 idem
2499 4735 2861 4810 reponendum
2891 4734 3029 4807 apud
3059 4733 3616 4790 Pseudocallisthenem
3650 4736 3703 4802 3,
3737 4738 3790 4801 4,
3815 4755 3873 4811 p.

2325 4837 2395 4889 99
2436 4828 2571 4883 not.,
2592 4816 2685 4871 ubi
2702 4814 2861 4871 codd.
2890 4812 3102 4887 Ἆόρνην.
3131 4814 3279 4869 Idem
3306 4814 3535 4887 denique
3553 4814 3677 4870 latet
3700 4818 3757 4869 in
3777 4835 3875 4872 no·

2326 4896 2467 4949 mine
2484 4893 2625 4948 Ami
2638 4894 2850 4949 Tabula
2866 4894 3290 4964 Peutingerianoe.
3319 4894 3341 4965 ss
3363 4922 3439 4935 —
3466 4894 3621 4947 1152.
3661 4912 3731 4955 τις
3759 4912 3869 4951 om.

2323 4979 2398 5040 H,
2429 4971 2503 5026 ἶτι
2522 4991 2572 5036 ε,-
2605 4971 2710 5026 lert
2734 4972 2787 5026 u
2808 4971 2877 5034 τίς
2895 4990 2955 5043 γε
2982 4971 3154 5041 θνητός
3170 4970 3317 5038 A1d.;
3341 4968 3553 5042 εὖρείτης
3584 4969 3672 5034 cb,
3700 4968 3872 5042 ἐϋρρεί-

2320 5072 2409 5121 em
2426 5057 2525 5125 Yp,
2540 5052 2771 5123 ὶῢρρήτην
2781 5060 2997 5105 σοι-ωσι.
3018 5049 3075 5116 d,
3094 5050 3334 5121 ιῦρρείτην
3352 5068 3379 5103 e
3387 5073 3410 5114 ,·
3424 5050 3534 5121 περὶ
3549 5050 3737 5119 ο.11-1
3752 5052 3869 5108 153.

2319 5150 2375 5185 τε
2401 5147 2509 5185 om.
2536 5148 2628 5202 ης
2655 5130 2712 5183 ὅν
2740 5147 2793 5182 τε
2814 5128 2969 5199 Βακχ.
2997 5128 3019 5198 ΙΙ
3042 5158 3115 5169 --
3134 5128 3287 5191 1154.
3308 5124 3587 5193 ἧλάσσοντο
3618 5124 3869 5188 ΟΕΗόι-ζ.

2320 5207 2573 5274 ἧλάσαντο
2605 5210 2672 5271 X,
2718 5204 2997 5273 ἠλαάσαντο
3038 5208 3113 5271 Μ,
3153 5204 3370 5273 ἤλασσον
3412 5222 3460 5269 c,
3515 5200 3793 5269 ἠλλάξαντο
3809 5204 3871 5274 J}

2322 5286 2485 5359 ἇὸραὶ]
2506 5284 2675 5358 γευραὶ
2720 5291 2771 5348 C,
2802 5280 2943 5355 αὖραι
2961 5288 3040 5341 M.
3067 5294 3123 5338 et
3140 5302 3225 5356 pr.
3251 5288 3321 5339 H.
3348 5284 3464 5354 [1-
3498 5279 3652 5335 1155.
3688 5279 3869 5334 λινάων

2323 5367 2534 5437 νιυρῖὃες
2550 5363 2697 5432 Ald.;
2728 5365 2929 5437 νευρὶδες
2955 5368 3007 5421 K
3023 5360 3221 5435 YXdp;
3246 5362 3292 5425 ig
3312 5363 3458 5434 prius
3477 5376 3587 5415 om.
3622 5358 3731 5413 bor.
3756 5359 3776 5430 ΙΙ
3800 5390 3871 5401 -
