4584 6284
1754 554 2097 617 ANAPLUS
2140 554 2460 617 Bospom
2502 558 2848 621 Tamen.
3823 576 3894 624 33

721 702 823 757 qua
844 682 1106 739 clauditur
1129 682 1197 737 ab
1218 700 1406 737 occasu
1419 722 1435 749 ,
1456 700 1659 754 quaque
1684 694 1949 755 separatur
1965 702 1997 737 a
2017 682 2145 738 colle
2170 684 2263 757 sy-

722 789 884 838 ceno,
934 771 1131 835 vineis,
1174 769 1342 825 hortis
1360 810 1375 837 ,
1412 770 1641 825 aedificiis
1684 770 1867 843 plena,
1914 769 2167 827 desinenti
2207 773 2261 827 in

719 858 987 931 planitiem
1005 899 1021 923 ,
1055 875 1173 929 quae
1218 868 1339 913 ante
1364 868 1570 929 portam
1596 857 1841 930 Sycenam
1878 859 2181 931 explicatur,
2208 860 2262 913 in

717 964 821 1018 qua
866 945 1045 1018 jacent
1090 943 1368 1016 globorum
1416 962 1825 1001 marmoreorum
1874 948 2045 1017 magni
2094 948 2263 1001 acervi

716 1032 978 1105 simulque
1004 1048 1195 1102 magna
1236 1030 1518 1087 multitudo
1542 1032 1896 1087 machinarum
1930 1032 2226 1087 bellicarum
2243 1072 2259 1099 ,

722 1118 865 1175 unde
896 1130 1049 1193 porta
1074 1137 1271 1173 nomen
1292 1118 1448 1173 habet
1463 1159 1479 1186 ,
1504 1118 1593 1173 ubi
1628 1120 1839 1174 therme
1872 1130 1924 1174 et
1944 1118 2165 1174 officinae
2192 1118 2265 1174 fa·

720 1205 879 1261 briles
900 1204 1135 1261 fusilium
1166 1206 1522 1260 machinarum
1544 1204 1871 1271 bellicarum;
1896 1204 2113 1261 alterum
2138 1223 2261 1278 pro·

720 1292 971 1346 montorii
980 1290 1115 1345 latus
1127 1288 1415 1345 demittitur
1432 1290 1498 1344 ad
1512 1288 1801 1357 meridiem,
1818 1301 1982 1345 totum
2000 1289 2261 1363 objectum

720 1376 886 1431 oculis
908 1376 1093 1431 veteris
1112 1376 1373 1448 Byzantii,
1396 1373 1542 1429 valde
1555 1374 1798 1447 proclive,
1821 1386 1879 1429 ut
1891 1375 2004 1447 ejus
2020 1394 2262 1431 ascensus

724 1464 973 1537 gradibus
1014 1474 1107 1519 aut
1133 1463 1445 1518 anfractibus
1494 1463 1751 1530 moliatur,
1792 1482 1959 1536 usque
2000 1463 2069 1521 ad
2116 1482 2262 1519 mare

723 1568 952 1623 pronum
995 1548 1252 1621 dejicitur,
1282 1560 1341 1603 ut
1378 1549 1523 1602 littus
1560 1550 1627 1603 sit
1666 1549 1950 1613 excelsum,
1992 1567 2256 1623 preceps,

723 1648 1079 1711 pmruptum3
1126 1636 1297 1691 lateris
1342 1634 1511 1690 media
1550 1654 1669 1708 pars
1711 1635 2007 1691 intumescit
2050 1634 2261 1690 duobus

726 1724 939 1779 tumulis
958 1723 1025 1777 ab
1058 1720 1221 1776 infera
1254 1732 1401 1794 parte
1433 1721 1783 1795 precipitibus
1798 1761 1815 1787 ,
1834 1741 1866 1776 a
1888 1738 2075 1794 supera
2098 1720 2259 1793 expli·

725 1812 851 1865 eatis
875 1810 929 1865 in
954 1808 1217 1881 planitiem
1241 1808 1423 1862 leniter
1442 1818 1793 1879 assurgentem
1812 1806 1879 1861 ad
1908 1808 2259 1880 promontorii

724 1895 981 1966 fastigium
998 1933 1015 1959 ,
1036 1904 1332 1965 porrectum
1358 1894 1414 1947 in
1452 1892 1658 1963 longam
1691 1892 1977 1965 planitiem.
2014 1892 2125 1947 Ora
2152 1910 2261 1947 ma-

722 1982 894 2037 ritima
910 1979 1009 2035 sub
1030 1979 1135 2034 hoe
1153 1978 1285 2034 latus
1310 1978 1541 2051 subjecta
1569 1976 1878 2051 producitur
1899 1978 1955 2031 in
1976 1976 2257 2050 longitudi-

721 2085 843 2123 nem
878 2066 1018 2121 mille
1060 2084 1308 2139 passuum
1324 2106 1342 2134 ,
1384 2083 1609 2138 quorum
1654 2064 2017 2138 quadringenti
2051 2065 2263 2139 Syaanae

718 2164 883 2227 portae
919 2153 1320 2225 propinquiores
1353 2162 1532 2226 patent
1562 2151 1617 2205 in
1652 2149 1977 2205 latitudinem
2012 2151 2264 2223 quinqua·

720 2243 861 2313 ginta
896 2257 1143 2312 passuum
1156 2280 1176 2310 ,
1200 2240 1295 2293 ubi
1335 2238 1631 2294 communis
1654 2236 1935 2293 ambulatio
1962 2236 2265 2292 suburbana

720 2327 936 2401 platanis
946 2324 1309 2393 adumbratur,
1327 2326 1381 2379 in
1400 2342 1503 2397 qua
1512 2324 1637 2379 olim
1650 2322 1784 2379 aedoe
1798 2321 1904 2377 divi
1913 2324 2261 2389 Constantini,

720 2415 869 2489 eujus
895 2412 1195 2487 superficies
1223 2431 1367 2467 nunc
1388 2430 1497 2467 non
1515 2421 1699 2466 exstat.
1727 2414 1994 2466 Duntaxat
2017 2410 2265 2482 gradibus

722 2500 975 2574 lapideis
959 2518 1015 2554 ιιι
1046 2498 1301 2553 fornicem
1324 2497 1711 2551 subterraneam
1746 2497 1913 2551 Graeci
1943 2494 2267 2551 descendunt

725 2587 794 2641 ad
833 2587 1105 2659 potionem
1134 2600 1283 2655 aque
1304 2582 1531 2637 fontana
1554 2582 1893 2637 constantim
1920 2599 2104 2647 sacra,
2146 2581 2266 2637 reli-

724 2691 831 2747 qua
861 2690 967 2727 orae
1000 2670 1277 2725 maritimis
1309 2687 1431 2742 pars
1474 2678 1585 2723 tota
1620 2667 1893 2742 ΡτυοΙίνίε,
1928 2677 2141 2740 excepta
2186 2668 2267 2722 via

721 2762 955 2817 humano
978 2776 1137 2833 opere
1158 2758 1447 2833 explanata.
1471 2757 1707 2813 Tertium
1736 2756 2083 2830 promontorii
2112 2754 2264 2822 latus,

718 2846 957 2902 similiter
986 2842 1135 2900 valde
1171 2844 1403 2917 proclive
1440 2854 1495 2898 et
1529 2860 1756 2916 preceps
1798 2859 1961 2913 usque
1989 2840 2057 2896 ad
2090 2842 2263 2908 littus,

719 2948 933 3005 vergens
958 2928 1027 2985 ad
1052 2929 1177 2985 solis
1206 2940 1383 2984 ortum
1397 2967 1414 2996 ,
1440 2930 1647 2983 intuens
1670 2928 2093 3001 promontorium
2128 2928 2267 2983 Asiae

718 3018 1041 3077 Damalicum
1058 3056 1076 3085 ,
1106 3034 1213 3089 quo
1249 3017 1515 3090 Bosporus
1566 3014 1885 3070 contendens
1918 3014 1987 3068 ad
2021 3032 2263 3069 occasum

718 3107 942 3161 flectitur
968 3103 1035 3158 ad
1070 3102 1363 3158 meridiem.
1426 3106 1509 3157 Ex
1542 3102 1815 3159 antedictis
1840 3113 2054 3175 apparet
2093 3104 2265 3157 Meto-

717 3210 823 3266 pon
845 3208 955 3245 esse
987 3199 1080 3243 aut
1115 3198 1286 3243 totum
1309 3189 1729 3262 promontorium
1748 3228 1765 3255 ,
1804 3198 1896 3242 aut
1924 3185 2035 3259 ejus
2058 3198 2263 3261 partem

717 3280 1029 3334 eminentem
1048 3276 1103 3329 in
1125 3277 1323 3349 primas
1338 3278 1483 3331 sinus
1508 3276 1679 3331 fiuoes
1693 3316 1709 3341 ,
1730 3293 1887 3347 quam
1913 3274 2069 3346 vulgo
2093 3276 2268 3349 appel·

718 3364 826 3420 lant
850 3382 1023 3420 acram
1049 3362 1459 3435 Spandoninarn.
1496 3364 1551 3419 si
1580 3373 1749 3418 totum
1774 3364 2056 3435 Dionysius
2078 3364 2266 3418 intelli-

724 3454 823 3523 git,
860 3452 1153 3506 existimare
1193 3449 1447 3505 dehemus
1482 3450 1669 3505 Bolum
1683 3490 1700 3517 ,
1738 3450 1929 3522 templa
1979 3452 2161 3505 Dianas
2211 3461 2265 3504 et

722 3541 939 3597 Veneris
958 3540 1235 3611 boumque
1254 3536 1566 3593 Ostreodem
1591 3537 1749 3593 fuisse
1773 3539 1913 3593 intra
1944 3537 2131 3592 urbem
2153 3539 2260 3593 Ga-

722 3628 876 3683 latam
892 3664 909 3693 ,
929 3642 1145 3698 eamque
1164 3623 1309 3679 urbis
1325 3634 1525 3699 partem
1540 3642 1649 3681 non
1666 3625 2089 3701 comprehensam
2108 3624 2265 3680 fuisse

722 3718 857 3771 intra
883 3714 1059 3770 locum
1082 3712 1337 3787 Sycodem
1363 3714 1459 3783 (ut
1482 3732 1590 3769 non
1616 3711 1823 3769 videtur
1848 3732 1913 3769 ex
1946 3715 2161 3786 antiqua
2180 3731 2264 3767 re-

725 3805 941 3875 gionum
964 3802 1113 3859 urbis
1138 3800 1485 3873 descriptione
1499 3841 1515 3865 ,
1546 3813 1773 3874 ponente
1804 3802 1861 3856 in
1888 3800 2047 3856 latere
2072 3799 2265 3856 Galatae

728 3888 1017 3945 meridiano
1036 3890 1287 3961 Sycenam
1303 3890 1589 3960 regionem,
1608 3906 1725 3961 qum
1738 3890 2021 3943 etiamnum
2034 3889 2266 3942 cernitur

728 3980 787 4032 in
850 3976 1023 4032 media
1064 3975 1249 4031 Galata
1295 3978 1523 4050 propriis
1571 3976 1735 4031 muris
1774 3976 1973 4042 clausa,
2026 3976 2267 4049 opposita

727 4060 1245 4135 Constantinopoleos
1268 4060 1413 4125 valli,
1438 4062 1496 4115 in
1512 4078 1618 4134 qua
1630 4062 1735 4116 ima
1756 4071 1833 4115 ast
1856 4059 2096 4133 trajectus
2115 4061 2268 4133 Syce·

726 4152 893 4221 nus),
932 4147 1389 4221 Galataequelatus
1434 4164 1625 4218 urgens
1671 4145 1737 4200 ad
1775 4146 1895 4200 solis
1932 4156 2107 4200 ortum
2148 4156 2269 4218 post

727 4236 985 4310 Sycodem
1010 4234 1199 4302 fuisse,
1222 4234 1369 4307 qnod
1389 4234 1574 4308 incipit
1607 4233 1674 4288 ab
1699 4233 1887 4305 angulo
1920 4233 2052 4288 dive
2077 4232 2265 4297 ctare,

726 4340 835 4397 quo
854 4322 1020 4389 sinus,
1042 4320 1263 4376 tendens
1280 4320 1349 4375 ad
1371 4319 1934 4386 occasumbrumalem,
1962 4315 2271 4374 flectitur-ad

726 4425 969 4465 oceasum
1026 4405 1135 4463 fere
1183 4405 1499 4461 solstitialem
1513 4446 1530 4474 ,
1572 4423 1783 4478 quoque
1820 4405 2003 4463 fluitur
2042 4422 2271 4459 moesus

728 4496 1000 4553 inchoatus
1028 4512 1062 4551 a
1106 4494 1473 4568 promontorio
1520 4491 1859 4566 Spandonino
1872 4532 1889 4558 ,
1934 4491 2121 4565 longus
2161 4489 2272 4547 duo

729 4584 889 4640 millia
932 4598 1179 4657 passuum
1196 4620 1214 4647 ,
1260 4596 1487 4652 quorum
1544 4580 1827 4651 octingenti
1874 4580 2013 4633 intra
2060 4576 2267 4633 urbem.

730 4670 905 4723 Jaetus
942 4665 1177 4720 hiberna
1202 4665 1475 4737 piscationi
1505 4672 1655 4736 aptus
1692 4661 1900 4718 videtur
1924 4663 2146 4735 angulus
2174 4664 2271 4719 soli

733 4753 1025 4826 expositus,
1070 4768 1103 4805 a
1138 4750 1306 4805 ventis
1348 4748 1788 4823 septentrionibus
1826 4758 2024 4815 tectus,
2062 4750 2120 4805 in
2162 4767 2271 4823 quo

734 4839 894 4897 hodie
926 4848 1223 4913 spectantur
1259 4837 1377 4892 duae
1422 4835 1557 4892 mdes
1603 4854 1791 4903 sam,
1836 4853 2061 4908 quarum
2106 4854 2269 4891 unam

734 4927 923 4984 Franci
948 4925 1206 4999 appellant
1238 4924 1413 4979 divam
1435 4924 1635 4979 OEaram
1650 4964 1668 4991 ,
1690 4923 1903 4979 alteram
1934 4924 2104 4980 Graeci
2129 4924 2271 4979 Pho·

734 5018 911 5081 tinen,
930 5014 1079 5088 quasi
1114 5012 1489 5086 Phosphoron,
1511 5030 1617 5067 non
1651 5013 1765 5066 sine
1788 5012 2001 5083 antiqua
2030 5012 2265 5077 ratione,

2351 686 2596 755 quoniam
2643 686 2730 740 hic
2759 697 2892 741 esset
2934 686 3070 741 aedes
3105 689 3324 741 Veneris
3363 687 3583 743 Placide
3620 699 3674 743 et
3716 692 3900 745 Dianae

2350 770 2642 845 Phosphori
2658 812 2674 838 ,
2712 790 2832 845 quae
2857 774 3014 829 etiam
3039 774 3370 847 Phosphoros
3387 815 3402 839 ,
3433 794 3492 829 ea
3513 786 3592 830 est
3626 776 3895 843 Lucifera,

2351 859 2670 914 nominatur.
2719 861 2854 915 Nam
2900 862 3059 934 primi
3107 862 3180 917 illi
3229 873 3596 935 propagatores
3635 865 3899 935 religionis

2350 942 2682 1013 Christianae,
2713 963 2821 1018 quo
2849 946 3050 1002 facilius
3075 950 3314 1002 nationes
3337 966 3368 1003 a
3393 948 3538 1002 cultu
3559 951 3896 1023 antiquorum

2350 1030 2568 1085 deorum
2612 1030 2679 1086 ad
2707 1050 2886 1087 verum
2919 1034 3123 1106 pietatis
3165 1034 3361 1088 cultum
3399 1034 3644 1107 paulatim
3672 1036 3898 1092 abduce-

2349 1128 2496 1182 rent,
2523 1134 2802 1191 veramque
2827 1118 3132 1191 religionem
3158 1117 3271 1173 illos
3297 1118 3468 1173 colere
3491 1121 3894 1189 assuefacerent,

2347 1203 2446 1257 suh
2493 1205 2720 1275 antiquis
2765 1204 2988 1259 deorum
3033 1205 3338 1259 nominibus
3389 1222 3525 1259 nova
3576 1206 3900 1263 induxerunt

2349 1288 2590 1345 divorum
2609 1290 2842 1346 nomina.
2858 1290 3044 1345 Suidas
3063 1304 3079 1329 ¹
3102 1290 3282 1344 scribit
3301 1292 3702 1345 Constantinum
3723 1310 3898 1363 regem

2349 1378 2704 1432 Romanorum
2721 1418 2737 1447 ‚
2759 1378 2924 1432 filium
2949 1379 3140 1433 Leonis
3162 1379 3326 1432 Isauri
3347 1380 3706 1445 iconomachi,
3732 1383 3900 1437 Vene-

2349 1480 2460 1515 rem
2501 1463 2722 1519 coluisse
2737 1504 2753 1531 ,
2791 1465 2945 1537 eique
2980 1464 3232 1518 humanas
3275 1465 3509 1518 victimas
3548 1475 3798 1521 mactasse
3841 1468 3898 1521 in

2349 1548 2558 1618 regione
2586 1548 2730 1603 urbis
2752 1551 2952 1615 Persea,
2975 1549 3066 1603 ubi
3094 1547 3228 1603 divae
3248 1552 3444 1603 Maurae
3471 1551 3724 1623 templum
3740 1564 3888 1617 esset,

2350 1632 2494 1705 quod
2511 1636 2556 1688 is
2577 1634 2874 1701 demolitus,
2895 1636 3068 1690 locum
3082 1634 3254 1689 effecit
3269 1635 3687 1691 homicidiarium
3703 1678 3716 1701 ,
3739 1656 3898 1711 quem

2346 1722 2585 1775 Mauram
2611 1723 2902 1777 nominavit
2918 1762 2934 1789 ,
2955 1722 3010 1777 in
3037 1740 3144 1794 quo
3167 1732 3320 1777 nocte
3338 1739 3529 1793 pueros
3555 1724 3894 1779 sacrificabat.

2349 1804 2602 1862 Existimo
2627 1806 2766 1863 illam
2805 1806 2970 1863 aedem
2995 1809 3170 1879 primo
3203 1810 3507 1881 appellatam
3549 1809 3896 1881 Phosphoron

2348 1910 2378 1945 a
2419 1893 2586 1947 Diana
2609 1891 2850 1949 Lucifera
2867 1933 2883 1957 ,
2929 1892 3120 1947 deinde
3144 1894 3451 1961 Photinam,
3489 1904 3610 1967 post
3632 1896 3895 1949 Mauram.

2353 1977 2485 2031 Vide
2522 1998 2590 2033 an
2631 1980 2700 2034 sit
2742 1980 2948 2034 vitiatus
2993 1978 3156 2033 codex
3205 1979 3379 2035 Suidoe
3427 1980 3625 2035 hahens
3664 1992 3896 2035 sanctam

2348 2066 2584 2119 Mauram
2609 2082 2707 2138 pro
2737 2076 2914 2120 sancta
2937 2065 3178 2120 Photina.
3207 2067 3341 2121 Nam
3366 2084 3490 2121 cum
3515 2066 3897 2121 Iconomachus

2349 2148 2722 2204 Constantinus
2739 2150 3024 2221 imaginum
3043 2148 3242 2203 cultum
3259 2146 3602 2223 oppugnaret,
3623 2150 3899 2205 verisimile

2353 2235 2559 2291 videtur
2595 2236 2759 2293 adem
2787 2236 2920 2291 divae
2959 2236 3196 2292 Photinae
3217 2238 3588 2293 contumeliose
3619 2238 3898 2310 appellasse

2351 2318 2483 2375 divae
2505 2324 2720 2377 Maure.
2753 2323 2912 2377 Nunc
2931 2340 3089 2377 nemo
3110 2334 3216 2390 est,
3245 2326 3336 2395 qui
3359 2323 3584 2379 audierit
3607 2334 3698 2379 aut
3720 2324 3898 2393 legerit

2352 2408 2406 2461 in
2426 2409 2636 2478 regione
2663 2408 2808 2464 urbis
2824 2411 2996 2464 Peraea
3024 2408 3156 2463 dire
3181 2412 3380 2465 Manrae
3405 2408 3570 2465 aedem
3597 2409 3778 2475 fuisse,
3801 2408 3894 2463 sed

2351 2494 2604 2551 duntaxat
2627 2496 2882 2551 Photinae.
2915 2495 3069 2552 Adde
3089 2495 3233 2569 quod
3253 2498 3426 2551 littora
3453 2498 3711 2551 contraria
3732 2496 3896 2551 muita

2353 2582 2420 2639 de
2442 2586 2660 2657 paritate
2675 2594 2728 2639 et
2751 2582 3088 2638 similitudine
3110 2584 3246 2638 inter
3261 2602 3316 2637 se
3333 2583 3675 2648 contendunt,
3697 2594 3756 2637 ut
3778 2582 3898 2637 duae.

2354 2672 2596 2742 Cyaneae,
2623 2680 2684 2723 ut
2716 2667 2826 2723 duo
2849 2670 3202 2740 angustiarum
3231 2668 3346 2724 sana
3360 2710 3376 2734 ,
3406 2679 3465 2723 ut
3491 2669 3590 2722 alia
3619 2668 3894 2741 pleraque,

2355 2767 2414 2811 ut
2449 2756 2592 2811 littus
2633 2757 2768 2813 diva
2807 2757 3045 2813 Photinae
3087 2756 3300 2813 sortasse
3342 2756 3464 2813 ideo
3503 2755 3669 2811 aedem
3715 2759 3900 2811 Diana

2353 2843 2646 2917 Phosphori
2665 2842 2848 2899 habuit
2862 2883 2878 2909 ,
2895 2842 3040 2917 quod
3061 2844 3130 2898 sit
3152 2862 3183 2897 e
3202 2844 3416 2918 regione
3446 2842 3758 2915 Phosphorii
3781 2859 3900 2914 por-

2354 2941 2438 2984 tus
2452 2931 2518 2984 in
2546 2931 2810 2987 contrario
2835 2931 3010 2986 littore
3043 2932 3128 2985 siti
3145 2971 3160 2997 ,
3184 2950 3247 2985 ex
3271 2949 3335 2985 eo
3357 2930 3592 3003 appellati
3610 2969 3625 2996 ,
3645 2931 3770 3004 quia
3795 2930 3901 2986 illic

2355 3017 2520 3071 Diana
2533 3016 2896 3091 ”Phosphoros
2927 3017 3098 3071 lucem
3139 3017 3398 3089 Byzantiis
3442 3016 3672 3070 attulerit
3717 3026 3900 3071 contra

2353 3103 2650 3177 Philippum
2691 3104 3032 3160 Macedonem
3083 3105 3334 3159 cuniculis
3378 3103 3686 3176 Byzantium
3730 3120 3900 3176 oppu-

2351 3202 2595 3261 gnantem
2631 3191 2846 3265 (Steph.
2878 3209 2932 3246 v.
2964 3181 3281 3262 Βόσπορος).
3314 3190 3498 3245 Venus
3533 3208 3658 3245 vero
3691 3189 3901 3245 Placida

2353 3296 2460 3331 non
2485 3276 2812 3332 commodius
2833 3277 3074 3332 collocari
3096 3278 3267 3349 potuit
3282 3317 3298 3344 ,
3319 3294 3478 3349 quam
3495 3277 3554 3331 in
3580 3275 3684 3330 hoc
3704 3276 3896 3340 littore,

2353 3363 2442 3427 ubi
2471 3364 2734 3435 Bosporus
2757 3362 2953 3418 labitur
2979 3362 3208 3436 placidus
3233 3373 3287 3417 et
3309 3362 3484 3416 silens.
3531 3362 3595 3415 In
3617 3378 3724 3433 qua
3747 3371 3897 3433 parte

2350 3451 2576 3521 regionis
2619 3452 2808 3505 ΡΜ
2851 3450 3220 3504 Constantinus
3260 3450 3483 3503 Veneris
3519 3446 3690 3502 cultor
3731 3446 3902 3501 colere

2351 3536 2608 3591 Venerem
2631 3536 2816 3591 melius
2841 3537 3014 3609 potuit
3040 3553 3196 3608 quam
3223 3536 3278 3589 in
3301 3536 3659 3607 antiquissima
3678 3534 3901 3588 Veneris

2348 3620 2505 3675 sede?
2528 3623 2647 3677 Jam
2666 3622 2888 3693 cognitis
2909 3620 3106 3676 aedibus
3122 3623 3304 3676 Dianae
3325 3620 3578 3675 Luciferae
3603 3630 3656 3675 et
3679 3620 3901 3675 Veneris

2348 3707 2568 3763 Phddoe
2606 3719 2661 3763 et
2690 3710 2906 3782 Metopo
2922 3748 2939 3776 ,
2971 3706 3208 3779 judicare
3259 3726 3539 3781 possumus
3587 3704 3900 3761 Ostreodem

2349 3796 2522 3851 locum
2549 3796 2706 3852 fuisse
2733 3798 2870 3852 inter
2889 3796 3054 3851 edem
3071 3796 3205 3852 dim
3223 3796 3462 3853 Photinae
3483 3805 3537 3850 et
3551 3795 3746 3868 primas
3767 3792 3904 3848 radi-

2349 3901 2434 3938 ces
2460 3884 2810 3955 promontorii
2843 3881 3162 3957 Spandonini
3179 3922 3196 3950 ,
3215 3882 3504 3956 prasertim
3539 3882 3584 3936 si
3619 3878 3676 3934 id
3721 3890 3896 3935 totum

2349 3971 2588 4043 intelligit
2613 3972 2897 4044 Dionysius
2915 3972 3166 4045 Metopon
3188 3988 3318 4025 esse.
3334 3968 3589 4038 Quamvis
3610 3977 3900 4021 ostrearum

2351 4060 2566 4133 piscatio
2587 4058 2910 4131 frequentius
2935 4057 3095 4114 hodie
3113 4066 3414 4113 exerceatur
3430 4074 3460 4109 a
3479 4056 3728 4127 Sycarum
3751 4063 3903 4127 porta

2353 4143 2420 4198 ad
2441 4142 2598 4198 finem
2609 4144 2960 4217 promontorii
2975 4142 3221 4215 Metopici
3235 4151 3288 4197 et
3309 4158 3374 4197 eo
3385 4141 3602 4195 ulterius
3619 4138 3689 4194 ob
3707 4137 3901 4193 vadum

2353 4231 2512 4286 maris
2543 4240 2827 4302 purgatum
2851 4239 2906 4283 et
2936 4238 3200 4301 apertum,
3225 4227 3283 4281 in
3321 4225 3467 4299 quod
3501 4235 3821 4299 sparguntur
3845 4234 3898 4281 et

2355 4316 2758 4370 disseminantur
2775 4314 3054 4387 quotannis
3077 4324 3260 4369 ostrea:
3275 4314 3516 4382 integre,
3535 4330 3642 4365 non
3653 4352 3670 4378 ,
3687 4321 3748 4365 ut
3770 4310 3902 4366 olim

2358 4404 2484 4459 salso
2499 4420 2826 4476 acceperam,
2857 4401 3036 4457 divisa
3065 4412 3220 4474 atque
3245 4398 3493 4473 disruptae
3519 4415 3532 4453 ε
3565 4410 3736 4454 tamen
3759 4408 3903 4453 ante-

2357 4506 2515 4561 quam
2539 4498 2671 4543 esset
2685 4488 2831 4543 littus
2855 4486 3146 4560 subjectum
3165 4486 3264 4541 sub
3283 4496 3484 4559 partem
3506 4484 3686 4557 oppidi
3707 4483 3904 4539 Galate

2356 4576 2613 4651 objectam
2661 4576 2850 4632 orienti
2863 4616 2879 4643 ,
2925 4586 3211 4631 ostrearum
3253 4574 3590 4648 piseationem
3639 4574 3902 4646 copiosam

2357 4665 2589 4739 prebere
2614 4664 2802 4738 potuit.
2821 4666 3007 4719 Postea
3040 4679 3165 4716 vero
3191 4678 3348 4732 quam
3374 4658 3531 4731 hujus
3557 4658 3744 4713 littoris
3774 4676 3896 4731 pars

2358 4751 2548 4807 vadosa
2565 4749 2813 4805 aedilicata
2823 4760 2902 4805 est
2915 4788 2932 4815 ,
2951 4766 3070 4823 pars
3087 4746 3321 4819 quotidie
3339 4757 3431 4801 aut
3443 4746 3685 4802 obruitur
3697 4744 3899 4819 projec-

2356 4841 2423 4895 tis
2447 4839 2628 4912 oppidi
2655 4836 3046 4911 purgationibus
3059 4875 3076 4902 ,
3095 4845 3188 4890 aut
3211 4832 3559 4906 fieqaantium
3573 4833 3902 4903 navigiorum

2356 4926 2664 4982 stationibus
2683 4935 2986 4999 occupatur.
3009 4924 3230 4979 Piscatio
3253 4930 3542 4975 osu-earum
3559 4936 3702 4974 nunc
3727 4918 3902 4975 minus

2355 5022 2628 5067 exercetur
2653 5013 2710 5066 in
2734 5011 2837 5067 hoc
2870 5009 3171 5064 suburbano
3193 5008 3394 5072 littore,
3426 5007 3718 5061 etiamnum
3761 5004 3901 5059 exal·

802 5216 852 5253 r.
890 5196 1079 5253 Suidas
1103 5214 1157 5252 v,
1187 5196 1549 5259 Κωνσταντῗνος
1580 5214 1633 5269 Ρ.
1663 5194 1763 5252 385
1790 5192 2268 5261 ed.Bernb.:T?1v
2358 5195 2488 5259 ναός·
2533 5195 2678 5266 ὅνπερ
2720 5192 2944 5266 locuples<
2984 5191 3069 5246 καὶ
3107 5190 3417 5264 φονωτήριον
3453 5187 3658 5255 ποιήσας
3697 5187 3898 5259 Μαῦραν

724 5276 821 5349 γὰρ
863 5274 1142 5349 Ἀφροδίτην
1180 5274 1323 5349 ἐτίμα
1360 5276 1443 5331 καὶ
1469 5274 1848 5347 ἀνθρωποθυσίας
1888 5272 2081 5347 ἀνέφερε
2119 5275 2265 5347 πέραν

724 5360 811 5423 τῆς
846 5355 1067 5421 πόλεως,
1114 5354 1233 5411 ἔνθα
1264 5356 1293 5410 6
1316 5358 1403 5424 τῆς
1437 5356 1576 5429 ἁγίας
1599 5354 1796 5427 Μώρας
1819 5354 1921 5425 (an
1964 5352 2265 5423 Φωτίνηςῗ)

934 5460 1101 5497 (3806.-
1121 5462 1172 5498 n.

2353 5272 2581 5345 ὠνόμασε
2607 5272 2690 5326 τὸν
2719 5273 2885 5337 τόπον,
2914 5264 3030 5325 ἕν’
2991 5290 3036 5343 ῳ
3074 5268 3158 5323 καὶ
3183 5267 3367 5339 νύκτωρ
3394 5264 3605 5322 ἐπετέλει
3631 5265 3794 5327 Θυσίας
3819 5262 3901 5317 καὶ

2351 5354 2526 5415 παῖδας
2545 5350 2853 5423 antiopa-trs.

3659 5440 3690 5484 5
