4584 6284
1802 546 2147 609 ANAPLUS
2187 548 2514 613 Bosrotu
2555 556 2896 621 TnflAcn.
3861 578 3925 631 81

754 688 861 727 non
881 671 950 727 ab
974 674 1123 726 ostiis
1148 672 1451 739 fluminum,
1476 672 1569 728 ubi
1602 674 1749 727 sinus
1774 673 1973 729 linitur.
2000 676 2147 733 Ultra
2172 688 2303 733 tem-
2386 699 2480 754 pra
2525 685 2716 741 navalis
2753 698 2952 759 partem
3005 706 3124 762 qun
3147 692 3372 763 pertinet
3404 693 3470 748 ad
3506 713 3748 751 occasum
3764 737 3781 765 ,
3809 702 3940 755 emi·

750 758 897 831 plum
922 758 1031 814 divi
1074 760 1347 816 Lauremii
1373 762 1661 835 Procopius
1680 761 1861 817 scribit
1879 764 2057 820 Prisco
2076 776 2127 821 et
2148 766 2302 823 Nico-
2387 781 2510 823 nent
2529 769 2781 839 colliculi,
2805 774 3050 831 valliculis
3067 774 3298 833 distincti
3311 817 3328 845 ,
3348 782 3472 835 tecti
3493 783 3781 855 sepulchris
3799 786 3934 841 Tur·

748 846 831 901 lao
852 844 990 901 divis
1016 845 1185 903 aedem
1210 848 1567 905 JustInianum
1592 866 1661 904 ex
1682 850 1887 951 integro
1918 853 2295 922 contraxisse,
2385 874 2567 911 corum
2596 868 2648 914 et
2689 859 3010 917 Judteorum.
3041 864 3090 918 A
3115 862 3292 965 medio
3327 866 3473 921 sinus
3497 878 3550 921 et
3573 868 3768 925 navalis
3795 872 3936 927 flexu

746 1022 939 1093 partim
966 1020 1069 1076 loci
1096 1022 1397 1078 amoenitatc
1418 1022 1562 1079 ducti
1576 1062 1593 1091 ,
1615 1026 1805 1097 partim
1828 1038 2126 1084 venerantes
2144 1026 2298 1085 divo·
2375 1026 2466 1101 jus
2491 1032 2598 1087 ima
2616 1032 2857 1107 planities
2880 1035 2946 1091 ad
2970 1034 3198 1091 libellam
3225 1050 3428 1110 aquata
3451 1043 3720 1113 angustior
3733 1062 3842 1101 non
3859 1058 3936 1103 est

744 1127 867 1164 rum
897 1107 1067 1165 odem
1104 1107 1353 1164 decoram
1372 1149 1393 1175 ,
1430 1126 1586 1183 quarn
1610 1110 1760 1184 longe
1795 1114 1849 1169 in
1876 1115 2037 1169 altum
2072 1132 2163 1170 nex
2188 1116 2294 1171 vim
2383 1115 2776 1191 quadringentis
2801 1121 3069 1195 passibus,
3099 1140 3272 1197 neque
3306 1124 3398 1179 ubi
3425 1126 3481 1181 in
3508 1126 3766 1187 valliculas
3807 1132 3932 1188 insi·

746 1196 965 1269 impetui
990 1196 1151 1252 maris
1174 1196 1397 1253 afferens
1422 1200 1711 1255 constituit.

2381 1215 2594 1275 nuatur,
2621 1204 2774 1261 latior
2797 1210 3073 1264 sexcentis.
3101 1207 3227 1281 Ejus
3247 1212 3511 1266 maritima
3535 1231 3656 1287 pars
3675 1219 3934 1291 attingens

816 1287 899 1337 De
918 1300 1063 1352 regio
1090 1283 1277 1339 navali
1291 1326 1308 1349 ,
1330 1296 1382 1339 et
1400 1284 1463 1340 de
1484 1284 1611 1341 Iocis
1630 1288 1883 1362 antiquis,
1908 1308 2022 1364 qna
2036 1290 2161 1345 olim
2165 1290 2294 1361 fue·
2379 1290 2558 1346 navale
2571 1332 2590 1359 ,
2613 1292 2878 1350 habitatur
2903 1294 3164 1370 frequenti
3190 1300 3334 1363 vico,
3365 1317 3524 1372 quem
3545 1313 3732 1357 vocant
3753 1306 3932 1361 Cassin

747 1380 890 1434 runt,
920 1369 1015 1425 uhi
1035 1382 1114 1426 est
1136 1388 1273 1425 nanc
1288 1371 1491 1427 navale.
1508 1402 1583 1415 —-
1596 1374 1721 1429 Post
1740 1376 1913 1431 vicum
1929 1375 2289 1433 suburbanum

746 1461 1072 1533 Canopicum
1092 1462 1325 1533 sequitur
1349 1462 1567 1517 viretum
1592 1466 1793 1537 regium
1810 1505 1825 1531 ,
1854 1465 1999 1539 quod
2023 1467 2147 1523 olim
2172 1487 2294 1542 par·

746 1558 851 1603 tem
890 1547 1049 1603 fnisse
1085 1549 1281 1622 Canopi
1307 1551 1549 1606 existimo
1584 1570 1649 1607 ex
1683 1551 1785 1607 loci
1822 1555 1927 1610 situ
1953 1564 2005 1611 et
2046 1574 2109 1611 ex
2138 1555 2289 1611 audi-

745 1636 889 1689 tione
910 1652 1095 1691 senum
1116 1637 1432 1702 testantium,
1452 1638 1752 1711 priusquam
1780 1638 1835 1695 id
1858 1641 2115 1697 consitum
2134 1654 2284 1710 esset,

743 1721 1336 1795 Constantinopolitanos
1358 1722 1651 1795 linquentes
1674 1743 1738 1779 eo
1762 1724 2001 1781 secedere
2017 1727 2195 1782 solitos
2216 1728 2287 1785 ob

742 1816 841 1871 loci
863 1818 1231 1871 amoenitatem.
1254 1817 1489 1891 Amplius
1510 1818 1691 1875 decem
1716 1820 1883 1877 stadia
1900 1823 2121 1879 circuitu
2142 1842 2287 1879 com-

738 1904 993 1977 plectitur.
1022 1906 1148 1977 Ejus
1172 1904 1345 1963 media
1367 1924 1487 1979 pars
1502 1908 1673 1982 posita
1694 1909 1751 1963 in
1780 1910 2038 1965 maritima
2054 1911 2284 1985 planitie,

734 1994 891 2048 altera
915 1994 971 2049 in
1002 1994 1252 2051 colliculis
1278 2004 1331 2050 et
1354 1994 1603 2051 valliculis
1636 1998 1764 2053 silva
1798 2016 2161 2071 cupressorum
2198 2018 2284 2055 ar-

734 2080 1027 2154 borumque
1042 2080 1431 2137 fructiferarum
1451 2080 1814 2150 adumbratur,
1844 2096 1905 2139 nt
1930 2086 2069 2157 regia
2094 2084 2285 2141 domus

732 2165 1009 2222 arboribus
1042 2168 1343 2223 circumsita
1381 2185 1412 2222 a
1440 2170 1992 2241 preternavigantihus
2020 2189 2127 2226 non
2162 2190 2284 2246 per-

732 2255 998 2326 spiciatur.
1040 2255 1362 2309 Distinctum
1388 2266 1467 2311 cst
1488 2256 1605 2324 viis,
1634 2268 1687 2311 et
1722 2257 1897 2313 herbis
1922 2260 2181 2314 consitum
2218 2278 2283 2315 eo

731 2339 943 2407 ordine,
990 2358 1099 2413 quo
1126 2350 1296 2395 cetera
1331 2341 1513 2409 vireta,
1554 2360 1671 2414 quoe
1708 2360 1979 2415 cupressos
2014 2362 2123 2400 non
2150 2344 2283 2401 obli·

734 2428 852 2499 quis
876 2426 1155 2483 ordinibus
1177 2428 1232 2482 in
1256 2429 1606 2501 quincuncem
1643 2428 1916 2502 dispositas
1929 2468 1944 2496 ,
1973 2429 2063 2485 sed
2096 2449 2283 2487 secun·

734 2513 862 2567 dum
880 2514 989 2568 vias
1007 2512 1205 2568 habent
1225 2512 1447 2569 directas
1472 2514 1527 2569 in
1551 2512 1761 2569 ordines
1784 2526 1973 2571 tectos.
2000 2517 2167 2572 Vireti
2192 2536 2285 2573 ora

734 2602 1012 2667 maritima,
1037 2600 1324 2675 parietibus
1345 2601 1537 2675 clausa,
1561 2600 1731 2657 media
1753 2603 2048 2675 angulatum
2074 2622 2285 2661 mucio-

730 2708 852 2745 nem
870 2690 993 2763 agit,
1010 2700 1409 2763 procurrentem
1429 2691 1485 2745 in
1510 2690 1705 2758 sinum,
1731 2689 1869 2745 velut
1889 2691 2137 2763 linguam,
2162 2710 2283 2749 cnm

728 2789 918 2834 natura
936 2790 1053 2835 tum
1082 2780 1247 2851 magis
1266 2796 1425 2852 opere
1449 2775 1801 2851 productum:
1836 2796 1901 2833 ex
1922 2796 2030 2852 quo
2050 2790 2284 2835 extremo

726 2865 942 2921 adicula
967 2868 1023 2921 in
1042 2867 1219 2921 sinum
1241 2866 1439 2920 eminet
1465 2866 1605 2921 velut
1630 2864 1837 2941 specula
1853 2867 2062 2923 sublicis
2079 2879 2280 2924 susten·

724 2964 857 3019 tata,
894 2952 1089 3027 quibus
1110 2950 1253 3007 velut
1277 2951 1489 3007 clathris
1510 2952 1675 3027 pisces
1695 2952 1925 3008 subeunt
1948 2954 2003 3008 in
2026 2956 2280 3027 piscinam

722 3041 1035 3113 proximam.
1066 3037 1382 3112 Hujusmodi
1418 3038 1658 3094 aediculas
1684 3037 1919 3113 undique
1956 3041 2282 3097 fenestratras

721 3126 881 3180 Turci
915 3124 1137 3181 Snrdaca
1168 3126 1425 3199 appellare
1447 3126 1647 3191 solent,
1671 3142 1790 3198 quae
1822 3126 1903 3181 vel
1922 3126 1977 3180 in
1996 3126 2123 3181 locis
2146 3129 2277 3183 emi·

722 3212 965 3267 uentibus
996 3211 1077 3265 vel
1104 3210 1338 3283 undique
1360 3210 1674 3283 patentibus,
1706 3221 1767 3265 ut
1788 3212 1845 3265 in
1876 3211 2058 3266 mediis
2083 3212 2271 3267 domo-

722 3316 841 3353 rum
867 3299 1001 3353 areis
1020 3308 1113 3353 aut
1130 3300 1185 3353 in
1202 3316 1385 3355 earum
1405 3296 1685 3365 frontibus,
1714 3298 1857 3353 velut
1872 3300 2128 3354 Maeniana
2153 3318 2277 3355 con·

724 3394 923 3438 struere
947 3383 1135 3450 solent,
1162 3394 1254 3439 aut
1274 3381 1526 3457 quadrata
1549 3395 1639 3438 aut
1656 3384 1925 3455 hexagona
1948 3394 2039 3439 aut
2064 3396 2277 3458 octogo-

726 3490 813 3537 na,
838 3484 927 3527 aut
944 3472 1125 3543 ligneis
1148 3471 1496 3528 testudinibus
1520 3483 1611 3528 aut
1632 3472 2009 3545 hemispheriis
2032 3473 2275 3547 preclare

724 3558 973 3631 laqueatis
997 3568 1049 3613 et
1073 3559 1279 3613 Persica
1294 3559 1497 3631 pictura
1524 3556 1917 3615 collucentibus.
1934 3558 2029 3613 Illa
2059 3558 2275 3615 edicula

724 3645 907 3701 finitur
931 3647 1101 3701 flexus
1124 3664 1155 3702 a
1190 3643 1343 3701 nohis
1367 3644 1477 3719 jam
1506 3664 1755 3702 excursus
1771 3686 1787 3715 ,
1828 3648 2113 3721 incipitque
2147 3647 2277 3703 alter

723 3732 901 3787 finitus
924 3734 1177 3805 Sycarum
1194 3734 1575 3805 promontorio.
1596 3736 1845 3789 Recoesus
1870 3734 2083 3789 intimus
2108 3732 2275 3789 abdu-

724 3829 839 3873 ctus
882 3820 938 3873 in
969 3818 1113 3873 hunc
1148 3816 1387 3873 medium
1428 3818 1621 3874 flexum
1654 3830 1909 3874 cuneatus
1938 3830 2041 3887 est,
2082 3818 2276 3876 deinde

724 3910 951 3967 molliter
988 3909 1235 3965 dilatatur
1278 3910 1336 3963 in
1369 3907 1750 3981 longitudinem
1788 3920 1909 3965 octo
1952 3908 2270 3977 stadiorum,

726 4008 1033 4071 occupatam
1057 3995 1353 4052 triremium
1372 3995 1632 4066 regiarum
1660 3996 1799 4049 sicco
1824 3995 1991 4050 navali
2027 3994 2271 4051 loculato.

724 4086 810 4139 Sic
834 4084 977 4139 enim
1000 4084 1241 4138 niremes
1259 4092 1469 4137 centum
1489 4092 1543 4137 et
1560 4080 1811 4137 tredecim
1832 4083 1889 4136 in
1914 4080 2119 4136 aridum
2152 4082 2276 4137 suh-

723 4172 893 4228 ducta
910 4174 1186 4235 exsistunt,
1208 4179 1266 4224 nt
1293 4167 1511 4224 totidem
1532 4168 1782 4236 edificiis,
1808 4168 1947 4224 velut
1966 4168 2276 4225 loculamen-

722 4260 787 4313 tis
808 4257 1093 4323 continuis,
1115 4265 1443 4328 separentur,
1468 4254 1656 4309 clausis
1668 4254 1736 4309 ab
1762 4264 1989 4328 utroque
2010 4254 2167 4310 latere
2188 4272 2277 4329 pa-

720 4344 937 4399 rictibus
962 4352 1159 4397 tectum
1192 4340 1529 4396 imbricatum
1566 4339 1943 4395 sustinentibus
1970 4358 2001 4395 a
2028 4340 2217 4407 fronte,
2245 4360 2277 4398 a

721 4443 865 4503 tergo
896 4430 1117 4505 apertis,
1154 4446 1265 4503 pne
1298 4446 1357 4483 se
1382 4425 1697 4483 habentibus
1712 4428 1886 4481 sinum
1900 4468 1917 4495 ,
1936 4444 1969 4482 a
1988 4437 2135 4500 tergo
2162 4446 2279 4483 mu-

722 4536 840 4573 rum
881 4514 1209 4572 claudentem
1251 4524 1424 4569 totum
1462 4512 1663 4569 navale.
1740 4515 1794 4568 Is
1810 4552 1827 4580 ,
1860 4532 1983 4569 cum
2026 4514 2275 4570 venissem

722 4606 1045 4678 Byzantium,
1074 4620 1141 4658 ex
1166 4600 1347 4657 crudis
1380 4610 1493 4656 erat
1520 4600 1779 4655 laterculis
1795 4640 1811 4666 ,
1847 4611 1965 4674 post
1990 4620 2057 4656 ex
2092 4602 2276 4675 lapidi-

726 4694 823 4747 bus
858 4692 1207 4757 caementitiis,
1244 4700 1404 4763 atque
1435 4692 1577 4745 inter
1598 4688 1947 4744 loculamenta
1980 4700 2035 4745 et
2064 4708 2277 4745 murum

724 4779 913 4835 addite
951 4788 1075 4834 sunt
1112 4776 1251 4833 cellae
1289 4778 1469 4833 usibus
1504 4778 1799 4833 triremium
1839 4776 2271 4847 accommodate,

725 4868 881 4923 etiam
901 4862 1077 4920 addita
1099 4864 1313 4919 aedificia
1335 4864 1731 4918 armamentaria
1755 4862 1973 4937 plumbo
1999 4873 2149 4919 tecta.
2178 4863 2277 4919 Su·

724 5019 897 5089 ἇκτήν,
924 5020 993 5075 de
1032 5020 1243 5091 regione
1274 5020 1329 5074 in
1354 5036 1495 5073 mare
1515 5028 1853 5093 procurrente
1875 5018 1981 5072 dici
2017 5028 2219 5074 constat
2244 5037 2275 5074 e

2379 1380 2586 1435 Bassam
2627 1382 2866 1453 (cassim
2899 1383 3152 1457 Pacha),
3177 1403 3208 1440 a
3240 1396 3470 1461 satrapa,
3500 1390 3592 1460 qui
3630 1389 3684 1443 in
3727 1407 3792 1446 eo
3813 1391 3932 1448 loco

2376 1468 2572 1541 amplas
2597 1470 2826 1526 thermas
2857 1474 3148 1527 construxit
3171 1473 3390 1546 plumbo
3413 1484 3595 1543 tectas,
3625 1477 3772 1533 vario
3797 1498 3934 1537 mar·

2375 1572 2525 1609 more
2563 1567 2868 1613 constratas.
2901 1558 3118 1633 Reliqua
3155 1560 3298 1615 vallis
3323 1558 3560 1635 planities
3601 1573 3707 1618 tota
3733 1567 3930 1621 consita

2375 1651 2450 1695 est
2465 1640 2632 1697 hortis
2650 1642 2898 1699 uberibus
2913 1664 2930 1710 ς
2943 1645 3188 1718 perhanc
3205 1646 3430 1702 mediam
3445 1648 3654 1715 fluvius,
3675 1650 3766 1705 sed
3787 1650 3930 1707 haud

2373 1730 2616 1799 perennis
2643 1730 2780 1785 fluit.
2821 1732 2960 1787 Olim
2985 1750 3269 1805 perennem
3296 1732 3454 1791 fuisse
3478 1738 3722 1792 existimo
3738 1778 3755 1805 ,
3785 1757 3930 1795 nunc

2373 1816 2562 1889 partim
2589 1818 2861 1889 permultis
2879 1816 3096 1891 jugibus
3121 1821 3291 1893 puteis
3317 1838 3486 1895 usque
3507 1821 3615 1877 sere
3640 1822 3708 1877 ad
3725 1823 3928 1881 labrum

2370 1900 2536 1973 plenis
2550 1943 2569 1970 ,
2609 1906 2803 1977 partim
2841 1923 2990 1977 aqnae
3023 1905 3270 1963 ductibus
3307 1918 3362 1964 et
3398 1918 3549 1965 terrae
3585 1911 3815 1967 motibus
3840 1931 3930 1969 ex-

2371 1988 2586 2045 haustus
2601 2032 2618 2059 ,
2639 2008 2852 2048 cursum
2873 1996 3108 2050 oestivnm
3123 2006 3434 2071 perpetuare
3455 2000 3654 2071 nequit.
3677 2000 3842 2055 Vallis
3855 2000 3930 2057 la·

2371 2085 2476 2143 tus,
2505 2077 2650 2149 quod
2675 2078 2836 2135 eflicit
2861 2080 3004 2135 collis
3024 2083 3258 2155 Sycenus
3282 2082 3482 2137 editum
3505 2085 3562 2139 in
3597 2085 3926 2143 altitudinem

2368 2166 2816 2237 septingentorum
2842 2185 3110 2243 passuum,
3139 2170 3334 2240 tegitur
3357 2170 3644 2243 sepulchris
3655 2174 3920 2239 Turcicis,

2369 2267 2486 2322 quae
2511 2262 2702 2307 ornant
2725 2253 2863 2309 stelae
2887 2252 3101 2327 lapidee
3135 2264 3190 2309 et
3219 2256 3442 2310 virentes
3477 2257 3619 2311 silvae
3655 2275 3926 2331 cupresso-

2369 2354 2522 2402 rum;
2567 2338 2788 2393 alterum
2823 2339 2964 2395 vallis
2999 2342 3133 2395 latus
3157 2339 3225 2396 ad
3251 2340 3374 2396 solis
3403 2352 3582 2398 ortum
3619 2345 3886 2419 pertinens
3903 2386 3920 2414 ,

2368 2424 2648 2497 proclivius
2671 2428 2884 2499 quidem
2900 2468 2915 2495 ,
2944 2428 3036 2484 sed
3063 2447 3170 2484 non
3197 2430 3350 2484 altius
3377 2428 3774 2504 quadringentis
3807 2452 3924 2509 pas·

2369 2510 2542 2577 sibus,
2600 2514 2874 2569 continens
2923 2514 3195 2588 sepulchra
3242 2514 3546 2571 Judaeornm
3562 2557 3581 2585 ,
3631 2528 3766 2575 tecta
3824 2531 3918 2575 aut

2373 2596 2563 2651 mensis
2597 2597 2840 2673 lapideis,
2884 2610 2974 2655 aut
3017 2603 3262 2656 carinatis
3286 2602 3564 2675 operculis.
3619 2604 3746 2659 Haec
3781 2605 3924 2661 vallis

2369 2700 2493 2739 cum
2511 2686 2761 2759 processit
2783 2696 3010 2760 quatuor
3025 2686 3190 2743 stadia
3214 2690 3268 2743 in
3284 2687 3689 2761 longitudinem,
3716 2691 3921 2764 objectu

2369 2770 2598 2829 duorum
2640 2775 2853 2831 collium
2894 2776 3220 2849 singulorum
3268 2778 3407 2833 vicos
3444 2777 3678 2851 singulos
3728 2780 3924 2836 haben·

2369 2858 2500 2915 tium
2539 2862 2800 2917 scinditur
2825 2864 2882 2919 in
2907 2872 3012 2919 tres
3033 2862 3188 2919 valles
3207 2865 3388 2939 pratis,
3413 2864 3600 2931 hortis,
3629 2867 3794 2921 vincis
3813 2868 3920 2922 cul·

2367 2956 2477 3016 tas,
2507 2964 2730 3019 quarum
2755 2948 2874 3005 duoe
2898 2960 3143 3007 eati-emat
3167 2948 3418 3022 majores,
3439 2968 3558 3023 quie
3581 2952 3636 3007 in
3663 2951 3922 3009 valliculas

2366 3034 2762 3108 quatuordecim
2789 3037 3193 3107 interciduntur,
3215 3038 3506 3095 desinentes
3523 3058 3704 3095 omnes
3723 3042 3778 3096 in
3798 3040 3921 3097 dor-

2365 3140 2486 3179 sum
2513 3135 2861 3198 perpetuum,
2899 3126 3024 3181 alias
3054 3124 3340 3193 flexuosas,
3384 3126 3508 3183 alias
3546 3138 3834 3197 tortuosas,
3862 3129 3919 3185 id

2363 3207 2511 3283 quod
2553 3209 2712 3265 efficit
2749 3211 2930 3267 navale
2965 3213 3130 3266 tutius
3166 3230 3198 3267 a
3243 3214 3410 3267 ventis
3455 3214 3916 3286 septentrionibus.

2361 3295 2651 3351 Palustrem
2695 3296 2854 3353 fuisse
2895 3298 3020 3353 olim
3058 3296 3198 3354 banc
3234 3298 3417 3353 vallem
3457 3309 3510 3353 et
3551 3318 3878 3357 nemorosam
3898 3342 3914 3368 ,

2363 3379 2586 3453 conjicio
2611 3401 2674 3437 ex
2704 3384 2958 3456 Dionysio
2979 3386 3243 3456 Byzantio.

3009 3508 3111 3567 Fr.
3157 3516 3257 3568 2³.

2431 3648 2560 3701 Post
2583 3686 2601 3711 ,
2627 3646 2832 3718 inquit,
2871 3645 3032 3701 Gubos
3071 3645 3267 3721 Canopi
3307 3658 3386 3700 cst
3412 3644 3578 3721 palus
3608 3646 3799 3703 habens
3830 3666 3917 3702 ra-

2361 3731 2503 3788 dices
2525 3732 2625 3787 sub
2646 3751 2786 3805 aqna
2810 3732 3051 3801 latentes,
3077 3731 3322 3787 claudens
3342 3733 3545 3797 sinum,
3573 3732 3668 3787 ubi
3684 3744 3762 3787 est
3787 3751 3916 3787 rece-

2355 3818 2628 3895 ptaculum
2658 3818 2903 3895 piscibus
2943 3819 3216 3895 capiendis
3240 3830 3452 3894 aptum,
3489 3820 3642 3874 saxis
3679 3820 3916 3874 concavis

2359 3908 2437 3961 ad
2456 3906 2598 3983 ipsos
2621 3906 2869 3963 introitus
2885 3907 3088 3963 obe-iam
3110 3906 3534 3981 procedentibus,
3559 3907 3615 3961 in
3633 3926 3748 3982 quae
3769 3908 3914 3962 dela-

2361 3994 2556 4049 bantur
2581 3994 2758 4069 pisces
2791 3994 2958 4050 noctis
2989 3994 3211 4050 tenebris
3231 4006 3479 4049 errantes.
3510 3996 3642 4049 Post
3662 3992 3910 4067 paludem

2359 4092 2483 4135 sunt
2525 4082 2790 4151 Gtmgia
2824 4093 3160 4157 nuncupata,
3195 4100 3230 4136 a
3268 4082 3450 4146 rebus,
3480 4099 3596 4155 qua·
3631 4080 3710 4136 ibi
3727 4081 3909 4153 fiunt,

2362 4166 2648 4233 nominata,
2689 4167 2933 4241 quoniam
2968 4166 3092 4243 apri
3129 4185 3197 4223 ex
3231 4165 3494 4222 montibus
3527 4163 3880 4221 descendentes
3894 4207 3908 4229 ,

2363 4252 2438 4307 ad
2469 4254 2576 4309 lucc
2594 4254 2708 4310 loca
2735 4252 2942 4319 abacti,
2972 4272 3009 4307 a
3028 4252 3364 4309 venatoribus
3383 4248 3574 4319 fraude
3605 4251 3909 4326 capiemtur.

2368 4346 2526 4398 Omne
2537 4341 2672 4397 enim
2686 4340 2838 4398 sinus
2855 4342 3014 4408 latus,
3036 4351 3190 4398 vento
3203 4349 3326 4396 noto
3342 4339 3614 4413 objectum,
3639 4338 3790 4393 siIvis
3803 4337 3914 4412 ple-

2362 4449 2486 4485 num
2505 4441 2636 4487 emt.

2435 4520 2515 4573 Ex
2543 4516 2627 4573 his
2651 4518 2888 4590 Dionysii
2913 4515 3084 4571 verbis
3120 4514 3354 4589 percipio
3393 4512 3574 4569 vallem
3605 4512 3744 4567 illam
3768 4510 3911 4585 palu·

2362 4614 2522 4660 strem
2555 4604 2744 4672 fuisseg
2777 4622 2917 4659 nnnc
2941 4604 3194 4659 exsiccata
3218 4609 3297 4657 est
3320 4599 3405 4655 vel
3419 4597 3911 4655 exaedificationibus

2365 4690 2446 4745 vel
2469 4691 2796 4762 agriculturis
2819 4688 2898 4745 vel
2920 4698 3198 4763 puteorum
3221 4688 3372 4760 copia
3391 4684 3470 4741 vel
3489 4678 3906 4758 aqueductibus,

2363 4786 2518 4849 atque
2541 4794 2696 4831 omne
2711 4777 2855 4831 sinus
2872 4774 3004 4830 latus
3019 4815 3038 4843 ,
3067 4784 3222 4829 vento
3243 4782 3371 4827 noto
3392 4772 3686 4844 expositum
3702 4810 3718 4836 ,
3737 4771 3803 4825 ab
3825 4788 3906 4823 ar-

2364 4862 2579 4920 boribus
2603 4861 2808 4918 nudum
2833 4873 2938 4931 est,
2961 4862 3061 4917 nisi
3087 4878 3248 4915 manu
3276 4859 3419 4914 satis.

2433 5024 2526 5077 Fr.
2561 5022 2646 5077 23.
2671 5018 2967 5092 choemgia]
2983 5019 3124 5075 Olim
3141 5018 3354 5073 fortasse
3370 5014 3680 5069 dicebantur
3696 5012 3884 5067 C'boera

719 5098 995 5165 Strabone,
1014 5114 1072 5170 p.
1095 5100 1192 5171 391
1234 5097 1465 5171 aliisque.
1494 5095 1829 5169 Intelligenda
1870 5107 2043 5151 antem
2088 5108 2271 5152 nostro
2359 5102 2490 5172 gria,
2522 5100 2585 5154 τὰ
2617 5100 2922 5173 Χοιράγρεια,
2947 5100 3080 5153 sicut
3110 5096 3284 5151 dicere
3307 5096 3428 5151 licet
3449 5093 3512 5148 τὰ
3535 5094 3783 5165 συάγρεια.
3821 5090 3908 5148 cf.

720 5179 837 5233 loco
854 5189 936 5235 est
956 5177 1105 5249 regio
1130 5181 1271 5233 inter
1298 5176 1493 5232 &ssim
1514 5176 1690 5230 Pacha
1710 5176 1881 5231 vicum
1908 5185 1961 5230 et
1980 5194 2269 5231 armamen-

720 5250 912 5305 tarium
943 5247 1263 5323 (I'arseaal)
1292 5248 1349 5303 in
1377 5249 1549 5301 sinum
1573 5262 1903 5321 procurrens.
1931 5248 2049 5301 Huc
2072 5245 2272 5302 accedit

721 5326 867 5402 quod
884 5326 1177 5399 Stephanus
1192 5329 1317 5399 Byz.
1346 5326 1503 5381 dicit:
1539 5324 1691 5395 Ἇκτή·
1717 5325 1921 5394 oswen
1949 5323 2129 5394 Ἀττικὴ
2154 5322 2268 5380 ixa·

721 5407 925 5465 λεῖτο...
952 5406 1120 5463 Ἐστι.
1153 5447 1169 5463 .
1196 5405 1281 5459 καὶ
1304 5404 1435 5474 ἄλλη
1463 5403 1513 5459 iv
1536 5404 1786 5479 Βοσπόρῳ.

2358 5181 2573 5255 mewa,
2595 5179 2786 5235 Ciliciae
2802 5179 2944 5234 locus
2963 5195 2994 5232 a
3013 5174 3278 5251 Stephano
3292 5172 3547 5249 Byzantio
3567 5178 3905 5227 memoratus.
