<?xml version="1.0" encoding="UTF-8"?>
<!DOCTYPE html PUBLIC "-//W3C//DTD XHTML 1.0 Transitional//EN"
    "http://www.w3.org/TR/xhtml1/DTD/xhtml1-transitional.dtd">
<html xmlns="http://www.w3.org/1999/xhtml" xml:lang="en" lang="en">
 <head>
  <title>
</title>
<meta http-equiv="Content-Type" content="text/html;charset=utf-8" />
  <meta name='ocr-system' content='tesseract 3.04.00' />
  <meta name='ocr-capabilities' content='ocr_page ocr_carea ocr_par ocr_line ocrx_word'/>
</head>
<body>
  <div class='ocr_page' id='page_1' title='image "./geographigraeci05mlgoog_0223.png"; bbox 0 0 4584 6284; ppageno 0'>
   <div class='ocr_carea' id='block_1_1' title="bbox 1981 558 2715 621">
    <p class='ocr_par' dir='ltr' id='par_1_1' title="bbox 1981 558 2715 621">
     <span class='ocr_line' id='line_1_1' title="bbox 1981 558 2715 621; baseline -0.005 0"><span class='ocrx_word' id='word_1_1' title='bbox 1981 560 2202 621; x_wconf 73' lang='lat' dir='ltr'>oltms</span> <span class='ocrx_word' id='word_1_2' title='bbox 2243 558 2715 619; x_wconf 74' lang='lat' dir='ltr'><strong>DESCRIPTIO.</strong></span> 
     </span>
    </p>
   </div>
   <div class='ocr_carea' id='block_1_2' title="bbox 795 692 2301 1474">
    <p class='ocr_par' dir='ltr' id='par_1_2' title="bbox 795 692 2301 1474">
     <span class='ocr_line' id='line_1_2' title="bbox 913 692 2298 776; baseline -0.009 -17"><span class='ocrx_word' id='word_1_3' title='bbox 913 698 1093 759; x_wconf 75' lang='grc' dir='ltr'>Πάντα</span> <span class='ocrx_word' id='word_1_4' title='bbox 1120 698 1176 757; x_wconf 78' lang='grc' dir='ltr'>δέ</span> <span class='ocrx_word' id='word_1_5' title='bbox 1195 721 1276 757; x_wconf 87' lang='grc' dir='ltr'>τοι</span> <span class='ocrx_word' id='word_1_6' title='bbox 1299 696 1431 776; x_wconf 77' lang='grc' dir='ltr'>ἐρέω</span> <span class='ocrx_word' id='word_1_7' title='bbox 1444 739 1461 768; x_wconf 93' lang='grc'><strong>,</strong></span> <span class='ocrx_word' id='word_1_8' title='bbox 1487 693 1586 755; x_wconf 76' lang='grc' dir='ltr'>ὅσα</span> <span class='ocrx_word' id='word_1_9' title='bbox 1617 718 1706 772; x_wconf 90' lang='grc' dir='ltr'>μιν</span> <span class='ocrx_word' id='word_1_10' title='bbox 1727 694 1852 773; x_wconf 73' lang='grc' dir='ltr'>πέρι</span> <span class='ocrx_word' id='word_1_11' title='bbox 1871 696 2007 773; x_wconf 73' lang='grc' dir='ltr'>φῦλα</span> <span class='ocrx_word' id='word_1_12' title='bbox 2029 692 2298 769; x_wconf 73' lang='grc' dir='ltr'>νέμονται,</span> 
     </span>
     <span class='ocr_line' id='line_1_3' title="bbox 908 776 2100 866; baseline -0.003 -23"><span class='ocrx_word' id='word_1_13' title='bbox 908 788 1192 866; x_wconf 76' lang='grc' dir='ltr'>ἀρξάμενος</span> <span class='ocrx_word' id='word_1_14' title='bbox 1218 787 1448 864; x_wconf 77' lang='grc' dir='ltr'>πλευρῆς</span> <span class='ocrx_word' id='word_1_15' title='bbox 1465 779 1780 865; x_wconf 74' lang='grc' dir='ltr'>ζεφύρίτιδος</span> <span class='ocrx_word' id='word_1_16' title='bbox 1803 783 1863 841; x_wconf 65' lang='grc' dir='ltr'>ἐκ</span> <span class='ocrx_word' id='word_1_17' title='bbox 1895 776 2100 862; x_wconf 65' lang='grc' dir='ltr'>βορέαο.</span> 
     </span>
     <span class='ocr_line' id='line_1_4' title="bbox 912 865 2301 956; baseline -0.011 -19"><span class='ocrx_word' id='word_1_18' title='bbox 912 878 1119 956; x_wconf 78' lang='grc' dir='ltr'>Πρῶτοι</span> <span class='ocrx_word' id='word_1_19' title='bbox 1141 873 1236 951; x_wconf 70' lang='grc' dir='ltr'>μὲν</span> <span class='ocrx_word' id='word_1_20' title='bbox 1261 872 1468 933; x_wconf 77' lang='grc' dir='ltr'>Σκύθαι</span> <span class='ocrx_word' id='word_1_21' title='bbox 1489 870 1640 943; x_wconf 78' lang='grc' dir='ltr'>εἰσὶν,</span> <span class='ocrx_word' id='word_1_22' title='bbox 1661 867 1773 930; x_wconf 78' lang='grc' dir='ltr'>ὅσοι</span> <span class='ocrx_word' id='word_1_23' title='bbox 1792 868 2020 951; x_wconf 81' lang='grc' dir='ltr'><strong>Κρονίης</strong></span> <span class='ocrx_word' id='word_1_24' title='bbox 2038 865 2158 934; x_wconf 74' lang='grc' dir='ltr'>ἁλὸς</span> <span class='ocrx_word' id='word_1_25' title='bbox 2177 865 2301 944; x_wconf 79' lang='grc' dir='ltr'>ἄγχι</span> 
     </span>
     <span class='ocr_line' id='line_1_5' title="bbox 919 952 2263 1043; baseline -0.007 -22"><span class='ocrx_word' id='word_1_26' title='bbox 919 960 1184 1043; x_wconf 75' lang='grc' dir='ltr'>παραλίην</span> <span class='ocrx_word' id='word_1_27' title='bbox 1207 958 1444 1020; x_wconf 80' lang='grc' dir='ltr'>ναίουσιν</span> <span class='ocrx_word' id='word_1_28' title='bbox 1465 957 1563 1018; x_wconf 72' lang='grc' dir='ltr'>ἀνὰ</span> <span class='ocrx_word' id='word_1_29' title='bbox 1584 955 1754 1034; x_wconf 87' lang='grc' dir='ltr'>στόμα</span> <span class='ocrx_word' id='word_1_30' title='bbox 1784 954 2050 1022; x_wconf 83' lang='grc' dir='ltr'>Κασπίδος</span> <span class='ocrx_word' id='word_1_31' title='bbox 2075 952 2263 1031; x_wconf 70' lang='grc' dir='ltr'>ἅλμης·</span> 
     </span>
     <span class='ocr_line' id='line_1_6' title="bbox 795 1039 2297 1121; baseline -0.011 -8"><span class='ocrx_word' id='word_1_32' title='bbox 795 1072 873 1113; x_wconf 75' lang='grc'>130</span> <span class='ocrx_word' id='word_1_33' title='bbox 916 1041 1110 1111; x_wconf 72' lang='grc' dir='ltr'>Οῧννοι</span> <span class='ocrx_word' id='word_1_34' title='bbox 1141 1048 1186 1106; x_wconf 85' lang='grc' dir='ltr'>δ’</span> <span class='ocrx_word' id='word_1_35' title='bbox 1219 1046 1414 1121; x_wconf 69' lang='grc' dir='ltr'>ἑξείης·</span> <span class='ocrx_word' id='word_1_36' title='bbox 1443 1043 1529 1105; x_wconf 63' lang='grc' dir='ltr'>ἰπὶ</span> <span class='ocrx_word' id='word_1_37' title='bbox 1555 1043 1600 1103; x_wconf 79' lang='grc' dir='ltr'>δ’</span> <span class='ocrx_word' id='word_1_38' title='bbox 1625 1045 1794 1111; x_wconf 85' lang='grc' dir='ltr'>αὖτοῖς</span> <span class='ocrx_word' id='word_1_39' title='bbox 1821 1042 2056 1105; x_wconf 72' lang='grc' dir='ltr'>Κάσπιοι</span> <span class='ocrx_word' id='word_1_40' title='bbox 2084 1039 2262 1120; x_wconf 73' lang='grc' dir='ltr'>ἄνδρες</span> <span class='ocrx_word' id='word_1_41' title='bbox 2279 1081 2297 1110; x_wconf 89' lang='grc'>,</span> 
     </span>
     <span class='ocr_line' id='line_1_7' title="bbox 911 1118 2185 1210; baseline -0.012 -10"><span class='ocrx_word' id='word_1_42' title='bbox 911 1134 1158 1199; x_wconf 78' lang='grc' dir='ltr'>Ἆλὸανοί</span> <span class='ocrx_word' id='word_1_43' title='bbox 1175 1138 1224 1194; x_wconf 82' lang='grc' dir='ltr'>τ’</span> <span class='ocrx_word' id='word_1_44' title='bbox 1249 1133 1336 1195; x_wconf 63' lang='grc' dir='ltr'>ἐπὶ</span> <span class='ocrx_word' id='word_1_45' title='bbox 1363 1141 1536 1203; x_wconf 47' lang='grc' dir='ltr'>τοῖσιν,</span> <span class='ocrx_word' id='word_1_46' title='bbox 1553 1130 1724 1210; x_wconf 70' lang='grc' dir='ltr'>ἁρήιοι</span> <span class='ocrx_word' id='word_1_47' title='bbox 1739 1175 1756 1203; x_wconf 93' lang='grc'><strong>,</strong></span> <span class='ocrx_word' id='word_1_48' title='bbox 1781 1128 1836 1190; x_wconf 78' lang='grc' dir='ltr'>οἵ</span> <span class='ocrx_word' id='word_1_49' title='bbox 1849 1133 1894 1189; x_wconf 82' lang='lat'>0·</span> <span class='ocrx_word' id='word_1_50' title='bbox 1917 1127 2046 1209; x_wconf 70' lang='grc' dir='ltr'>ὑπὲρ</span> <span class='ocrx_word' id='word_1_51' title='bbox 2065 1118 2185 1188; x_wconf 75' lang='grc' dir='ltr'>αἶαν</span> 
     </span>
     <span class='ocr_line' id='line_1_8' title="bbox 915 1216 2217 1305; baseline -0.009 -22"><span class='ocrx_word' id='word_1_52' title='bbox 915 1228 1166 1305; x_wconf 74' lang='grc' dir='ltr'>τρηχεῖαν</span> <span class='ocrx_word' id='word_1_53' title='bbox 1191 1223 1392 1284; x_wconf 85' lang='grc' dir='ltr'>ναίουσι</span> <span class='ocrx_word' id='word_1_54' title='bbox 1425 1220 1719 1280; x_wconf 76' lang='grc' dir='ltr'>Καδούσιοι·</span> <span class='ocrx_word' id='word_1_55' title='bbox 1752 1217 1878 1298; x_wconf 75' lang='grc' dir='ltr'>ἄγχι</span> <span class='ocrx_word' id='word_1_56' title='bbox 1902 1216 1954 1277; x_wconf 73' lang='grc' dir='ltr'>δὲ</span> <span class='ocrx_word' id='word_1_57' title='bbox 1981 1216 2217 1295; x_wconf 77' lang='grc' dir='ltr'>Μάρδοι,</span> 
     </span>
     <span class='ocr_line' id='line_1_9' title="bbox 908 1299 2301 1389; baseline -0.01 -18"><span class='ocrx_word' id='word_1_58' title='bbox 908 1308 1178 1389; x_wconf 73' lang='grc' dir='ltr'>Ὑρκάνιοι</span> <span class='ocrx_word' id='word_1_59' title='bbox 1195 1304 1438 1387; x_wconf 60' lang='lat' dir='ltr'>Teisa-upa(</span> <span class='ocrx_word' id='word_1_60' title='bbox 1460 1305 1527 1364; x_wconf 85' lang='grc' dir='ltr'>τ’·</span> <span class='ocrx_word' id='word_1_61' title='bbox 1554 1303 1643 1363; x_wconf 75' lang='grc' dir='ltr'>ἐπὶ</span> <span class='ocrx_word' id='word_1_62' title='bbox 1663 1300 1722 1361; x_wconf 73' lang='grc' dir='ltr'>δέ</span> <span class='ocrx_word' id='word_1_63' title='bbox 1739 1324 1914 1385; x_wconf 68' lang='grc' dir='ltr'>σφισιν</span> <span class='ocrx_word' id='word_1_64' title='bbox 1929 1302 2078 1361; x_wconf 79' lang='grc' dir='ltr'>ὁλκὸν</span> <span class='ocrx_word' id='word_1_65' title='bbox 2104 1299 2301 1359; x_wconf 74' lang='grc' dir='ltr'>ἑλίσσει</span> 
     </span>
     <span class='ocr_line' id='line_1_10' title="bbox 911 1386 2301 1474; baseline -0.009 -17"><span class='ocrx_word' id='word_1_66' title='bbox 911 1398 1140 1474; x_wconf 77' lang='grc' dir='ltr'>Μάρδος,</span> <span class='ocrx_word' id='word_1_67' title='bbox 1160 1392 1452 1474; x_wconf 82' lang='grc' dir='ltr'>Διρκεὸίων</span> <span class='ocrx_word' id='word_1_68' title='bbox 1462 1416 1518 1453; x_wconf 79' lang='grc' dir='ltr'>τε</span> <span class='ocrx_word' id='word_1_69' title='bbox 1532 1390 1620 1452; x_wconf 80' lang='grc' dir='ltr'>καὶ</span> <span class='ocrx_word' id='word_1_70' title='bbox 1633 1394 1852 1471; x_wconf 71' lang='grc' dir='ltr'>ἀφνειῶν</span> <span class='ocrx_word' id='word_1_71' title='bbox 1865 1389 2010 1468; x_wconf 87' lang='grc' dir='ltr'>πόμα</span> <span class='ocrx_word' id='word_1_72' title='bbox 2031 1386 2301 1467; x_wconf 76' lang='grc' dir='ltr'>Βάκτρων·</span> 
     </span>
    </p>
   </div>
   <div class='ocr_carea' id='block_1_3' title="bbox 739 1654 2303 5330">
    <p class='ocr_par' dir='ltr' id='par_1_3' title="bbox 750 1654 2298 1798">
     <span class='ocr_line' id='line_1_11' title="bbox 750 1654 2298 1792; baseline -0.005 -78"><span class='ocrx_word' id='word_1_73' title='bbox 750 1680 946 1792; x_wconf 43' lang='lat' dir='ltr'>qaoque</span> <span class='ocrx_word' id='word_1_74' title='bbox 961 1677 1244 1791; x_wconf 45' lang='lat' dir='ltr'>zuar-{verm</span> <span class='ocrx_word' id='word_1_75' title='bbox 1263 1677 1506 1789; x_wconf 60' lang='lat' dir='ltr'>qugimm</span> <span class='ocrx_word' id='word_1_76' title='bbox 1528 1659 1659 1786; x_wconf 50' lang='grc' dir='ltr'>11.ιᾶηο</span> <span class='ocrx_word' id='word_1_77' title='bbox 1677 1656 1979 1787; x_wconf 55' lang='grc' dir='ltr'>ιιὲϋηέξεεε</span> <span class='ocrx_word' id='word_1_78' title='bbox 1986 1654 2298 1787; x_wconf 53' lang='grc' dir='ltr'>Σιέησίοησνὲῑ</span> 
     </span>
     <span class='ocr_line' id='line_1_12' title="bbox 753 1748 2220 1798; baseline -0.005 -7"><span class='ocrx_word' id='word_1_79' title='bbox 753 1751 798 1791; x_wconf 70' lang='lat'>8⁴</span> <span class='ocrx_word' id='word_1_80' title='bbox 835 1756 897 1793; x_wconf 77' lang='lat' dir='ltr'>us</span> <span class='ocrx_word' id='word_1_81' title='bbox 1062 1756 1081 1790; x_wconf 86' lang='grc' dir='ltr'>ι</span> <span class='ocrx_word' id='word_1_82' title='bbox 1119 1748 1286 1790; x_wconf 76' lang='lat' dir='ltr'>erunt.</span> <span class='ocrx_word' id='word_1_83' title='bbox 1383 1752 1568 1790; x_wconf 80' lang='lat' dir='ltr'>tosoon</span> <span class='ocrx_word' id='word_1_84' title='bbox 1607 1752 1662 1788; x_wconf 74' lang='lat' dir='ltr'>es</span> <span class='ocrx_word' id='word_1_85' title='bbox 1737 1773 1752 1798; x_wconf 89' lang='lat'>,</span> <span class='ocrx_word' id='word_1_86' title='bbox 1788 1751 1808 1787; x_wconf 84' lang='lat'>1</span> <span class='ocrx_word' id='word_1_87' title='bbox 1926 1750 1941 1786; x_wconf 89' lang='lat'><strong>:</strong></span> <span class='ocrx_word' id='word_1_88' title='bbox 2047 1750 2220 1785; x_wconf 83' lang='grc' dir='ltr'>·ονται</span> 
     </span>
    </p>

    <p class='ocr_par' dir='ltr' id='par_1_4' title="bbox 739 1752 2303 5330">
     <span class='ocr_line' id='line_1_13' title="bbox 750 1752 2299 1885; baseline -0.005 -18"><span class='ocrx_word' id='word_1_89' title='bbox 750 1816 835 1885; x_wconf 86' lang='grc' dir='ltr'>(οἱ</span> <span class='ocrx_word' id='word_1_90' title='bbox 862 1758 1108 1884; x_wconf 55' lang='grc' dir='ltr'>ἶάσξτιδες)</span> <span class='ocrx_word' id='word_1_91' title='bbox 1131 1814 1304 1875; x_wconf 79' lang='grc' dir='ltr'>πάντες</span> <span class='ocrx_word' id='word_1_92' title='bbox 1332 1810 1462 1866; x_wconf 81' lang='grc' dir='ltr'>εἶναι</span> <span class='ocrx_word' id='word_1_93' title='bbox 1490 1810 1792 1883; x_wconf 78' lang='grc' dir='ltr'>φυλακτήρια</span> <span class='ocrx_word' id='word_1_94' title='bbox 1817 1752 2162 1883; x_wconf 46' lang='grc' dir='ltr'>περίαπταῖκαὶ</span> <span class='ocrx_word' id='word_1_95' title='bbox 2177 1808 2299 1861; x_wconf 82' lang='grc' dir='ltr'>ὠκυ-</span> 
     </span>
     <span class='ocr_line' id='line_1_14' title="bbox 751 1889 2300 1963; baseline -0.004 -17"><span class='ocrx_word' id='word_1_96' title='bbox 751 1893 914 1957; x_wconf 83' lang='grc' dir='ltr'>τόκια,</span> <span class='ocrx_word' id='word_1_97' title='bbox 935 1896 1075 1963; x_wconf 78' lang='grc' dir='ltr'>μηρῷ</span> <span class='ocrx_word' id='word_1_98' title='bbox 1088 1891 1466 1963; x_wconf 78' lang='grc' dir='ltr'>περιαπτόμενα.</span> <span class='ocrx_word' id='word_1_99' title='bbox 1480 1889 1835 1962; x_wconf 82' lang='lat' dir='ltr'>Epipbanium</span> <span class='ocrx_word' id='word_1_100' title='bbox 1851 1906 2066 1961; x_wconf 89' lang='lat' dir='ltr'>quoque</span> <span class='ocrx_word' id='word_1_101' title='bbox 2087 1904 2300 1941; x_wconf 88' lang='lat' dir='ltr'>narrare</span> 
     </span>
     <span class='ocr_line' id='line_1_15' title="bbox 753 1966 2292 2043; baseline -0.003 -20"><span class='ocrx_word' id='word_1_102' title='bbox 753 1971 916 2043; x_wconf 88' lang='lat' dir='ltr'>iaspin</span> <span class='ocrx_word' id='word_1_103' title='bbox 940 1970 1052 2032; x_wconf 71' lang='grc' dir='ltr'>ἄκος</span> <span class='ocrx_word' id='word_1_104' title='bbox 1081 1968 1211 2023; x_wconf 76' lang='grc' dir='ltr'>εἶναι</span> <span class='ocrx_word' id='word_1_105' title='bbox 1249 1974 1528 2041; x_wconf 78' lang='grc' dir='ltr'>φαντασιῶν</span> <span class='ocrx_word' id='word_1_106' title='bbox 1557 1978 1738 2022; x_wconf 89' lang='lat' dir='ltr'>monet</span> <span class='ocrx_word' id='word_1_107' title='bbox 1762 1966 2040 2021; x_wconf 74' lang='lat' dir='ltr'><strong>Salmasius</strong></span> <span class='ocrx_word' id='word_1_108' title='bbox 2075 1967 2292 2019; x_wconf 76' lang='lat' dir='ltr'>Exercc.</span> 
     </span>
     <span class='ocr_line' id='line_1_16' title="bbox 747 2042 2298 2121; baseline -0.004 -19"><span class='ocrx_word' id='word_1_109' title='bbox 747 2049 880 2102; x_wconf 91' lang='lat' dir='ltr'>Plin.</span> <span class='ocrx_word' id='word_1_110' title='bbox 907 2067 962 2121; x_wconf 88' lang='lat' dir='ltr'>p.</span> <span class='ocrx_word' id='word_1_111' title='bbox 993 2065 1080 2118; x_wconf 78' lang='lat'>92,</span> <span class='ocrx_word' id='word_1_112' title='bbox 1105 2049 1168 2103; x_wconf 90' lang='lat' dir='ltr'>B.</span> <span class='ocrx_word' id='word_1_113' title='bbox 1199 2048 1410 2117; x_wconf 89' lang='lat' dir='ltr'>Quibus</span> <span class='ocrx_word' id='word_1_114' title='bbox 1434 2044 1801 2117; x_wconf 77' lang='lat' dir='ltr'>Bernhardyus</span> <span class='ocrx_word' id='word_1_115' title='bbox 1819 2044 1965 2099; x_wconf 87' lang='lat' dir='ltr'>addit</span> <span class='ocrx_word' id='word_1_116' title='bbox 1981 2042 2298 2099; x_wconf 76' lang='lat' dir='ltr'>Marbodum</span> 
     </span>
     <span class='ocr_line' id='line_1_17' title="bbox 747 2122 2297 2182; baseline -0.004 -3"><span class='ocrx_word' id='word_1_117' title='bbox 747 2146 794 2179; x_wconf 85' lang='lat' dir='ltr'>v.</span> <span class='ocrx_word' id='word_1_118' title='bbox 830 2144 948 2182; x_wconf 84' lang='lat'>101.</span> <span class='ocrx_word' id='word_1_119' title='bbox 968 2126 1116 2181; x_wconf 86' lang='lat' dir='ltr'>Idem</span> <span class='ocrx_word' id='word_1_120' title='bbox 1139 2142 1152 2180; x_wconf 88' lang='lat'><strong>:</strong></span> <span class='ocrx_word' id='word_1_121' title='bbox 1187 2150 1209 2173; x_wconf 74' lang='grc' dir='ltr'>ι</span> <span class='ocrx_word' id='word_1_122' title='bbox 1244 2126 1315 2179; x_wconf 77' lang='lat' dir='ltr'>Ac.</span> <span class='ocrx_word' id='word_1_123' title='bbox 1343 2124 1550 2179; x_wconf 76' lang='lat' dir='ltr'>videtur</span> <span class='ocrx_word' id='word_1_124' title='bbox 1573 2122 1926 2177; x_wconf 84' lang='lat' dir='ltr'>Naumachius</span> <span class='ocrx_word' id='word_1_125' title='bbox 1945 2122 2163 2176; x_wconf 81' lang='lat' dir='ltr'>Monitis</span> <span class='ocrx_word' id='word_1_126' title='bbox 2195 2138 2297 2174; x_wconf 88' lang='lat' dir='ltr'>nu-</span> 
     </span>
     <span class='ocr_line' id='line_1_18' title="bbox 747 2198 2301 2276; baseline -0.004 -19"><span class='ocrx_word' id='word_1_127' title='bbox 747 2203 885 2274; x_wconf 64' lang='lat' dir='ltr'>ptial.</span> <span class='ocrx_word' id='word_1_128' title='bbox 909 2204 975 2261; x_wconf 88' lang='lat'>58</span> <span class='ocrx_word' id='word_1_129' title='bbox 999 2214 1194 2269; x_wconf 81' lang='lat' dir='ltr'>vetans,</span> <span class='ocrx_word' id='word_1_130' title='bbox 1218 2203 1333 2276; x_wconf 75' lang='grc' dir='ltr'>μήτ’</span> <span class='ocrx_word' id='word_1_131' title='bbox 1357 2203 1437 2259; x_wconf 72' lang='grc' dir='ltr'>ἐπὶ</span> <span class='ocrx_word' id='word_1_132' title='bbox 1454 2202 1612 2275; x_wconf 76' lang='grc' dir='ltr'>δειρῆς</span> <span class='ocrx_word' id='word_1_133' title='bbox 1631 2202 1898 2273; x_wconf 69' lang='grc' dir='ltr'>πορφυρέην</span> <span class='ocrx_word' id='word_1_134' title='bbox 1919 2200 2144 2253; x_wconf 70' lang='grc' dir='ltr'>ὑάκινθον</span> <span class='ocrx_word' id='word_1_135' title='bbox 2165 2198 2301 2270; x_wconf 74' lang='grc' dir='ltr'>ἔχοις</span> 
     </span>
     <span class='ocr_line' id='line_1_19' title="bbox 747 2278 2299 2355; baseline -0.003 -19"><span class='ocrx_word' id='word_1_136' title='bbox 747 2283 776 2349; x_wconf 78' lang='grc' dir='ltr'>ἢ</span> <span class='ocrx_word' id='word_1_137' title='bbox 795 2283 995 2355; x_wconf 72' lang='grc' dir='ltr'>χλωρὸν</span> <span class='ocrx_word' id='word_1_138' title='bbox 1015 2280 1200 2348; x_wconf 79' lang='grc' dir='ltr'>ἴασπιν,</span> <span class='ocrx_word' id='word_1_139' title='bbox 1215 2282 1481 2353; x_wconf 85' lang='lat' dir='ltr'>vulgarem</span> <span class='ocrx_word' id='word_1_140' title='bbox 1498 2282 1920 2355; x_wconf 74' lang='lat' dir='ltr'>supeistitionem</span> <span class='ocrx_word' id='word_1_141' title='bbox 1935 2279 2192 2344; x_wconf 81' lang='lat' dir='ltr'>innuisse3</span> <span class='ocrx_word' id='word_1_142' title='bbox 2209 2278 2299 2332; x_wconf 87' lang='lat' dir='ltr'>sed</span> 
     </span>
     <span class='ocr_line' id='line_1_20' title="bbox 751 2356 2300 2434; baseline -0.003 -19"><span class='ocrx_word' id='word_1_143' title='bbox 751 2362 1054 2434; x_wconf 78' lang='lat' dir='ltr'>Apollonius</span> <span class='ocrx_word' id='word_1_144' title='bbox 1085 2361 1325 2416; x_wconf 82' lang='lat' dir='ltr'>Rhodius</span> <span class='ocrx_word' id='word_1_145' title='bbox 1361 2363 1414 2427; x_wconf 86' lang='lat'>3,</span> <span class='ocrx_word' id='word_1_146' title='bbox 1450 2360 1574 2431; x_wconf 85' lang='grc'><strong>859,</strong></span> <span class='ocrx_word' id='word_1_147' title='bbox 1618 2360 1711 2413; x_wconf 88' lang='lat' dir='ltr'>ubi</span> <span class='ocrx_word' id='word_1_148' title='bbox 1736 2358 1976 2413; x_wconf 69' lang='lat' dir='ltr'>Medeam</span> <span class='ocrx_word' id='word_1_149' title='bbox 2004 2356 2157 2414; x_wconf 78' lang='lat' dir='ltr'>affert</span> <span class='ocrx_word' id='word_1_150' title='bbox 2181 2356 2300 2411; x_wconf 86' lang='lat' dir='ltr'>her·</span> 
     </span>
     <span class='ocr_line' id='line_1_21' title="bbox 753 2434 2303 2511; baseline -0.003 -17"><span class='ocrx_word' id='word_1_151' title='bbox 753 2442 874 2495; x_wconf 86' lang='lat' dir='ltr'>bam</span> <span class='ocrx_word' id='word_1_152' title='bbox 913 2440 1278 2496; x_wconf 69' lang='lat' dir='ltr'><strong>Prometheum</strong></span> <span class='ocrx_word' id='word_1_153' title='bbox 1319 2441 1506 2509; x_wconf 81' lang='lat' dir='ltr'>Caspia</span> <span class='ocrx_word' id='word_1_154' title='bbox 1529 2440 1726 2493; x_wconf 74' lang='lat' dir='ltr'>concina</span> <span class='ocrx_word' id='word_1_155' title='bbox 1747 2440 2113 2511; x_wconf 80' lang='lat' dir='ltr'>temperavisse</span> <span class='ocrx_word' id='word_1_156' title='bbox 2126 2475 2142 2502; x_wconf 92' lang='lat'>,</span> <span class='ocrx_word' id='word_1_157' title='bbox 2179 2434 2303 2490; x_wconf 89' lang='lat' dir='ltr'>sub-</span> 
     </span>
     <span class='ocr_line' id='line_1_22' title="bbox 741 2516 2303 2591; baseline -0.001 -20"><span class='ocrx_word' id='word_1_158' title='bbox 741 2518 938 2587; x_wconf 85' lang='lat' dir='ltr'>junctis</span> <span class='ocrx_word' id='word_1_159' title='bbox 965 2518 1176 2572; x_wconf 78' lang='lat' dir='ltr'>Brimiis</span> <span class='ocrx_word' id='word_1_160' title='bbox 1199 2518 1622 2572; x_wconf 74' lang='lat' dir='ltr'>invocationibus</span> <span class='ocrx_word' id='word_1_161' title='bbox 1653 2519 1763 2571; x_wconf 85' lang='lat' dir='ltr'>sive</span> <span class='ocrx_word' id='word_1_162' title='bbox 1797 2516 2066 2591; x_wconf 77' lang='lat' dir='ltr'>Empusae,</span> <span class='ocrx_word' id='word_1_163' title='bbox 2105 2532 2303 2569; x_wconf 88' lang='lat' dir='ltr'>numne</span> 
     </span>
     <span class='ocr_line' id='line_1_23' title="bbox 747 2592 2301 2667; baseline 0 -20"><span class='ocrx_word' id='word_1_164' title='bbox 747 2594 970 2649; x_wconf 84' lang='lat' dir='ltr'>voluerit</span> <span class='ocrx_word' id='word_1_165' title='bbox 987 2595 1154 2667; x_wconf 86' lang='lat' dir='ltr'>iaspin</span> <span class='ocrx_word' id='word_1_166' title='bbox 1177 2592 1480 2665; x_wconf 85' lang='lat' dir='ltr'>designare,</span> <span class='ocrx_word' id='word_1_167' title='bbox 1511 2595 1564 2648; x_wconf 88' lang='lat' dir='ltr'>in</span> <span class='ocrx_word' id='word_1_168' title='bbox 1593 2593 1766 2649; x_wconf 90' lang='lat' dir='ltr'>medio</span> <span class='ocrx_word' id='word_1_169' title='bbox 1787 2593 2301 2665; x_wconf 71' lang='lat' dir='ltr'>relinquimus..Proe·</span> 
     </span>
     <span class='ocr_line' id='line_1_24' title="bbox 751 2670 2302 2732; baseline -0.001 -5"><span class='ocrx_word' id='word_1_170' title='bbox 751 2683 898 2727; x_wconf 84' lang='lat' dir='ltr'>terea</span> <span class='ocrx_word' id='word_1_171' title='bbox 942 2672 1088 2727; x_wconf 87' lang='lat' dir='ltr'>dedit</span> <span class='ocrx_word' id='word_1_172' title='bbox 1143 2690 1208 2732; x_wconf 74' lang='lat' dir='ltr'>cx</span> <span class='ocrx_word' id='word_1_173' title='bbox 1259 2673 1462 2728; x_wconf 86' lang='lat' dir='ltr'>Galeno</span> <span class='ocrx_word' id='word_1_174' title='bbox 1507 2672 1929 2727; x_wconf 84' lang='lat' dir='ltr'>Hemsterhusius</span> <span class='ocrx_word' id='word_1_175' title='bbox 1971 2670 2038 2725; x_wconf 88' lang='lat' dir='ltr'>ad</span> <span class='ocrx_word' id='word_1_176' title='bbox 2082 2672 2302 2726; x_wconf 85' lang='lat' dir='ltr'>Luciani</span> 
     </span>
     <span class='ocr_line' id='line_1_25' title="bbox 748 2748 2301 2824; baseline -0.001 -19"><span class='ocrx_word' id='word_1_177' title='bbox 748 2754 962 2807; x_wconf 87' lang='lat' dir='ltr'>Timon.</span> <span class='ocrx_word' id='word_1_178' title='bbox 995 2770 1052 2809; x_wconf 88' lang='lat' dir='ltr'>c.</span> <span class='ocrx_word' id='word_1_179' title='bbox 1083 2751 1147 2808; x_wconf 84' lang='lat'>51</span> <span class='ocrx_word' id='word_1_180' title='bbox 1177 2753 1509 2824; x_wconf 76' lang='lat' dir='ltr'>exemplum3</span> <span class='ocrx_word' id='word_1_181' title='bbox 1549 2770 1610 2805; x_wconf 85' lang='lat' dir='ltr'>ac</span> <span class='ocrx_word' id='word_1_182' title='bbox 1631 2754 1675 2805; x_wconf 90' lang='lat' dir='ltr'>si</span> <span class='ocrx_word' id='word_1_183' title='bbox 1707 2751 1775 2805; x_wconf 88' lang='lat' dir='ltr'>ab</span> <span class='ocrx_word' id='word_1_184' title='bbox 1803 2754 1902 2805; x_wconf 87' lang='lat' dir='ltr'>isto</span> <span class='ocrx_word' id='word_1_185' title='bbox 1927 2749 2096 2821; x_wconf 88' lang='lat' dir='ltr'>lapide</span> <span class='ocrx_word' id='word_1_186' title='bbox 2113 2748 2301 2803; x_wconf 88' lang='lat' dir='ltr'>disces-</span> 
     </span>
     <span class='ocr_line' id='line_1_26' title="bbox 743 2828 2301 2901; baseline -0.001 -18"><span class='ocrx_word' id='word_1_187' title='bbox 743 2831 874 2884; x_wconf 87' lang='lat' dir='ltr'>seris</span> <span class='ocrx_word' id='word_1_188' title='bbox 891 2870 906 2895; x_wconf 92' lang='lat'>,</span> <span class='ocrx_word' id='word_1_189' title='bbox 943 2828 1164 2883; x_wconf 70' lang='lat' dir='ltr'>eandem</span> <span class='ocrx_word' id='word_1_190' title='bbox 1195 2830 1252 2884; x_wconf 89' lang='lat' dir='ltr'>in</span> <span class='ocrx_word' id='word_1_191' title='bbox 1274 2832 1584 2884; x_wconf 86' lang='lat' dir='ltr'>sententiam</span> <span class='ocrx_word' id='word_1_192' title='bbox 1613 2830 1800 2883; x_wconf 79' lang='lat' dir='ltr'>similia</span> <span class='ocrx_word' id='word_1_193' title='bbox 1818 2828 2038 2901; x_wconf 87' lang='lat' dir='ltr'>protulit</span> <span class='ocrx_word' id='word_1_194' title='bbox 2067 2830 2301 2883; x_wconf 85' lang='lat' dir='ltr'>Lithico-</span> 
     </span>
     <span class='ocr_line' id='line_1_27' title="bbox 742 2906 2299 2977; baseline -0.002 -13"><span class='ocrx_word' id='word_1_195' title='bbox 742 2927 860 2964; x_wconf 85' lang='lat' dir='ltr'>rum</span> <span class='ocrx_word' id='word_1_196' title='bbox 896 2919 1080 2964; x_wconf 78' lang='lat' dir='ltr'>auctor</span> <span class='ocrx_word' id='word_1_197' title='bbox 1112 2906 1450 2962; x_wconf 86' lang='lat' dir='ltr'>stultissimus</span> <span class='ocrx_word' id='word_1_198' title='bbox 1487 2926 1536 2962; x_wconf 82' lang='lat' dir='ltr'>v.</span> <span class='ocrx_word' id='word_1_199' title='bbox 1568 2924 1690 2963; x_wconf 81' lang='lat'>222.</span> <span class='ocrx_word' id='word_1_200' title='bbox 1730 2932 1752 2953; x_wconf 79' lang='grc' dir='ltr'>ι·</span> <span class='ocrx_word' id='word_1_201' title='bbox 1783 2908 1808 2977; x_wconf 80' lang='grc' dir='ltr'>ΙΙ</span> <span class='ocrx_word' id='word_1_202' title='bbox 1834 2936 1908 2949; x_wconf 93' lang='grc'><strong>-</strong></span> <span class='ocrx_word' id='word_1_203' title='bbox 1930 2910 2052 2975; x_wconf 85' lang='lat'>726.</span> <span class='ocrx_word' id='word_1_204' title='bbox 2091 2906 2176 2974; x_wconf 73' lang='grc' dir='ltr'>δέ]</span> <span class='ocrx_word' id='word_1_205' title='bbox 2211 2907 2299 2977; x_wconf 78' lang='grc' dir='ltr'>μέν</span> 
     </span>
     <span class='ocr_line' id='line_1_28' title="bbox 741 2983 2292 3059; baseline -0.001 -18"><span class='ocrx_word' id='word_1_206' title='bbox 741 2988 798 3053; x_wconf 77' lang='lat' dir='ltr'>h,·</span> <span class='ocrx_word' id='word_1_207' title='bbox 814 2990 906 3043; x_wconf 75' lang='grc' dir='ltr'>ὅσα</span> <span class='ocrx_word' id='word_1_208' title='bbox 932 3008 1018 3056; x_wconf 82' lang='grc' dir='ltr'>μιν</span> <span class='ocrx_word' id='word_1_209' title='bbox 1030 2986 1059 3059; x_wconf 96' lang='grc'>]</span> <span class='ocrx_word' id='word_1_210' title='bbox 1077 2988 1170 3041; x_wconf 75' lang='grc' dir='ltr'>ὅσα</span> <span class='ocrx_word' id='word_1_211' title='bbox 1200 2987 1249 3039; x_wconf 76' lang='grc' dir='ltr'>οἱ</span> <span class='ocrx_word' id='word_1_212' title='bbox 1268 2990 1324 3041; x_wconf 85' lang='lat' dir='ltr'><em>A</em></span> <span class='ocrx_word' id='word_1_213' title='bbox 1329 2985 1806 3055; x_wconf 68' lang='lat' dir='ltr'>BDGchlekImot,</span> <span class='ocrx_word' id='word_1_214' title='bbox 1829 2986 1954 3038; x_wconf 72' lang='grc' dir='ltr'>ὄσσα</span> <span class='ocrx_word' id='word_1_215' title='bbox 1975 2983 2024 3037; x_wconf 84' lang='lat' dir='ltr'>ol</span> <span class='ocrx_word' id='word_1_216' title='bbox 2051 2983 2170 3039; x_wconf 87' lang='lat' dir='ltr'>cod.</span> <span class='ocrx_word' id='word_1_217' title='bbox 2195 3004 2238 3041; x_wconf 86' lang='grc' dir='ltr'>ε.</span> <span class='ocrx_word' id='word_1_218' title='bbox 2271 2987 2292 3057; x_wconf 84' lang='grc' dir='ltr'>ΙΙ</span> 
     </span>
     <span class='ocr_line' id='line_1_29' title="bbox 739 3062 2299 3137; baseline -0.003 -16"><span class='ocrx_word' id='word_1_219' title='bbox 739 3096 812 3109; x_wconf 87' lang='lat'>--</span> <span class='ocrx_word' id='word_1_220' title='bbox 837 3083 962 3137; x_wconf 79' lang='lat'>727.</span> <span class='ocrx_word' id='word_1_221' title='bbox 987 3064 1298 3137; x_wconf 74' lang='grc' dir='ltr'>ζεφυρήτιδος</span> <span class='ocrx_word' id='word_1_222' title='bbox 1313 3069 1467 3127; x_wconf 84' lang='lat' dir='ltr'>ABc;</span> <span class='ocrx_word' id='word_1_223' title='bbox 1483 3063 1536 3117; x_wconf 71' lang='grc' dir='ltr'>ἐκ</span> <span class='ocrx_word' id='word_1_224' title='bbox 1561 3082 1667 3118; x_wconf 90' lang='lat' dir='ltr'>om.</span> <span class='ocrx_word' id='word_1_225' title='bbox 1691 3069 1764 3121; x_wconf 87' lang='lat' dir='ltr'>D.</span> <span class='ocrx_word' id='word_1_226' title='bbox 1795 3064 1992 3117; x_wconf 85' lang='lat' dir='ltr'>Eadem</span> <span class='ocrx_word' id='word_1_227' title='bbox 2019 3062 2178 3117; x_wconf 83' lang='lat' dir='ltr'>verba</span> <span class='ocrx_word' id='word_1_228' title='bbox 2200 3063 2299 3117; x_wconf 86' lang='lat' dir='ltr'>ha-</span> 
     </span>
     <span class='ocr_line' id='line_1_30' title="bbox 742 3139 2297 3214; baseline -0.003 -14"><span class='ocrx_word' id='word_1_229' title='bbox 742 3144 830 3200; x_wconf 79' lang='lat' dir='ltr'>bes</span> <span class='ocrx_word' id='word_1_230' title='bbox 848 3162 925 3201; x_wconf 79' lang='lat' dir='ltr'>vs.</span> <span class='ocrx_word' id='word_1_231' title='bbox 951 3146 1069 3205; x_wconf 82' lang='grc'><strong>346.</strong></span> <span class='ocrx_word' id='word_1_232' title='bbox 1100 3146 1122 3213; x_wconf 73' lang='grc' dir='ltr'>ΙΙ</span> <span class='ocrx_word' id='word_1_233' title='bbox 1148 3173 1223 3185; x_wconf 92' lang='grc'>-</span> <span class='ocrx_word' id='word_1_234' title='bbox 1241 3158 1366 3214; x_wconf 82' lang='lat'>729.</span> <span class='ocrx_word' id='word_1_235' title='bbox 1403 3141 1528 3211; x_wconf 71' lang='grc' dir='ltr'>ἀνὰ]</span> <span class='ocrx_word' id='word_1_236' title='bbox 1553 3142 1632 3198; x_wconf 76' lang='grc' dir='ltr'>ἐπὶ</span> <span class='ocrx_word' id='word_1_237' title='bbox 1651 3146 1727 3207; x_wconf 86' lang='grc' dir='ltr'>Η,</span> <span class='ocrx_word' id='word_1_238' title='bbox 1746 3141 1820 3196; x_wconf 75' lang='grc' dir='ltr'>ἐνὶ</span> <span class='ocrx_word' id='word_1_239' title='bbox 1847 3146 1968 3198; x_wconf 70' lang='lat' dir='ltr'>uve</span> <span class='ocrx_word' id='word_1_240' title='bbox 1988 3140 2109 3207; x_wconf 85' lang='lat' dir='ltr'>(sed</span> <span class='ocrx_word' id='word_1_241' title='bbox 2128 3139 2222 3193; x_wconf 74' lang='grc' dir='ltr'>ἀνὰ</span> <span class='ocrx_word' id='word_1_242' title='bbox 2241 3142 2297 3195; x_wconf 87' lang='lat' dir='ltr'>in</span> 
     </span>
     <span class='ocr_line' id='line_1_31' title="bbox 743 3215 2297 3293; baseline -0.005 -15"><span class='ocrx_word' id='word_1_243' title='bbox 743 3226 1036 3293; x_wconf 82' lang='lat' dir='ltr'>margine).</span> <span class='ocrx_word' id='word_1_244' title='bbox 1070 3223 1094 3292; x_wconf 75' lang='lat' dir='ltr'>fl</span> <span class='ocrx_word' id='word_1_245' title='bbox 1119 3252 1192 3263; x_wconf 89' lang='lat'>—</span> <span class='ocrx_word' id='word_1_246' title='bbox 1215 3222 1340 3291; x_wconf 89' lang='grc'><strong>730.</strong></span> <span class='ocrx_word' id='word_1_247' title='bbox 1367 3215 1578 3292; x_wconf 72' lang='grc' dir='ltr'>Οὗννοι]</span> <span class='ocrx_word' id='word_1_248' title='bbox 1615 3215 1766 3274; x_wconf 64' lang='grc' dir='ltr'>Οὗνοι</span> <span class='ocrx_word' id='word_1_249' title='bbox 1800 3218 2096 3282; x_wconf 67' lang='grc' dir='ltr'>ΟΕΧΟαΙς</span> <span class='ocrx_word' id='word_1_250' title='bbox 2117 3217 2297 3271; x_wconf 58' lang='lat' dir='ltr'>‘&#39;ss-mot</span> 
     </span>
     <span class='ocr_line' id='line_1_32' title="bbox 745 3293 2297 3371; baseline -0.004 -16"><span class='ocrx_word' id='word_1_251' title='bbox 745 3304 856 3366; x_wconf 73' lang='lat' dir='ltr'>Xae,</span> <span class='ocrx_word' id='word_1_252' title='bbox 893 3302 947 3353; x_wconf 87' lang='lat' dir='ltr'>in</span> <span class='ocrx_word' id='word_1_253' title='bbox 977 3301 1078 3354; x_wconf 86' lang='lat' dir='ltr'>hoc</span> <span class='ocrx_word' id='word_1_254' title='bbox 1099 3298 1424 3371; x_wconf 83' lang='lat' dir='ltr'>adscriptum</span> <span class='ocrx_word' id='word_1_255' title='bbox 1453 3316 1468 3354; x_wconf 88' lang='lat'><strong>:</strong></span> <span class='ocrx_word' id='word_1_256' title='bbox 1512 3316 1590 3369; x_wconf 84' lang='grc' dir='ltr'>γρ.</span> <span class='ocrx_word' id='word_1_257' title='bbox 1621 3293 1806 3363; x_wconf 72' lang='grc' dir='ltr'>Οὖνοι;</span> <span class='ocrx_word' id='word_1_258' title='bbox 1828 3296 1978 3351; x_wconf 72' lang='grc' dir='ltr'>Ὠνοι</span> <span class='ocrx_word' id='word_1_259' title='bbox 2017 3297 2061 3361; x_wconf 78' lang='lat' dir='ltr'>i,-</span> <span class='ocrx_word' id='word_1_260' title='bbox 2087 3294 2297 3351; x_wconf 81' lang='grc' dir='ltr'>θοΰννοι</span> 
     </span>
     <span class='ocr_line' id='line_1_33' title="bbox 747 3374 2295 3449; baseline -0.001 -19"><span class='ocrx_word' id='word_1_261' title='bbox 747 3393 854 3431; x_wconf 79' lang='lat' dir='ltr'>var.</span> <span class='ocrx_word' id='word_1_262' title='bbox 901 3376 1020 3431; x_wconf 89' lang='lat' dir='ltr'>lect.</span> <span class='ocrx_word' id='word_1_263' title='bbox 1071 3374 1212 3449; x_wconf 85' lang='lat' dir='ltr'>apud</span> <span class='ocrx_word' id='word_1_264' title='bbox 1244 3376 1614 3440; x_wconf 86' lang='lat' dir='ltr'>Eustatbium;</span> <span class='ocrx_word' id='word_1_265' title='bbox 1652 3376 1886 3430; x_wconf 82' lang='lat' dir='ltr'>Avienus</span> <span class='ocrx_word' id='word_1_266' title='bbox 1913 3378 2067 3445; x_wconf 87' lang='lat'>(907)</span> <span class='ocrx_word' id='word_1_267' title='bbox 2114 3374 2295 3447; x_wconf 90' lang='lat' dir='ltr'>populi</span> 
     </span>
     <span class='ocr_line' id='line_1_34' title="bbox 746 3450 2292 3525; baseline 0 -18"><span class='ocrx_word' id='word_1_268' title='bbox 746 3454 902 3525; x_wconf 81' lang='lat' dir='ltr'>hujus</span> <span class='ocrx_word' id='word_1_269' title='bbox 925 3454 1243 3511; x_wconf 78' lang='lat' dir='ltr'>mentionem</span> <span class='ocrx_word' id='word_1_270' title='bbox 1261 3454 1472 3519; x_wconf 81' lang='lat' dir='ltr'>omisit3</span> <span class='ocrx_word' id='word_1_271' title='bbox 1503 3455 1556 3507; x_wconf 93' lang='lat' dir='ltr'>in</span> <span class='ocrx_word' id='word_1_272' title='bbox 1578 3453 1846 3508; x_wconf 85' lang='lat' dir='ltr'>Prisciano</span> <span class='ocrx_word' id='word_1_273' title='bbox 1863 3454 2036 3522; x_wconf 86' lang='grc'><strong>(706),</strong></span> <span class='ocrx_word' id='word_1_274' title='bbox 2056 3450 2150 3505; x_wconf 90' lang='lat' dir='ltr'>ubi</span> <span class='ocrx_word' id='word_1_275' title='bbox 2185 3454 2292 3507; x_wconf 76' lang='lat' dir='ltr'>Un-</span> 
     </span>
     <span class='ocr_line' id='line_1_35' title="bbox 748 3528 2296 3603; baseline 0.001 -20"><span class='ocrx_word' id='word_1_276' title='bbox 748 3550 846 3585; x_wconf 72' lang='grc' dir='ltr'>πω</span> <span class='ocrx_word' id='word_1_277' title='bbox 890 3532 1147 3603; x_wconf 78' lang='lat' dir='ltr'>vulgatur,</span> <span class='ocrx_word' id='word_1_278' title='bbox 1195 3528 1401 3584; x_wconf 71' lang='lat' dir='ltr'>codioes</span> <span class='ocrx_word' id='word_1_279' title='bbox 1463 3532 1742 3602; x_wconf 87' lang='lat' dir='ltr'>scripturas</span> <span class='ocrx_word' id='word_1_280' title='bbox 1804 3530 2056 3583; x_wconf 80' lang='lat' dir='ltr'>variantes</span> <span class='ocrx_word' id='word_1_281' title='bbox 2098 3528 2296 3585; x_wconf 85' lang='lat' dir='ltr'>babent</span> 
     </span>
     <span class='ocr_line' id='line_1_36' title="bbox 754 3607 2297 3681; baseline 0 -18"><span class='ocrx_word' id='word_1_282' title='bbox 754 3610 976 3681; x_wconf 70' lang='lat' dir='ltr'>Thy-nus,</span> <span class='ocrx_word' id='word_1_283' title='bbox 1009 3608 1205 3665; x_wconf 67' lang='lat' dir='ltr'>Thintis</span> <span class='ocrx_word' id='word_1_284' title='bbox 1225 3650 1240 3675; x_wconf 90' lang='lat'>,</span> <span class='ocrx_word' id='word_1_285' title='bbox 1267 3608 1489 3679; x_wconf 72' lang='lat' dir='ltr'>Thymus</span> <span class='ocrx_word' id='word_1_286' title='bbox 1505 3631 1527 3674; x_wconf 91' lang='lat'>,·</span> <span class='ocrx_word' id='word_1_287' title='bbox 1543 3627 1637 3664; x_wconf 89' lang='lat' dir='ltr'>nec</span> <span class='ocrx_word' id='word_1_288' title='bbox 1657 3607 1882 3664; x_wconf 89' lang='lat' dir='ltr'>dubium</span> <span class='ocrx_word' id='word_1_289' title='bbox 1909 3618 1984 3663; x_wconf 87' lang='lat' dir='ltr'>est</span> <span class='ocrx_word' id='word_1_290' title='bbox 2001 3609 2132 3681; x_wconf 87' lang='lat' dir='ltr'>quin</span> <span class='ocrx_word' id='word_1_291' title='bbox 2156 3610 2297 3663; x_wconf 85' lang='lat' dir='ltr'>Pris-</span> 
     </span>
     <span class='ocr_line' id='line_1_37' title="bbox 748 3685 2297 3761; baseline 0.001 -19"><span class='ocrx_word' id='word_1_292' title='bbox 748 3689 930 3743; x_wconf 82' lang='lat' dir='ltr'>cianus</span> <span class='ocrx_word' id='word_1_293' title='bbox 959 3690 1164 3759; x_wconf 72' lang='lat' dir='ltr'>Thynus</span> <span class='ocrx_word' id='word_1_294' title='bbox 1186 3688 1452 3760; x_wconf 73' lang='lat' dir='ltr'>scripserit</span> <span class='ocrx_word' id='word_1_295' title='bbox 1467 3727 1484 3754; x_wconf 94' lang='lat'>,</span> <span class='ocrx_word' id='word_1_296' title='bbox 1514 3688 1707 3761; x_wconf 85' lang='lat' dir='ltr'>quippe</span> <span class='ocrx_word' id='word_1_297' title='bbox 1729 3706 1846 3760; x_wconf 77' lang='lat' dir='ltr'>quae</span> <span class='ocrx_word' id='word_1_298' title='bbox 1867 3688 2095 3743; x_wconf 88' lang='lat' dir='ltr'>nominis</span> <span class='ocrx_word' id='word_1_299' title='bbox 2126 3685 2297 3743; x_wconf 81' lang='lat' dir='ltr'>forma</span> 
     </span>
     <span class='ocr_line' id='line_1_38' title="bbox 749 3764 2300 3838; baseline 0 -19"><span class='ocrx_word' id='word_1_300' title='bbox 749 3782 780 3819; x_wconf 89' lang='lat' dir='ltr'>e</span> <span class='ocrx_word' id='word_1_301' title='bbox 807 3764 1038 3820; x_wconf 83' lang='lat' dir='ltr'>confusis</span> <span class='ocrx_word' id='word_1_302' title='bbox 1065 3765 1228 3820; x_wconf 88' lang='lat' dir='ltr'>literis</span> <span class='ocrx_word' id='word_1_303' title='bbox 1252 3766 1433 3836; x_wconf 79' lang='lat' dir='ltr'>groecis</span> <span class='ocrx_word' id='word_1_304' title='bbox 1470 3768 1519 3821; x_wconf 91' lang='grc' dir='ltr'>Ο</span> <span class='ocrx_word' id='word_1_305' title='bbox 1557 3776 1610 3819; x_wconf 90' lang='lat' dir='ltr'>et</span> <span class='ocrx_word' id='word_1_306' title='bbox 1633 3766 1676 3820; x_wconf 86' lang='grc' dir='ltr'>θ</span> <span class='ocrx_word' id='word_1_307' title='bbox 1703 3765 1904 3820; x_wconf 77' lang='lat' dir='ltr'>facilem</span> <span class='ocrx_word' id='word_1_308' title='bbox 1925 3764 2115 3820; x_wconf 79' lang='lat' dir='ltr'>babeat</span> <span class='ocrx_word' id='word_1_309' title='bbox 2139 3765 2300 3838; x_wconf 83' lang='lat' dir='ltr'>expli·</span> 
     </span>
     <span class='ocr_line' id='line_1_39' title="bbox 749 3842 2297 3916; baseline 0 -19"><span class='ocrx_word' id='word_1_310' title='bbox 749 3844 1028 3898; x_wconf 69' lang='lat' dir='ltr'>cationem.</span> <span class='ocrx_word' id='word_1_311' title='bbox 1061 3844 1308 3897; x_wconf 82' lang='lat' dir='ltr'>Ceterum</span> <span class='ocrx_word' id='word_1_312' title='bbox 1341 3842 1476 3899; x_wconf 91' lang='lat' dir='ltr'>ordo</span> <span class='ocrx_word' id='word_1_313' title='bbox 1511 3844 1827 3916; x_wconf 85' lang='lat' dir='ltr'>populorum</span> <span class='ocrx_word' id='word_1_314' title='bbox 1869 3843 2008 3898; x_wconf 87' lang='lat' dir='ltr'>idem</span> <span class='ocrx_word' id='word_1_315' title='bbox 2038 3853 2116 3898; x_wconf 87' lang='lat' dir='ltr'>est</span> <span class='ocrx_word' id='word_1_316' title='bbox 2137 3861 2297 3915; x_wconf 88' lang='lat' dir='ltr'>quem</span> 
     </span>
     <span class='ocr_line' id='line_1_40' title="bbox 751 3921 2291 3996; baseline 0 -19"><span class='ocrx_word' id='word_1_317' title='bbox 751 3940 816 3976; x_wconf 84' lang='lat' dir='ltr'>ex</span> <span class='ocrx_word' id='word_1_318' title='bbox 855 3921 1202 3977; x_wconf 70' lang='lat' dir='ltr'>Eratosthene</span> <span class='ocrx_word' id='word_1_319' title='bbox 1229 3922 1412 3996; x_wconf 84' lang='lat' dir='ltr'>prodit</span> <span class='ocrx_word' id='word_1_320' title='bbox 1452 3922 1638 3979; x_wconf 86' lang='lat' dir='ltr'>Strabo</span> <span class='ocrx_word' id='word_1_321' title='bbox 1676 3940 1734 3995; x_wconf 84' lang='lat' dir='ltr'>p.</span> <span class='ocrx_word' id='word_1_322' title='bbox 1777 3922 1876 3987; x_wconf 75' lang='lat'>⁵14</span> <span class='ocrx_word' id='word_1_323' title='bbox 1909 3926 2071 3991; x_wconf 81' lang='grc'><strong>(440,</strong></span> <span class='ocrx_word' id='word_1_324' title='bbox 2100 3926 2172 3988; x_wconf 90' lang='grc' dir='ltr'>4ο</span> <span class='ocrx_word' id='word_1_325' title='bbox 2205 3921 2291 3977; x_wconf 91' lang='lat' dir='ltr'>ed.</span> 
     </span>
     <span class='ocr_line' id='line_1_41' title="bbox 750 3999 2299 4073; baseline 0.001 -20"><span class='ocrx_word' id='word_1_326' title='bbox 750 3999 966 4070; x_wconf 85' lang='lat' dir='ltr'>Didot)</span> <span class='ocrx_word' id='word_1_327' title='bbox 1000 4018 1016 4057; x_wconf 72' lang='grc' dir='ltr'>ε</span> <span class='ocrx_word' id='word_1_328' title='bbox 1045 4000 1210 4072; x_wconf 77' lang='grc' dir='ltr'>κύκλῳ</span> <span class='ocrx_word' id='word_1_329' title='bbox 1252 4001 1306 4055; x_wconf 61' lang='grc' dir='ltr'>δὲ</span> <span class='ocrx_word' id='word_1_330' title='bbox 1341 4001 1450 4073; x_wconf 77' lang='grc' dir='ltr'>περὶ</span> <span class='ocrx_word' id='word_1_331' title='bbox 1471 3999 1559 4068; x_wconf 83' lang='grc' dir='ltr'>τὴν</span> <span class='ocrx_word' id='word_1_332' title='bbox 1605 4001 1850 4055; x_wconf 80' lang='grc' dir='ltr'>θάλατταν</span> <span class='ocrx_word' id='word_1_333' title='bbox 1899 4004 2009 4071; x_wconf 88' lang='lat' dir='ltr'>(sc.</span> <span class='ocrx_word' id='word_1_334' title='bbox 2063 4001 2299 4055; x_wconf 83' lang='lat' dir='ltr'>habitare</span> 
     </span>
     <span class='ocr_line' id='line_1_42' title="bbox 749 4077 2301 4153; baseline -0.001 -19"><span class='ocrx_word' id='word_1_335' title='bbox 749 4080 864 4151; x_wconf 85' lang='lat' dir='ltr'>ait)</span> <span class='ocrx_word' id='word_1_336' title='bbox 889 4080 1011 4151; x_wconf 78' lang='grc' dir='ltr'>μετὰ</span> <span class='ocrx_word' id='word_1_337' title='bbox 1031 4080 1142 4143; x_wconf 65' lang='grc' dir='ltr'>τοὺς</span> <span class='ocrx_word' id='word_1_338' title='bbox 1179 4077 1441 4152; x_wconf 64' lang='grc' dir='ltr'>Ὑρκανοὺς</span> <span class='ocrx_word' id='word_1_339' title='bbox 1468 4079 1720 4153; x_wconf 78' lang='grc' dir='ltr'>Ἀμάρδους</span> <span class='ocrx_word' id='word_1_340' title='bbox 1741 4099 1796 4135; x_wconf 85' lang='grc' dir='ltr'>τε</span> <span class='ocrx_word' id='word_1_341' title='bbox 1817 4080 1899 4135; x_wconf 73' lang='grc' dir='ltr'>καὶ</span> <span class='ocrx_word' id='word_1_342' title='bbox 1921 4080 2206 4144; x_wconf 76' lang='grc' dir='ltr'>Καδουσίους</span> <span class='ocrx_word' id='word_1_343' title='bbox 2217 4080 2301 4134; x_wconf 68' lang='grc' dir='ltr'>καὶ</span> 
     </span>
     <span class='ocr_line' id='line_1_43' title="bbox 757 4156 2300 4230; baseline 0.001 -18"><span class='ocrx_word' id='word_1_344' title='bbox 757 4156 1014 4221; x_wconf 74' lang='grc' dir='ltr'>Ἆλὸάνους</span> <span class='ocrx_word' id='word_1_345' title='bbox 1032 4157 1115 4211; x_wconf 75' lang='grc' dir='ltr'>καὶ</span> <span class='ocrx_word' id='word_1_346' title='bbox 1139 4158 1380 4223; x_wconf 79' lang='grc' dir='ltr'>Καοπίους</span> <span class='ocrx_word' id='word_1_347' title='bbox 1408 4160 1492 4213; x_wconf 73' lang='grc' dir='ltr'>καὶ</span> <span class='ocrx_word' id='word_1_348' title='bbox 1518 4159 1666 4214; x_wconf 83' lang='grc' dir='ltr'>Οὖιτ</span> <span class='ocrx_word' id='word_1_349' title='bbox 1680 4160 1808 4222; x_wconf 85' lang='grc' dir='ltr'>ίους</span> <span class='ocrx_word' id='word_1_350' title='bbox 1829 4198 1844 4225; x_wconf 95' lang='grc'><strong>,</strong></span> <span class='ocrx_word' id='word_1_351' title='bbox 1871 4161 2001 4230; x_wconf 79' lang='grc' dir='ltr'>τάχα</span> <span class='ocrx_word' id='word_1_352' title='bbox 2017 4159 2072 4214; x_wconf 75' lang='grc' dir='ltr'>δὲ</span> <span class='ocrx_word' id='word_1_353' title='bbox 2090 4159 2173 4212; x_wconf 71' lang='grc' dir='ltr'>καὶ</span> <span class='ocrx_word' id='word_1_354' title='bbox 2197 4158 2300 4213; x_wconf 68' lang='grc' dir='ltr'>ἐτέ-</span> 
     </span>
     <span class='ocr_line' id='line_1_44' title="bbox 748 4235 2301 4309; baseline 0.001 -21"><span class='ocrx_word' id='word_1_355' title='bbox 748 4254 856 4305; x_wconf 84' lang='grc' dir='ltr'>ρους</span> <span class='ocrx_word' id='word_1_356' title='bbox 884 4236 1028 4307; x_wconf 72' lang='grc' dir='ltr'>μέχρι</span> <span class='ocrx_word' id='word_1_357' title='bbox 1049 4235 1277 4302; x_wconf 78' lang='grc' dir='ltr'>Σκυθῶν,</span> <span class='ocrx_word' id='word_1_358' title='bbox 1295 4238 1394 4291; x_wconf 87' lang='lat' dir='ltr'>nisi</span> <span class='ocrx_word' id='word_1_359' title='bbox 1423 4236 1566 4307; x_wconf 89' lang='lat' dir='ltr'>quod</span> <span class='ocrx_word' id='word_1_360' title='bbox 1593 4256 1691 4309; x_wconf 90' lang='lat' dir='ltr'>pro</span> <span class='ocrx_word' id='word_1_361' title='bbox 1722 4236 1888 4292; x_wconf 74' lang='lat' dir='ltr'>vitiis</span> <span class='ocrx_word' id='word_1_362' title='bbox 1909 4239 2096 4291; x_wconf 83' lang='lat' dir='ltr'>Noster</span> <span class='ocrx_word' id='word_1_363' title='bbox 2128 4240 2301 4291; x_wconf 79' lang='lat' dir='ltr'>Unnos</span> 
     </span>
     <span class='ocr_line' id='line_1_45' title="bbox 747 4314 2299 4387; baseline 0.003 -20"><span class='ocrx_word' id='word_1_364' title='bbox 747 4314 855 4367; x_wconf 77' lang='lat' dir='ltr'>sive</span> <span class='ocrx_word' id='word_1_365' title='bbox 891 4317 1030 4369; x_wconf 79' lang='lat' dir='ltr'>Unos</span> <span class='ocrx_word' id='word_1_366' title='bbox 1061 4314 1240 4371; x_wconf 84' lang='lat' dir='ltr'>habet.</span> <span class='ocrx_word' id='word_1_367' title='bbox 1282 4318 1344 4369; x_wconf 87' lang='lat' dir='ltr'>lu</span> <span class='ocrx_word' id='word_1_368' title='bbox 1377 4316 1552 4370; x_wconf 87' lang='lat' dir='ltr'>tabula</span> <span class='ocrx_word' id='word_1_369' title='bbox 1587 4316 1986 4387; x_wconf 71' lang='lat' dir='ltr'>peutingeriana</span> <span class='ocrx_word' id='word_1_370' title='bbox 2022 4326 2076 4369; x_wconf 91' lang='lat' dir='ltr'>et</span> <span class='ocrx_word' id='word_1_371' title='bbox 2105 4316 2299 4387; x_wconf 86' lang='lat' dir='ltr'>Geogr.</span> 
     </span>
     <span class='ocr_line' id='line_1_46' title="bbox 747 4392 2303 4466; baseline 0.003 -19"><span class='ocrx_word' id='word_1_372' title='bbox 747 4394 874 4447; x_wconf 81' lang='lat' dir='ltr'>Bav.</span> <span class='ocrx_word' id='word_1_373' title='bbox 895 4410 950 4456; x_wconf 77' lang='lat' dir='ltr'>a.</span> <span class='ocrx_word' id='word_1_374' title='bbox 979 4396 1012 4449; x_wconf 83' lang='grc'><strong>8</strong></span> <span class='ocrx_word' id='word_1_375' title='bbox 1038 4392 1234 4448; x_wconf 85' lang='lat' dir='ltr'>ibidem</span> <span class='ocrx_word' id='word_1_376' title='bbox 1265 4405 1389 4450; x_wconf 85' lang='lat' dir='ltr'>sunt</span> <span class='ocrx_word' id='word_1_377' title='bbox 1435 4394 1824 4466; x_wconf 70' lang='lat' dir='ltr'>Urio-Scythoe5</span> <span class='ocrx_word' id='word_1_378' title='bbox 1863 4394 1918 4449; x_wconf 89' lang='lat' dir='ltr'>in</span> <span class='ocrx_word' id='word_1_379' title='bbox 1949 4398 1982 4449; x_wconf 83' lang='lat' dir='ltr'>J</span> <span class='ocrx_word' id='word_1_380' title='bbox 1987 4394 2093 4451; x_wconf 90' lang='lat' dir='ltr'>ulio</span> <span class='ocrx_word' id='word_1_381' title='bbox 2123 4396 2303 4451; x_wconf 80' lang='lat' dir='ltr'>Hono-</span> 
     </span>
     <span class='ocr_line' id='line_1_47' title="bbox 745 4472 2298 4624; baseline 0.003 -21"><span class='ocrx_word' id='word_1_382' title='bbox 745 4488 913 4604; x_wconf 66' lang='lat'>3¹:523.</span> <span class='ocrx_word' id='word_1_383' title='bbox 932 4472 1981 4623; x_wconf 47' lang='lat' dir='ltr'>§triaf‘ez‘sssssszffiffssssffffiz</span> <span class='ocrx_word' id='word_1_384' title='bbox 1995 4474 2298 4624; x_wconf 42' lang='lat' dir='ltr'>&amp;apelii-1</span> 
     </span>
     <span class='ocr_line' id='line_1_48' title="bbox 749 4626 2300 4703; baseline 0.002 -22"><span class='ocrx_word' id='word_1_385' title='bbox 749 4628 866 4683; x_wconf 82' lang='lat' dir='ltr'>lect.</span> <span class='ocrx_word' id='word_1_386' title='bbox 888 4631 910 4699; x_wconf 93' lang='lat'>)</span> <span class='ocrx_word' id='word_1_387' title='bbox 931 4626 1081 4699; x_wconf 81' lang='lat' dir='ltr'>juxta</span> <span class='ocrx_word' id='word_1_388' title='bbox 1105 4645 1250 4683; x_wconf 89' lang='lat' dir='ltr'>mare</span> <span class='ocrx_word' id='word_1_389' title='bbox 1272 4629 1612 4696; x_wconf 85' lang='lat' dir='ltr'>collocantur,</span> <span class='ocrx_word' id='word_1_390' title='bbox 1643 4648 1778 4703; x_wconf 88' lang='lat' dir='ltr'>qnos</span> <span class='ocrx_word' id='word_1_391' title='bbox 1817 4632 1993 4684; x_wconf 84' lang='lat' dir='ltr'>Varro</span> <span class='ocrx_word' id='word_1_392' title='bbox 2018 4629 2160 4703; x_wconf 85' lang='lat' dir='ltr'>apud</span> <span class='ocrx_word' id='word_1_393' title='bbox 2199 4630 2300 4684; x_wconf 86' lang='lat' dir='ltr'>Pli-</span> 
     </span>
     <span class='ocr_line' id='line_1_49' title="bbox 753 4706 2290 4776; baseline 0.002 -17"><span class='ocrx_word' id='word_1_394' title='bbox 753 4706 900 4760; x_wconf 89' lang='lat' dir='ltr'>nium</span> <span class='ocrx_word' id='word_1_395' title='bbox 935 4712 988 4773; x_wconf 86' lang='lat'>6,</span> <span class='ocrx_word' id='word_1_396' title='bbox 1021 4706 1082 4761; x_wconf 81' lang='lat'>1⁵</span> <span class='ocrx_word' id='word_1_397' title='bbox 1111 4708 1228 4776; x_wconf 77' lang='lat'>§38</span> <span class='ocrx_word' id='word_1_398' title='bbox 1275 4707 1473 4763; x_wconf 76' lang='lat' dir='ltr'>Udinos</span> <span class='ocrx_word' id='word_1_399' title='bbox 1497 4720 1688 4763; x_wconf 80' lang='lat' dir='ltr'>vocat:</span> <span class='ocrx_word' id='word_1_400' title='bbox 1721 4710 1810 4763; x_wconf 79' lang='lat' dir='ltr'>Ab</span> <span class='ocrx_word' id='word_1_401' title='bbox 1850 4708 2070 4763; x_wconf 75' lang='lat' dir='ltr'>introitu</span> <span class='ocrx_word' id='word_1_402' title='bbox 2100 4708 2290 4762; x_wconf 66' lang='grc' dir='ltr'>ἄαται</span> 
     </span>
     <span class='ocr_line' id='line_1_50' title="bbox 751 4784 2296 4859; baseline 0.003 -22"><span class='ocrx_word' id='word_1_403' title='bbox 751 4802 1040 4839; x_wconf 80' lang='lat' dir='ltr'>mucronem</span> <span class='ocrx_word' id='word_1_404' title='bbox 1053 4784 1223 4859; x_wconf 76' lang='lat' dir='ltr'>ipsum</span> <span class='ocrx_word' id='word_1_405' title='bbox 1237 4784 1476 4851; x_wconf 76' lang='lat' dir='ltr'>saucium</span> <span class='ocrx_word' id='word_1_406' title='bbox 1490 4788 1674 4855; x_wconf 87' lang='lat' dir='ltr'>(maris</span> <span class='ocrx_word' id='word_1_407' title='bbox 1693 4785 1895 4859; x_wconf 88' lang='lat' dir='ltr'>Caspii)</span> <span class='ocrx_word' id='word_1_408' title='bbox 1917 4797 2087 4840; x_wconf 81' lang='lat' dir='ltr'>tenent</span> <span class='ocrx_word' id='word_1_409' title='bbox 2113 4786 2296 4853; x_wconf 75' lang='lat' dir='ltr'>Udini,</span> 
     </span>
     <span class='ocr_line' id='line_1_51' title="bbox 749 4862 2299 4935; baseline 0.004 -20"><span class='ocrx_word' id='word_1_410' title='bbox 749 4862 1055 4932; x_wconf 60' lang='lat' dir='ltr'>Sqtliamm</span> <span class='ocrx_word' id='word_1_411' title='bbox 1067 4864 1318 4935; x_wconf 76' lang='lat' dir='ltr'>populus.</span> <span class='ocrx_word' id='word_1_412' title='bbox 1339 4864 1424 4918; x_wconf 79' lang='lat' dir='ltr'>Ab</span> <span class='ocrx_word' id='word_1_413' title='bbox 1448 4864 1527 4919; x_wconf 85' lang='lat' dir='ltr'>his</span> <span class='ocrx_word' id='word_1_414' title='bbox 1546 4883 1666 4919; x_wconf 80' lang='lat' dir='ltr'>vero</span> <span class='ocrx_word' id='word_1_415' title='bbox 1690 4864 1823 4918; x_wconf 91' lang='lat' dir='ltr'>Udis</span> <span class='ocrx_word' id='word_1_416' title='bbox 1850 4866 1959 4919; x_wconf 80' lang='lat' dir='ltr'>sive</span> <span class='ocrx_word' id='word_1_417' title='bbox 1978 4864 2168 4919; x_wconf 89' lang='lat' dir='ltr'>Udinis</span> <span class='ocrx_word' id='word_1_418' title='bbox 2189 4884 2299 4921; x_wconf 86' lang='lat' dir='ltr'>non</span> 
     </span>
     <span class='ocr_line' id='line_1_52' title="bbox 748 4940 2300 5016; baseline 0.003 -23"><span class='ocrx_word' id='word_1_419' title='bbox 748 4940 984 4994; x_wconf 86' lang='lat' dir='ltr'>diversos</span> <span class='ocrx_word' id='word_1_420' title='bbox 1006 4958 1116 4995; x_wconf 86' lang='lat' dir='ltr'>esse</span> <span class='ocrx_word' id='word_1_421' title='bbox 1131 4942 1280 4997; x_wconf 85' lang='lat' dir='ltr'>Unos</span> <span class='ocrx_word' id='word_1_422' title='bbox 1297 4944 1404 4997; x_wconf 84' lang='lat' dir='ltr'>sive</span> <span class='ocrx_word' id='word_1_423' title='bbox 1429 4945 1613 4997; x_wconf 88' lang='lat' dir='ltr'>Unnos</span> <span class='ocrx_word' id='word_1_424' title='bbox 1636 4945 1800 5016; x_wconf 64' lang='lat' dir='ltr'>Dion&gt;</span> <span class='ocrx_word' id='word_1_425' title='bbox 1811 4946 1872 4997; x_wconf 88' lang='lat' dir='ltr'>sii</span> <span class='ocrx_word' id='word_1_426' title='bbox 1894 4955 2037 4998; x_wconf 88' lang='lat' dir='ltr'>tanto</span> <span class='ocrx_word' id='word_1_427' title='bbox 2055 4943 2300 4999; x_wconf 79' lang='lat' dir='ltr'>libentius</span> 
     </span>
     <span class='ocr_line' id='line_1_53' title="bbox 749 5018 2299 5094; baseline 0.001 -21"><span class='ocrx_word' id='word_1_428' title='bbox 749 5019 928 5084; x_wconf 84' lang='lat' dir='ltr'>Hillio,</span> <span class='ocrx_word' id='word_1_429' title='bbox 944 5018 1216 5074; x_wconf 89' lang='lat' dir='ltr'>Lindnero</span> <span class='ocrx_word' id='word_1_430' title='bbox 1230 5022 1356 5089; x_wconf 75' lang='lat' dir='ltr'>(Die</span> <span class='ocrx_word' id='word_1_431' title='bbox 1371 5022 1588 5092; x_wconf 76' lang='lat' dir='ltr'>Scythen</span> <span class='ocrx_word' id='word_1_432' title='bbox 1605 5022 1694 5075; x_wconf 81' lang='lat' dir='ltr'>des</span> <span class='ocrx_word' id='word_1_433' title='bbox 1709 5022 1935 5076; x_wconf 75' lang='lat' dir='ltr'>Herode!</span> <span class='ocrx_word' id='word_1_434' title='bbox 1951 5040 2006 5094; x_wconf 85' lang='lat' dir='ltr'>p.</span> <span class='ocrx_word' id='word_1_435' title='bbox 2029 5023 2172 5089; x_wconf 77' lang='lat'>234),</span> <span class='ocrx_word' id='word_1_436' title='bbox 2184 5021 2299 5076; x_wconf 88' lang='lat' dir='ltr'>aliis</span> 
     </span>
     <span class='ocr_line' id='line_1_54' title="bbox 747 5098 2300 5170; baseline 0.001 -18"><span class='ocrx_word' id='word_1_437' title='bbox 747 5098 999 5170; x_wconf 76' lang='lat' dir='ltr'>hrgiaris,</span> <span class='ocrx_word' id='word_1_438' title='bbox 1024 5108 1222 5169; x_wconf 89' lang='lat' dir='ltr'>quanto</span> <span class='ocrx_word' id='word_1_439' title='bbox 1246 5098 1446 5154; x_wconf 75' lang='lat' dir='ltr'>facilius</span> <span class='ocrx_word' id='word_1_440' title='bbox 1466 5100 1635 5154; x_wconf 84' lang='grc' dir='ltr'>ΟΥΔοι</span> <span class='ocrx_word' id='word_1_441' title='bbox 1667 5099 1746 5153; x_wconf 79' lang='lat' dir='ltr'>vel</span> <span class='ocrx_word' id='word_1_442' title='bbox 1774 5100 1996 5154; x_wconf 81' lang='grc' dir='ltr'>ΟΥΔΙνοι</span> <span class='ocrx_word' id='word_1_443' title='bbox 2027 5102 2081 5154; x_wconf 86' lang='lat' dir='ltr'>in</span> <span class='ocrx_word' id='word_1_444' title='bbox 2117 5099 2300 5154; x_wconf 87' lang='grc' dir='ltr'>ΟΥΝοι</span> 
     </span>
     <span class='ocr_line' id='line_1_55' title="bbox 749 5175 2295 5249; baseline 0.003 -21"><span class='ocrx_word' id='word_1_445' title='bbox 749 5176 827 5231; x_wconf 82' lang='lat' dir='ltr'>vel</span> <span class='ocrx_word' id='word_1_446' title='bbox 840 5175 1052 5230; x_wconf 86' lang='grc' dir='ltr'>ΟΥΝνοι</span> <span class='ocrx_word' id='word_1_447' title='bbox 1071 5176 1216 5231; x_wconf 84' lang='lat' dir='ltr'>abire</span> <span class='ocrx_word' id='word_1_448' title='bbox 1232 5181 1518 5249; x_wconf 88' lang='lat' dir='ltr'>potuerint.</span> <span class='ocrx_word' id='word_1_449' title='bbox 1534 5182 1798 5247; x_wconf 67' lang='lat' dir='ltr'>Quaeritur</span> <span class='ocrx_word' id='word_1_450' title='bbox 1809 5189 1980 5234; x_wconf 86' lang='lat' dir='ltr'>autem</span> <span class='ocrx_word' id='word_1_451' title='bbox 1998 5196 2126 5233; x_wconf 90' lang='lat' dir='ltr'>num</span> <span class='ocrx_word' id='word_1_452' title='bbox 2145 5180 2295 5233; x_wconf 87' lang='lat' dir='ltr'>istam</span> 
     </span>
     <span class='ocr_line' id='line_1_56' title="bbox 749 5256 2292 5330; baseline 0.003 -22"><span class='ocrx_word' id='word_1_453' title='bbox 749 5257 1022 5309; x_wconf 88' lang='lat' dir='ltr'>nominum</span> <span class='ocrx_word' id='word_1_454' title='bbox 1061 5256 1500 5327; x_wconf 73' lang='lat' dir='ltr'>permutationem</span> <span class='ocrx_word' id='word_1_455' title='bbox 1527 5268 1711 5329; x_wconf 86' lang='lat' dir='ltr'>quarto</span> <span class='ocrx_word' id='word_1_456' title='bbox 1746 5257 1826 5312; x_wconf 84' lang='lat' dir='ltr'>vel</span> <span class='ocrx_word' id='word_1_457' title='bbox 1868 5259 2054 5330; x_wconf 89' lang='lat' dir='ltr'>quinto</span> <span class='ocrx_word' id='word_1_458' title='bbox 2082 5258 2256 5312; x_wconf 89' lang='lat' dir='ltr'>seculo</span> <span class='ocrx_word' id='word_1_459' title='bbox 2277 5298 2292 5323; x_wconf 91' lang='lat'>,</span> 
     </span>
    </p>
   </div>
   <div class='ocr_carea' id='block_1_4' title="bbox 2335 1926 2349 3147">
    <p class='ocr_par' dir='ltr' id='par_1_5' title="bbox 2335 1926 2349 3147">
     <span class='ocr_line' id='line_1_57' title="bbox 2335 1926 2349 3147; textangle 90"><span class='ocrx_word' id='word_1_460' title='bbox 2335 1926 2349 3147; x_wconf 72' lang='lat'><em>——-——-—-————</em></span> 
     </span>
    </p>
   </div>
   <div class='ocr_carea' id='block_1_5' title="bbox 3830 565 3937 615">
    <p class='ocr_par' dir='ltr' id='par_1_6' title="bbox 3830 565 3937 615">
     <span class='ocr_line' id='line_1_58' title="bbox 3830 565 3937 615; baseline -0.009 0"><span class='ocrx_word' id='word_1_461' title='bbox 3830 565 3937 615; x_wconf 76' lang='lat' dir='ltr'>us</span> 
     </span>
    </p>
   </div>
   <div class='ocr_carea' id='block_1_6' title="bbox 2380 692 3941 1456">
    <p class='ocr_par' dir='ltr' id='par_1_7' title="bbox 2380 692 3941 1113">
     <span class='ocr_line' id='line_1_59' title="bbox 2382 692 3939 766; baseline -0.001 -16"><span class='ocrx_word' id='word_1_462' title='bbox 2382 698 2575 752; x_wconf 81' lang='lat' dir='ltr'>Omnes</span> <span class='ocrx_word' id='word_1_463' title='bbox 2593 706 2768 751; x_wconf 84' lang='lat' dir='ltr'>autem</span> <span class='ocrx_word' id='word_1_464' title='bbox 2786 705 2961 766; x_wconf 88' lang='lat' dir='ltr'>gentes</span> <span class='ocrx_word' id='word_1_465' title='bbox 2982 692 3209 760; x_wconf 87' lang='lat' dir='ltr'>tradam,</span> <span class='ocrx_word' id='word_1_466' title='bbox 3234 710 3351 765; x_wconf 77' lang='lat' dir='ltr'>quae</span> <span class='ocrx_word' id='word_1_467' title='bbox 3380 696 3517 749; x_wconf 86' lang='lat' dir='ltr'>circa</span> <span class='ocrx_word' id='word_1_468' title='bbox 3538 692 3667 748; x_wconf 88' lang='lat' dir='ltr'>illud</span> <span class='ocrx_word' id='word_1_469' title='bbox 3686 693 3939 759; x_wconf 86' lang='lat' dir='ltr'>habitant,</span> 
     </span>
     <span class='ocr_line' id='line_1_60' title="bbox 2380 779 3803 851; baseline -0.003 -14"><span class='ocrx_word' id='word_1_470' title='bbox 2380 800 2595 839; x_wconf 82' lang='lat' dir='ltr'>exorsus</span> <span class='ocrx_word' id='word_1_471' title='bbox 2616 780 2741 836; x_wconf 84' lang='lat' dir='ltr'>inde</span> <span class='ocrx_word' id='word_1_472' title='bbox 2754 780 2823 835; x_wconf 86' lang='lat' dir='ltr'>ab</span> <span class='ocrx_word' id='word_1_473' title='bbox 2848 779 3070 835; x_wconf 84' lang='lat' dir='ltr'>occiduo</span> <span class='ocrx_word' id='word_1_474' title='bbox 3092 779 3251 834; x_wconf 86' lang='lat' dir='ltr'>latere</span> <span class='ocrx_word' id='word_1_475' title='bbox 3278 796 3455 833; x_wconf 86' lang='lat' dir='ltr'>versus</span> <span class='ocrx_word' id='word_1_476' title='bbox 3485 780 3803 851; x_wconf 85' lang='lat' dir='ltr'>aquilonem.</span> 
     </span>
     <span class='ocr_line' id='line_1_61' title="bbox 2380 866 3941 939; baseline -0.003 -14"><span class='ocrx_word' id='word_1_477' title='bbox 2380 866 2543 925; x_wconf 76' lang='lat' dir='ltr'>Primi</span> <span class='ocrx_word' id='word_1_478' title='bbox 2568 880 2693 924; x_wconf 88' lang='lat' dir='ltr'>sunt</span> <span class='ocrx_word' id='word_1_479' title='bbox 2716 870 2857 923; x_wconf 90' lang='lat' dir='ltr'>enim</span> <span class='ocrx_word' id='word_1_480' title='bbox 2875 867 3100 939; x_wconf 81' lang='lat' dir='ltr'>Scythae,</span> <span class='ocrx_word' id='word_1_481' title='bbox 3121 866 3307 938; x_wconf 88' lang='lat' dir='ltr'>quiqui</span> <span class='ocrx_word' id='word_1_482' title='bbox 3334 867 3588 920; x_wconf 87' lang='lat' dir='ltr'>Cronium</span> <span class='ocrx_word' id='word_1_483' title='bbox 3612 886 3775 939; x_wconf 86' lang='lat' dir='ltr'>prope</span> <span class='ocrx_word' id='word_1_484' title='bbox 3800 884 3941 921; x_wconf 83' lang='lat' dir='ltr'>mare</span> 
     </span>
     <span class='ocr_line' id='line_1_62' title="bbox 2382 949 3832 1022; baseline -0.003 -11"><span class='ocrx_word' id='word_1_485' title='bbox 2382 956 2695 1010; x_wconf 86' lang='lat' dir='ltr'>maritimam</span> <span class='ocrx_word' id='word_1_486' title='bbox 2721 971 2867 1007; x_wconf 87' lang='lat' dir='ltr'>oram</span> <span class='ocrx_word' id='word_1_487' title='bbox 2886 952 3125 1006; x_wconf 88' lang='lat' dir='ltr'>incolunt</span> <span class='ocrx_word' id='word_1_488' title='bbox 3140 949 3209 1003; x_wconf 88' lang='lat' dir='ltr'>ad</span> <span class='ocrx_word' id='word_1_489' title='bbox 3228 952 3420 1005; x_wconf 88' lang='lat' dir='ltr'>ostium</span> <span class='ocrx_word' id='word_1_490' title='bbox 3443 951 3616 1022; x_wconf 86' lang='lat' dir='ltr'>Caspii</span> <span class='ocrx_word' id='word_1_491' title='bbox 3644 955 3832 1018; x_wconf 78' lang='lat' dir='ltr'>maris3</span> 
     </span>
     <span class='ocr_line' id='line_1_63' title="bbox 2382 1036 3659 1113; baseline -0.002 -18"><span class='ocrx_word' id='word_1_492' title='bbox 2382 1041 2625 1113; x_wconf 77' lang='lat' dir='ltr'>deinceps</span> <span class='ocrx_word' id='word_1_493' title='bbox 2650 1040 2831 1093; x_wconf 82' lang='lat' dir='ltr'>Hunni</span> <span class='ocrx_word' id='word_1_494' title='bbox 2849 1059 2864 1103; x_wconf 87' lang='lat'>;</span> <span class='ocrx_word' id='word_1_495' title='bbox 2884 1036 3122 1110; x_wconf 81' lang='lat' dir='ltr'>posthoc</span> <span class='ocrx_word' id='word_1_496' title='bbox 3148 1038 3458 1109; x_wconf 86' lang='lat' dir='ltr'>Caspiorum</span> <span class='ocrx_word' id='word_1_497' title='bbox 3485 1038 3659 1103; x_wconf 86' lang='lat' dir='ltr'>natio,</span> 
     </span>
    </p>

    <p class='ocr_par' dir='ltr' id='par_1_8' title="bbox 2382 1125 3733 1282">
     <span class='ocr_line' id='line_1_64' title="bbox 2382 1125 3733 1197; baseline -0.003 -14"><span class='ocrx_word' id='word_1_498' title='bbox 2382 1147 2443 1183; x_wconf 81' lang='lat' dir='ltr'>ac</span> <span class='ocrx_word' id='word_1_499' title='bbox 2454 1127 2647 1183; x_wconf 88' lang='lat' dir='ltr'>deinde</span> <span class='ocrx_word' id='word_1_500' title='bbox 2664 1127 2861 1181; x_wconf 75' lang='lat' dir='ltr'>seroces</span> <span class='ocrx_word' id='word_1_501' title='bbox 2887 1125 3077 1180; x_wconf 81' lang='lat' dir='ltr'>Albani</span> <span class='ocrx_word' id='word_1_502' title='bbox 3098 1127 3295 1197; x_wconf 89' lang='lat' dir='ltr'>quique</span> <span class='ocrx_word' id='word_1_503' title='bbox 3316 1141 3475 1196; x_wconf 88' lang='lat' dir='ltr'>super</span> <span class='ocrx_word' id='word_1_504' title='bbox 3498 1142 3733 1196; x_wconf 86' lang='lat' dir='ltr'>asperam</span> 
     </span>
     <span class='ocr_line' id='line_1_65' title="bbox 2384 1207 3515 1282; baseline -0.006 -13"><span class='ocrx_word' id='word_1_505' title='bbox 2384 1226 2573 1269; x_wconf 87' lang='lat' dir='ltr'>terram</span> <span class='ocrx_word' id='word_1_506' title='bbox 2591 1212 2827 1267; x_wconf 82' lang='lat' dir='ltr'>habitant</span> <span class='ocrx_word' id='word_1_507' title='bbox 2852 1209 3063 1267; x_wconf 88' lang='lat' dir='ltr'>Cadusii</span> <span class='ocrx_word' id='word_1_508' title='bbox 3084 1230 3099 1275; x_wconf 69' lang='grc' dir='ltr'>ς</span> <span class='ocrx_word' id='word_1_509' title='bbox 3128 1226 3295 1282; x_wconf 82' lang='lat' dir='ltr'>prope</span> <span class='ocrx_word' id='word_1_510' title='bbox 3314 1207 3515 1274; x_wconf 79' lang='lat' dir='ltr'>Mardi,</span> 
     </span>
    </p>

    <p class='ocr_par' dir='ltr' id='par_1_9' title="bbox 2382 1294 3605 1374">
     <span class='ocr_line' id='line_1_66' title="bbox 2382 1294 3605 1374; baseline -0.006 -20"><span class='ocrx_word' id='word_1_511' title='bbox 2382 1299 2631 1374; x_wconf 66' lang='lat' dir='ltr'>Hyr-canii</span> <span class='ocrx_word' id='word_1_512' title='bbox 2644 1338 2660 1364; x_wconf 91' lang='lat'>,</span> <span class='ocrx_word' id='word_1_513' title='bbox 2684 1297 2905 1371; x_wconf 72' lang='lat' dir='ltr'>Tapyri5</span> <span class='ocrx_word' id='word_1_514' title='bbox 2936 1306 3057 1369; x_wconf 86' lang='lat' dir='ltr'>post</span> <span class='ocrx_word' id='word_1_515' title='bbox 3076 1294 3173 1349; x_wconf 85' lang='lat' dir='ltr'>bos</span> <span class='ocrx_word' id='word_1_516' title='bbox 3190 1304 3416 1349; x_wconf 84' lang='lat' dir='ltr'>tractum</span> <span class='ocrx_word' id='word_1_517' title='bbox 3432 1295 3605 1348; x_wconf 88' lang='lat' dir='ltr'>sinuat</span> 
     </span>
    </p>

    <p class='ocr_par' dir='ltr' id='par_1_10' title="bbox 2384 1381 3884 1456">
     <span class='ocr_line' id='line_1_67' title="bbox 2384 1381 3884 1456; baseline -0.004 -15"><span class='ocrx_word' id='word_1_518' title='bbox 2384 1384 2599 1441; x_wconf 85' lang='lat' dir='ltr'>Mardus</span> <span class='ocrx_word' id='word_1_519' title='bbox 2612 1424 2629 1449; x_wconf 87' lang='lat'>,</span> <span class='ocrx_word' id='word_1_520' title='bbox 2660 1401 2815 1456; x_wconf 85' lang='lat' dir='ltr'>quem</span> <span class='ocrx_word' id='word_1_521' title='bbox 2838 1382 3079 1437; x_wconf 89' lang='lat' dir='ltr'>Dercebii</span> <span class='ocrx_word' id='word_1_522' title='bbox 3107 1382 3385 1453; x_wconf 88' lang='lat' dir='ltr'>Bactrique</span> <span class='ocrx_word' id='word_1_523' title='bbox 3406 1381 3639 1453; x_wconf 86' lang='lat' dir='ltr'>opulenti</span> <span class='ocrx_word' id='word_1_524' title='bbox 3665 1390 3884 1453; x_wconf 74' lang='lat' dir='ltr'>potant3</span> 
     </span>
    </p>
   </div>
   <div class='ocr_carea' id='block_1_7' title="bbox 2382 1646 3939 5324">
    <p class='ocr_par' dir='ltr' id='par_1_11' title="bbox 2382 1646 3939 5324">
     <span class='ocr_line' id='line_1_68' title="bbox 2389 1646 3937 1720; baseline -0.003 -15"><span class='ocrx_word' id='word_1_525' title='bbox 2389 1650 2573 1705; x_wconf 84' lang='lat' dir='ltr'>barum</span> <span class='ocrx_word' id='word_1_526' title='bbox 2605 1652 2874 1704; x_wconf 74' lang='lat' dir='ltr'>oscitantia</span> <span class='ocrx_word' id='word_1_527' title='bbox 2899 1647 3266 1714; x_wconf 76' lang='lat' dir='ltr'>introduxerit,</span> <span class='ocrx_word' id='word_1_528' title='bbox 3302 1666 3369 1701; x_wconf 86' lang='lat' dir='ltr'>an</span> <span class='ocrx_word' id='word_1_529' title='bbox 3393 1649 3503 1719; x_wconf 87' lang='lat' dir='ltr'>ipsc</span> <span class='ocrx_word' id='word_1_530' title='bbox 3520 1646 3631 1719; x_wconf 85' lang='lat' dir='ltr'>jam</span> <span class='ocrx_word' id='word_1_531' title='bbox 3657 1648 3937 1720; x_wconf 73' lang='lat' dir='ltr'>Dionysius</span> 
     </span>
     <span class='ocr_line' id='line_1_69' title="bbox 2386 1724 3938 1797; baseline -0.003 -14"><span class='ocrx_word' id='word_1_532' title='bbox 2386 1730 2573 1783; x_wconf 87' lang='lat' dir='ltr'>Udinis</span> <span class='ocrx_word' id='word_1_533' title='bbox 2581 1731 2765 1783; x_wconf 88' lang='lat' dir='ltr'>Unnos</span> <span class='ocrx_word' id='word_1_534' title='bbox 2774 1728 3117 1793; x_wconf 86' lang='lat' dir='ltr'>substituerit,</span> <span class='ocrx_word' id='word_1_535' title='bbox 3130 1728 3237 1780; x_wconf 82' lang='lat' dir='ltr'>sive</span> <span class='ocrx_word' id='word_1_536' title='bbox 3252 1728 3454 1781; x_wconf 84' lang='lat' dir='ltr'>nescius</span> <span class='ocrx_word' id='word_1_537' title='bbox 3467 1724 3938 1797; x_wconf 75' lang='lat' dir='ltr'>(quemadmodum</span> 
     </span>
     <span class='ocr_line' id='line_1_70' title="bbox 2386 1803 3937 1879; baseline -0.001 -18"><span class='ocrx_word' id='word_1_538' title='bbox 2386 1808 2481 1862; x_wconf 87' lang='lat' dir='ltr'>alia</span> <span class='ocrx_word' id='word_1_539' title='bbox 2512 1806 2672 1861; x_wconf 91' lang='lat' dir='ltr'>multa</span> <span class='ocrx_word' id='word_1_540' title='bbox 2703 1804 3017 1879; x_wconf 86' lang='lat' dir='ltr'>populorum</span> <span class='ocrx_word' id='word_1_541' title='bbox 3044 1806 3259 1859; x_wconf 82' lang='lat' dir='ltr'>nomina</span> <span class='ocrx_word' id='word_1_542' title='bbox 3296 1806 3531 1875; x_wconf 84' lang='lat' dir='ltr'>corrupit</span> <span class='ocrx_word' id='word_1_543' title='bbox 3546 1809 3587 1873; x_wconf 92' lang='lat'>),</span> <span class='ocrx_word' id='word_1_544' title='bbox 3621 1805 3731 1857; x_wconf 79' lang='lat' dir='ltr'>sive</span> <span class='ocrx_word' id='word_1_545' title='bbox 3758 1803 3825 1858; x_wconf 90' lang='lat' dir='ltr'>de</span> <span class='ocrx_word' id='word_1_546' title='bbox 3853 1806 3937 1859; x_wconf 91' lang='lat' dir='ltr'>in·</span> 
     </span>
     <span class='ocr_line' id='line_1_71' title="bbox 2386 1880 3933 1955; baseline -0.001 -18"><span class='ocrx_word' id='word_1_547' title='bbox 2386 1883 2605 1939; x_wconf 81' lang='lat' dir='ltr'>dustria.</span> <span class='ocrx_word' id='word_1_548' title='bbox 2653 1884 2897 1952; x_wconf 87' lang='lat' dir='ltr'>Quorum</span> <span class='ocrx_word' id='word_1_549' title='bbox 2944 1884 2988 1937; x_wconf 86' lang='lat' dir='ltr'>si</span> <span class='ocrx_word' id='word_1_550' title='bbox 3028 1881 3085 1936; x_wconf 87' lang='lat' dir='ltr'>id</span> <span class='ocrx_word' id='word_1_551' title='bbox 3116 1882 3261 1955; x_wconf 88' lang='lat' dir='ltr'>quod</span> <span class='ocrx_word' id='word_1_552' title='bbox 3303 1894 3571 1953; x_wconf 86' lang='lat' dir='ltr'>postremo</span> <span class='ocrx_word' id='word_1_553' title='bbox 3600 1880 3717 1936; x_wconf 91' lang='lat' dir='ltr'>loco</span> <span class='ocrx_word' id='word_1_554' title='bbox 3758 1886 3933 1955; x_wconf 89' lang='lat' dir='ltr'>posui,</span> 
     </span>
     <span class='ocr_line' id='line_1_72' title="bbox 2385 1960 3936 2037; baseline -0.001 -19"><span class='ocrx_word' id='word_1_555' title='bbox 2385 1963 2703 2037; x_wconf 80' lang='lat' dir='ltr'>probabilius</span> <span class='ocrx_word' id='word_1_556' title='bbox 2730 1980 2840 2017; x_wconf 85' lang='lat' dir='ltr'>esse</span> <span class='ocrx_word' id='word_1_557' title='bbox 2878 1961 3139 2034; x_wconf 86' lang='lat' dir='ltr'>opineris,</span> <span class='ocrx_word' id='word_1_558' title='bbox 3174 1960 3308 2015; x_wconf 83' lang='lat' dir='ltr'>nihil</span> <span class='ocrx_word' id='word_1_559' title='bbox 3328 1971 3503 2015; x_wconf 87' lang='lat' dir='ltr'>tamen</span> <span class='ocrx_word' id='word_1_560' title='bbox 3532 1960 3657 2015; x_wconf 88' lang='lat' dir='ltr'>binc</span> <span class='ocrx_word' id='word_1_561' title='bbox 3696 1962 3936 2033; x_wconf 77' lang='lat' dir='ltr'>colligere</span> 
     </span>
     <span class='ocr_line' id='line_1_73' title="bbox 2386 2035 3932 2113; baseline 0.001 -20"><span class='ocrx_word' id='word_1_562' title='bbox 2386 2040 2504 2095; x_wconf 90' lang='lat' dir='ltr'>iicet</span> <span class='ocrx_word' id='word_1_563' title='bbox 2519 2082 2534 2104; x_wconf 87' lang='lat'>,</span> <span class='ocrx_word' id='word_1_564' title='bbox 2566 2040 2709 2113; x_wconf 89' lang='lat' dir='ltr'>quod</span> <span class='ocrx_word' id='word_1_565' title='bbox 2723 2058 2831 2094; x_wconf 81' lang='lat' dir='ltr'>aevo</span> <span class='ocrx_word' id='word_1_566' title='bbox 2852 2040 3121 2111; x_wconf 85' lang='lat' dir='ltr'>scriptoris</span> <span class='ocrx_word' id='word_1_567' title='bbox 3142 2035 3446 2092; x_wconf 82' lang='lat' dir='ltr'>definiendo</span> <span class='ocrx_word' id='word_1_568' title='bbox 3472 2038 3727 2093; x_wconf 81' lang='lat' dir='ltr'>inservire</span> <span class='ocrx_word' id='word_1_569' title='bbox 3757 2052 3932 2110; x_wconf 88' lang='lat' dir='ltr'>queat.</span> 
     </span>
     <span class='ocr_line' id='line_1_74' title="bbox 2387 2111 3934 2191; baseline -0.001 -18"><span class='ocrx_word' id='word_1_570' title='bbox 2387 2119 2469 2173; x_wconf 80' lang='lat' dir='ltr'>Cf.</span> <span class='ocrx_word' id='word_1_571' title='bbox 2497 2118 2885 2191; x_wconf 84' lang='lat' dir='ltr'>Prolegomena.</span> <span class='ocrx_word' id='word_1_572' title='bbox 2921 2117 2945 2188; x_wconf 88' lang='grc' dir='ltr'>ΙΙ</span> <span class='ocrx_word' id='word_1_573' title='bbox 2984 2111 3165 2170; x_wconf 70' lang='grc' dir='ltr'>Οῧννοι</span> <span class='ocrx_word' id='word_1_574' title='bbox 3191 2116 3223 2183; x_wconf 80' lang='grc' dir='ltr'>ἢ</span> <span class='ocrx_word' id='word_1_575' title='bbox 3256 2116 3301 2169; x_wconf 83' lang='grc' dir='ltr'>δ’</span> <span class='ocrx_word' id='word_1_576' title='bbox 3342 2115 3492 2183; x_wconf 76' lang='grc' dir='ltr'>ἑξείης</span> <span class='ocrx_word' id='word_1_577' title='bbox 3521 2135 3568 2171; x_wconf 85' lang='lat' dir='ltr'>e.</span> <span class='ocrx_word' id='word_1_578' title='bbox 3600 2116 3623 2188; x_wconf 85' lang='grc' dir='ltr'>ΙΙ</span> <span class='ocrx_word' id='word_1_579' title='bbox 3672 2142 3694 2165; x_wconf 82' lang='grc' dir='ltr'>ι</span> <span class='ocrx_word' id='word_1_580' title='bbox 3722 2118 3934 2189; x_wconf 86' lang='lat' dir='ltr'>Caspios</span> 
     </span>
     <span class='ocr_line' id='line_1_75' title="bbox 2387 2194 3936 2270; baseline 0.001 -19"><span class='ocrx_word' id='word_1_581' title='bbox 2387 2197 2529 2269; x_wconf 88' lang='lat' dir='ltr'>quod</span> <span class='ocrx_word' id='word_1_582' title='bbox 2564 2215 2723 2270; x_wconf 89' lang='lat' dir='ltr'>supra</span> <span class='ocrx_word' id='word_1_583' title='bbox 2744 2196 2974 2254; x_wconf 80' lang='lat' dir='ltr'>Albanos</span> <span class='ocrx_word' id='word_1_584' title='bbox 2991 2194 3237 2262; x_wconf 83' lang='lat' dir='ltr'>collocat,</span> <span class='ocrx_word' id='word_1_585' title='bbox 3261 2194 3619 2249; x_wconf 85' lang='lat' dir='ltr'>Eratosthenis</span> <span class='ocrx_word' id='word_1_586' title='bbox 3642 2196 3763 2267; x_wconf 85' lang='lat' dir='ltr'>(ap.</span> <span class='ocrx_word' id='word_1_587' title='bbox 3793 2198 3936 2253; x_wconf 85' lang='lat' dir='ltr'>Stra·</span> 
     </span>
     <span class='ocr_line' id='line_1_76' title="bbox 2389 2274 3933 2350; baseline 0 -19"><span class='ocrx_word' id='word_1_588' title='bbox 2389 2276 2513 2332; x_wconf 85' lang='lat' dir='ltr'>bon.</span> <span class='ocrx_word' id='word_1_589' title='bbox 2532 2294 2586 2350; x_wconf 87' lang='lat' dir='ltr'>p.</span> <span class='ocrx_word' id='word_1_590' title='bbox 2620 2276 2754 2345; x_wconf 79' lang='lat'>513)</span> <span class='ocrx_word' id='word_1_591' title='bbox 2777 2274 2935 2330; x_wconf 83' lang='lat' dir='ltr'>iidem</span> <span class='ocrx_word' id='word_1_592' title='bbox 2958 2294 3021 2329; x_wconf 89' lang='lat' dir='ltr'>ac</span> <span class='ocrx_word' id='word_1_593' title='bbox 3048 2274 3420 2348; x_wconf 87' lang='lat' dir='ltr'>plerorumque</span> <span class='ocrx_word' id='word_1_594' title='bbox 3455 2284 3665 2329; x_wconf 88' lang='lat' dir='ltr'>secutus</span> <span class='ocrx_word' id='word_1_595' title='bbox 3689 2286 3788 2342; x_wconf 88' lang='lat' dir='ltr'>est,</span> <span class='ocrx_word' id='word_1_596' title='bbox 3810 2294 3933 2331; x_wconf 86' lang='lat' dir='ltr'>cum</span> 
     </span>
     <span class='ocr_line' id='line_1_77' title="bbox 2386 2352 3931 2427; baseline 0.003 -18"><span class='ocrx_word' id='word_1_597' title='bbox 2386 2375 2475 2411; x_wconf 86' lang='lat' dir='ltr'>eos</span> <span class='ocrx_word' id='word_1_598' title='bbox 2496 2355 2801 2412; x_wconf 80' lang='lat' dir='ltr'>Ptolemaeus</span> <span class='ocrx_word' id='word_1_599' title='bbox 2818 2355 3051 2411; x_wconf 82' lang='lat' dir='ltr'>Albanos</span> <span class='ocrx_word' id='word_1_600' title='bbox 3082 2355 3219 2409; x_wconf 87' lang='lat' dir='ltr'>inter</span> <span class='ocrx_word' id='word_1_601' title='bbox 3250 2364 3303 2409; x_wconf 89' lang='lat' dir='ltr'>et</span> <span class='ocrx_word' id='word_1_602' title='bbox 3324 2352 3579 2409; x_wconf 71' lang='lat' dir='ltr'>Cadusios</span> <span class='ocrx_word' id='word_1_603' title='bbox 3618 2359 3931 2427; x_wconf 82' lang='lat' dir='ltr'>reposuerit.</span> 
     </span>
     <span class='ocr_line' id='line_1_78' title="bbox 2390 2432 3939 2499; baseline 0.001 -9"><span class='ocrx_word' id='word_1_604' title='bbox 2390 2434 2491 2489; x_wconf 87' lang='lat' dir='ltr'>Sed</span> <span class='ocrx_word' id='word_1_605' title='bbox 2517 2434 2629 2490; x_wconf 75' lang='lat' dir='ltr'>baec</span> <span class='ocrx_word' id='word_1_606' title='bbox 2646 2434 2791 2489; x_wconf 63' lang='lat' dir='ltr'>liacile</span> <span class='ocrx_word' id='word_1_607' title='bbox 2816 2432 3060 2488; x_wconf 83' lang='lat' dir='ltr'>videntur</span> <span class='ocrx_word' id='word_1_608' title='bbox 3094 2432 3318 2487; x_wconf 86' lang='lat' dir='ltr'>invicem</span> <span class='ocrx_word' id='word_1_609' title='bbox 3341 2434 3513 2499; x_wconf 89' lang='lat' dir='ltr'>coire,</span> <span class='ocrx_word' id='word_1_610' title='bbox 3538 2432 3699 2489; x_wconf 89' lang='lat' dir='ltr'>modo</span> <span class='ocrx_word' id='word_1_611' title='bbox 3725 2436 3939 2491; x_wconf 88' lang='lat' dir='ltr'>Strabo-</span> 
     </span>
     <span class='ocr_line' id='line_1_79' title="bbox 2388 2510 3937 2585; baseline 0.003 -18"><span class='ocrx_word' id='word_1_612' title='bbox 2388 2515 2469 2567; x_wconf 87' lang='lat' dir='ltr'>nis</span> <span class='ocrx_word' id='word_1_613' title='bbox 2494 2514 2759 2585; x_wconf 85' lang='lat' dir='ltr'>quoddam</span> <span class='ocrx_word' id='word_1_614' title='bbox 2790 2512 3045 2567; x_wconf 89' lang='lat' dir='ltr'>indicium</span> <span class='ocrx_word' id='word_1_615' title='bbox 3068 2511 3089 2585; x_wconf 86' lang='lat'><strong>(</strong></span> <span class='ocrx_word' id='word_1_616' title='bbox 3110 2530 3167 2584; x_wconf 81' lang='lat' dir='ltr'>p.</span> <span class='ocrx_word' id='word_1_617' title='bbox 3195 2510 3336 2585; x_wconf 76' lang='lat'>502)</span> <span class='ocrx_word' id='word_1_618' title='bbox 3362 2511 3609 2566; x_wconf 82' lang='lat' dir='ltr'>adhibeas</span> <span class='ocrx_word' id='word_1_619' title='bbox 3626 2553 3643 2580; x_wconf 91' lang='lat'>,</span> <span class='ocrx_word' id='word_1_620' title='bbox 3672 2525 3821 2569; x_wconf 82' lang='lat' dir='ltr'>aetate</span> <span class='ocrx_word' id='word_1_621' title='bbox 3842 2534 3937 2571; x_wconf 85' lang='lat' dir='ltr'>sua</span> 
     </span>
     <span class='ocr_line' id='line_1_80' title="bbox 2388 2589 3932 2667; baseline 0.002 -19"><span class='ocrx_word' id='word_1_622' title='bbox 2388 2594 2697 2666; x_wconf 81' lang='lat' dir='ltr'>Caspiorum</span> <span class='ocrx_word' id='word_1_623' title='bbox 2752 2591 3055 2645; x_wconf 85' lang='lat' dir='ltr'>memoriam</span> <span class='ocrx_word' id='word_1_624' title='bbox 3113 2608 3224 2645; x_wconf 88' lang='lat' dir='ltr'>esse</span> <span class='ocrx_word' id='word_1_625' title='bbox 3285 2589 3537 2663; x_wconf 82' lang='lat' dir='ltr'>dilapsam</span> <span class='ocrx_word' id='word_1_626' title='bbox 3592 2593 3932 2667; x_wconf 67' lang='lat' dir='ltr'>precipienti.</span> 
     </span>
     <span class='ocr_line' id='line_1_81' title="bbox 2399 2668 3938 2745; baseline 0.002 -19"><span class='ocrx_word' id='word_1_627' title='bbox 2399 2676 2575 2742; x_wconf 86' lang='lat' dir='ltr'>Quare</span> <span class='ocrx_word' id='word_1_628' title='bbox 2614 2671 2975 2742; x_wconf 83' lang='lat' dir='ltr'>migrationem</span> <span class='ocrx_word' id='word_1_629' title='bbox 3023 2668 3249 2740; x_wconf 85' lang='lat' dir='ltr'>aliquam</span> <span class='ocrx_word' id='word_1_630' title='bbox 3279 2671 3445 2738; x_wconf 86' lang='lat' dir='ltr'>gentis</span> <span class='ocrx_word' id='word_1_631' title='bbox 3486 2671 3540 2723; x_wconf 90' lang='lat' dir='ltr'>in</span> <span class='ocrx_word' id='word_1_632' title='bbox 3584 2684 3835 2745; x_wconf 84' lang='lat' dir='ltr'>promptu</span> <span class='ocrx_word' id='word_1_633' title='bbox 3860 2688 3938 2730; x_wconf 86' lang='lat' dir='ltr'>est</span> 
     </span>
     <span class='ocr_line' id='line_1_82' title="bbox 2388 2748 3935 2819; baseline 0.002 -14"><span class='ocrx_word' id='word_1_634' title='bbox 2388 2768 2612 2806; x_wconf 86' lang='lat' dir='ltr'>sumere.</span> <span class='ocrx_word' id='word_1_635' title='bbox 2639 2752 2772 2804; x_wconf 86' lang='lat' dir='ltr'>Nam</span> <span class='ocrx_word' id='word_1_636' title='bbox 2814 2749 3029 2819; x_wconf 84' lang='lat' dir='ltr'>Caspios</span> <span class='ocrx_word' id='word_1_637' title='bbox 3074 2758 3135 2801; x_wconf 90' lang='lat' dir='ltr'>ut</span> <span class='ocrx_word' id='word_1_638' title='bbox 3169 2748 3495 2801; x_wconf 84' lang='lat' dir='ltr'>commerciis</span> <span class='ocrx_word' id='word_1_639' title='bbox 3540 2748 3697 2803; x_wconf 74' lang='lat' dir='ltr'>fuisse</span> <span class='ocrx_word' id='word_1_640' title='bbox 3730 2751 3935 2809; x_wconf 84' lang='lat' dir='ltr'>deditos</span> 
     </span>
     <span class='ocr_line' id='line_1_83' title="bbox 2388 2824 3934 2897; baseline 0.001 -14"><span class='ocrx_word' id='word_1_641' title='bbox 2388 2848 2509 2883; x_wconf 89' lang='lat' dir='ltr'>cum</span> <span class='ocrx_word' id='word_1_642' title='bbox 2542 2830 2741 2883; x_wconf 83' lang='lat' dir='ltr'>Rittero</span> <span class='ocrx_word' id='word_1_643' title='bbox 2766 2838 2896 2881; x_wconf 90' lang='lat' dir='ltr'>tom.</span> <span class='ocrx_word' id='word_1_644' title='bbox 2920 2842 2975 2889; x_wconf 77' lang='lat' dir='ltr'>a,</span> <span class='ocrx_word' id='word_1_645' title='bbox 3005 2842 3061 2897; x_wconf 91' lang='lat' dir='ltr'>p.</span> <span class='ocrx_word' id='word_1_646' title='bbox 3090 2842 3193 2895; x_wconf 89' lang='lat'>900</span> <span class='ocrx_word' id='word_1_647' title='bbox 3216 2835 3523 2890; x_wconf 79' lang='lat' dir='ltr'>statuamus,</span> <span class='ocrx_word' id='word_1_648' title='bbox 3550 2824 3691 2880; x_wconf 88' lang='lat' dir='ltr'>unde</span> <span class='ocrx_word' id='word_1_649' title='bbox 3709 2846 3852 2883; x_wconf 83' lang='lat' dir='ltr'>mare</span> <span class='ocrx_word' id='word_1_650' title='bbox 3877 2832 3934 2884; x_wconf 72' lang='lat' dir='ltr'>ii·</span> 
     </span>
     <span class='ocr_line' id='line_1_84' title="bbox 2388 2901 3933 2976; baseline 0.001 -15"><span class='ocrx_word' id='word_1_651' title='bbox 2388 2908 2631 2961; x_wconf 85' lang='lat' dir='ltr'>nitimum</span> <span class='ocrx_word' id='word_1_652' title='bbox 2672 2907 2886 2961; x_wconf 79' lang='lat' dir='ltr'>traxerit</span> <span class='ocrx_word' id='word_1_653' title='bbox 2918 2902 3314 2976; x_wconf 85' lang='lat' dir='ltr'>appellationem</span> <span class='ocrx_word' id='word_1_654' title='bbox 3330 2941 3347 2969; x_wconf 90' lang='lat'>,</span> <span class='ocrx_word' id='word_1_655' title='bbox 3386 2901 3540 2958; x_wconf 88' lang='lat' dir='ltr'>nullis</span> <span class='ocrx_word' id='word_1_656' title='bbox 3566 2903 3801 2961; x_wconf 85' lang='lat' dir='ltr'>locorum</span> <span class='ocrx_word' id='word_1_657' title='bbox 3841 2927 3933 2963; x_wconf 90' lang='lat' dir='ltr'>au·</span> 
     </span>
     <span class='ocr_line' id='line_1_85' title="bbox 2388 2982 3935 3055; baseline -0.005 -15"><span class='ocrx_word' id='word_1_658' title='bbox 2388 2986 2711 3041; x_wconf 86' lang='lat' dir='ltr'>ctoritatibus</span> <span class='ocrx_word' id='word_1_659' title='bbox 2732 2983 3063 3038; x_wconf 85' lang='lat' dir='ltr'>adducimur.</span> <span class='ocrx_word' id='word_1_660' title='bbox 3092 3007 3115 3031; x_wconf 70' lang='lat' dir='ltr'>n</span> <span class='ocrx_word' id='word_1_661' title='bbox 3143 2984 3502 3036; x_wconf 66' lang='lat' dir='ltr'>Bannnannx.</span> <span class='ocrx_word' id='word_1_662' title='bbox 3536 2982 3557 3053; x_wconf 83' lang='grc' dir='ltr'>ΙΙ</span> <span class='ocrx_word' id='word_1_663' title='bbox 3583 3014 3658 3025; x_wconf 84' lang='grc'><strong>-</strong></span> <span class='ocrx_word' id='word_1_664' title='bbox 3675 2986 3799 3055; x_wconf 82' lang='lat'>731.</span> <span class='ocrx_word' id='word_1_665' title='bbox 3831 2986 3935 3041; x_wconf 80' lang='grc' dir='ltr'>Ἆλ-</span> 
     </span>
     <span class='ocr_line' id='line_1_86' title="bbox 2388 3059 3929 3133; baseline 0.003 -18"><span class='ocrx_word' id='word_1_666' title='bbox 2388 3064 2528 3117; x_wconf 70' lang='lat' dir='ltr'>Savo(</span> <span class='ocrx_word' id='word_1_667' title='bbox 2547 3063 2595 3117; x_wconf 80' lang='grc' dir='ltr'>δ’</span> <span class='ocrx_word' id='word_1_668' title='bbox 2627 3081 2684 3126; x_wconf 90' lang='lat' dir='ltr'>e,·</span> <span class='ocrx_word' id='word_1_669' title='bbox 2706 3062 2901 3133; x_wconf 73' lang='grc' dir='ltr'>ἀρήιοι]</span> <span class='ocrx_word' id='word_1_670' title='bbox 2922 3062 2995 3115; x_wconf 82' lang='lat' dir='ltr'>V.</span> <span class='ocrx_word' id='word_1_671' title='bbox 3020 3078 3139 3131; x_wconf 76' lang='lat' dir='ltr'>quae</span> <span class='ocrx_word' id='word_1_672' title='bbox 3164 3059 3343 3114; x_wconf 83' lang='lat' dir='ltr'>laudat</span> <span class='ocrx_word' id='word_1_673' title='bbox 3376 3060 3547 3114; x_wconf 80' lang='lat' dir='ltr'>Ultert</span> <span class='ocrx_word' id='word_1_674' title='bbox 3568 3061 3761 3133; x_wconf 82' lang='lat' dir='ltr'>Geogr.</span> <span class='ocrx_word' id='word_1_675' title='bbox 3798 3076 3929 3120; x_wconf 89' lang='lat' dir='ltr'>tom.</span> 
     </span>
     <span class='ocr_line' id='line_1_87' title="bbox 2386 3133 3930 3214; baseline 0.001 -20"><span class='ocrx_word' id='word_1_676' title='bbox 2386 3142 2437 3206; x_wconf 89' lang='grc'>3,</span> <span class='ocrx_word' id='word_1_677' title='bbox 2464 3156 2515 3205; x_wconf 81' lang='lat'>2,</span> <span class='ocrx_word' id='word_1_678' title='bbox 2550 3159 2603 3214; x_wconf 85' lang='lat' dir='ltr'>p.</span> <span class='ocrx_word' id='word_1_679' title='bbox 2638 3142 2771 3204; x_wconf 71' lang='lat'>5643</span> <span class='ocrx_word' id='word_1_680' title='bbox 2814 3140 2860 3192; x_wconf 79' lang='grc' dir='ltr'>οἱ</span> <span class='ocrx_word' id='word_1_681' title='bbox 2890 3138 2934 3192; x_wconf 82' lang='grc' dir='ltr'>θ’</span> <span class='ocrx_word' id='word_1_682' title='bbox 2957 3137 3107 3210; x_wconf 73' lang='lat' dir='ltr'>tmip]</span> <span class='ocrx_word' id='word_1_683' title='bbox 3145 3138 3194 3191; x_wconf 78' lang='grc' dir='ltr'>οἱ</span> <span class='ocrx_word' id='word_1_684' title='bbox 3230 3138 3275 3191; x_wconf 76' lang='grc' dir='ltr'>δ’</span> <span class='ocrx_word' id='word_1_685' title='bbox 3307 3138 3422 3209; x_wconf 75' lang='lat' dir='ltr'>indp</span> <span class='ocrx_word' id='word_1_686' title='bbox 3458 3137 3514 3202; x_wconf 84' lang='lat' dir='ltr'>d,</span> <span class='ocrx_word' id='word_1_687' title='bbox 3562 3133 3636 3202; x_wconf 79' lang='grc' dir='ltr'>οἶς</span> <span class='ocrx_word' id='word_1_688' title='bbox 3675 3138 3753 3194; x_wconf 81' lang='grc' dir='ltr'>ἔπι</span> <span class='ocrx_word' id='word_1_689' title='bbox 3780 3146 3930 3213; x_wconf 76' lang='grc' dir='ltr'>γαῖαν</span> 
     </span>
     <span class='ocr_line' id='line_1_88' title="bbox 2385 3214 3929 3290; baseline 0.003 -17"><span class='ocrx_word' id='word_1_690' title='bbox 2385 3236 2563 3289; x_wconf 82' lang='lat' dir='ltr'>margo</span> <span class='ocrx_word' id='word_1_691' title='bbox 2588 3237 2646 3281; x_wconf 76' lang='lat' dir='ltr'>x,</span> <span class='ocrx_word' id='word_1_692' title='bbox 2686 3218 2735 3271; x_wconf 84' lang='lat' dir='ltr'>ol</span> <span class='ocrx_word' id='word_1_693' title='bbox 2778 3217 2822 3270; x_wconf 80' lang='grc' dir='ltr'>θ’</span> <span class='ocrx_word' id='word_1_694' title='bbox 2864 3215 2944 3271; x_wconf 70' lang='grc' dir='ltr'>ἐπὶ</span> <span class='ocrx_word' id='word_1_695' title='bbox 2986 3216 3137 3288; x_wconf 75' lang='grc' dir='ltr'>γαῖαν</span> <span class='ocrx_word' id='word_1_696' title='bbox 3186 3217 3254 3271; x_wconf 78' lang='lat' dir='ltr'>cb</span> <span class='ocrx_word' id='word_1_697' title='bbox 3268 3238 3293 3281; x_wconf 81' lang='lat'>,-</span> <span class='ocrx_word' id='word_1_698' title='bbox 3333 3217 3381 3270; x_wconf 79' lang='lat' dir='ltr'>oi</span> <span class='ocrx_word' id='word_1_699' title='bbox 3418 3216 3463 3271; x_wconf 82' lang='grc' dir='ltr'>τ’</span> <span class='ocrx_word' id='word_1_700' title='bbox 3500 3214 3581 3271; x_wconf 70' lang='lat' dir='ltr'>int</span> <span class='ocrx_word' id='word_1_701' title='bbox 3624 3220 3772 3290; x_wconf 78' lang='grc' dir='ltr'>γαῖαν</span> <span class='ocrx_word' id='word_1_702' title='bbox 3804 3226 3929 3277; x_wconf 78' lang='lat' dir='ltr'>cLe.</span> 
     </span>
     <span class='ocr_line' id='line_1_89' title="bbox 2392 3293 3933 3370; baseline -0.005 -19"><span class='ocrx_word' id='word_1_703' title='bbox 2392 3321 2415 3343; x_wconf 77' lang='grc' dir='ltr'>ι</span> <span class='ocrx_word' id='word_1_704' title='bbox 2444 3298 2641 3351; x_wconf 86' lang='lat' dir='ltr'>Neutra</span> <span class='ocrx_word' id='word_1_705' title='bbox 2679 3296 2829 3351; x_wconf 87' lang='lat' dir='ltr'>lectio</span> <span class='ocrx_word' id='word_1_706' title='bbox 2856 3293 3249 3348; x_wconf 81' lang='lat' dir='ltr'>difficultatibus</span> <span class='ocrx_word' id='word_1_707' title='bbox 3272 3305 3442 3361; x_wconf 86' lang='lat' dir='ltr'>caret;</span> <span class='ocrx_word' id='word_1_708' title='bbox 3472 3312 3598 3348; x_wconf 88' lang='lat' dir='ltr'>nam</span> <span class='ocrx_word' id='word_1_709' title='bbox 3618 3296 3775 3351; x_wconf 88' lang='lat' dir='ltr'>altera</span> <span class='ocrx_word' id='word_1_710' title='bbox 3804 3316 3933 3370; x_wconf 83' lang='lat' dir='ltr'>pau.</span> 
     </span>
     <span class='ocr_line' id='line_1_90' title="bbox 2385 3370 3935 3446; baseline 0.001 -18"><span class='ocrx_word' id='word_1_711' title='bbox 2385 3392 2569 3428; x_wconf 87' lang='lat' dir='ltr'>corum</span> <span class='ocrx_word' id='word_1_712' title='bbox 2606 3372 2861 3427; x_wconf 87' lang='lat' dir='ltr'>librorum</span> <span class='ocrx_word' id='word_1_713' title='bbox 2878 3411 2895 3437; x_wconf 94' lang='lat'>,</span> <span class='ocrx_word' id='word_1_714' title='bbox 2936 3372 3021 3426; x_wconf 84' lang='lat' dir='ltr'>cui</span> <span class='ocrx_word' id='word_1_715' title='bbox 3061 3370 3326 3443; x_wconf 89' lang='lat' dir='ltr'>Spobnius</span> <span class='ocrx_word' id='word_1_716' title='bbox 3350 3384 3428 3427; x_wconf 87' lang='lat' dir='ltr'>est</span> <span class='ocrx_word' id='word_1_717' title='bbox 3451 3390 3706 3439; x_wconf 85' lang='lat' dir='ltr'>assensus,</span> <span class='ocrx_word' id='word_1_718' title='bbox 3746 3392 3935 3446; x_wconf 82' lang='lat' dir='ltr'>parum</span> 
     </span>
     <span class='ocr_line' id='line_1_91' title="bbox 2384 3448 3933 3522; baseline 0.001 -17"><span class='ocrx_word' id='word_1_719' title='bbox 2384 3452 2563 3505; x_wconf 70' lang='lat' dir='ltr'>Graece</span> <span class='ocrx_word' id='word_1_720' title='bbox 2580 3459 2729 3504; x_wconf 85' lang='lat' dir='ltr'>sonat</span> <span class='ocrx_word' id='word_1_721' title='bbox 2742 3469 2759 3515; x_wconf 79' lang='lat'>3</span> <span class='ocrx_word' id='word_1_722' title='bbox 2782 3459 2969 3503; x_wconf 88' lang='lat' dir='ltr'>contra</span> <span class='ocrx_word' id='word_1_723' title='bbox 2992 3466 3151 3521; x_wconf 89' lang='lat' dir='ltr'>quam</span> <span class='ocrx_word' id='word_1_724' title='bbox 3176 3448 3495 3522; x_wconf 73' lang='lat' dir='ltr'>explicandae</span> <span class='ocrx_word' id='word_1_725' title='bbox 3516 3449 3735 3521; x_wconf 69' lang='lat' dir='ltr'>vulgatae</span> <span class='ocrx_word' id='word_1_726' title='bbox 3761 3454 3933 3507; x_wconf 87' lang='lat' dir='ltr'>Brun-</span> 
     </span>
     <span class='ocr_line' id='line_1_92' title="bbox 2382 3526 3935 3601; baseline 0.002 -18"><span class='ocrx_word' id='word_1_727' title='bbox 2382 3528 2499 3583; x_wconf 78' lang='lat' dir='ltr'>kius</span> <span class='ocrx_word' id='word_1_728' title='bbox 2523 3529 2779 3583; x_wconf 88' lang='lat' dir='ltr'>rationem</span> <span class='ocrx_word' id='word_1_729' title='bbox 2806 3526 2973 3581; x_wconf 84' lang='lat' dir='ltr'>inibat</span> <span class='ocrx_word' id='word_1_730' title='bbox 3008 3544 3021 3582; x_wconf 92' lang='lat'><strong>:</strong></span> <span class='ocrx_word' id='word_1_731' title='bbox 3051 3527 3242 3599; x_wconf 80' lang='lat' dir='ltr'>quique</span> <span class='ocrx_word' id='word_1_732' title='bbox 3281 3526 3422 3581; x_wconf 80' lang='lat' dir='ltr'>ultra</span> <span class='ocrx_word' id='word_1_733' title='bbox 3453 3546 3537 3582; x_wconf 76' lang='lat' dir='ltr'>eos</span> <span class='ocrx_word' id='word_1_734' title='bbox 3566 3546 3806 3601; x_wconf 81' lang='lat' dir='ltr'>asperam</span> <span class='ocrx_word' id='word_1_735' title='bbox 3832 3544 3935 3586; x_wconf 76' lang='lat' dir='ltr'>ter·</span> 
     </span>
     <span class='ocr_line' id='line_1_93' title="bbox 2383 3605 3934 3679; baseline 0.003 -17"><span class='ocrx_word' id='word_1_736' title='bbox 2383 3626 2493 3662; x_wconf 82' lang='lat' dir='ltr'>mm</span> <span class='ocrx_word' id='word_1_737' title='bbox 2510 3605 2756 3662; x_wconf 73' lang='lat' dir='ltr'>habitant</span> <span class='ocrx_word' id='word_1_738' title='bbox 2770 3646 2785 3671; x_wconf 90' lang='lat'>,</span> <span class='ocrx_word' id='word_1_739' title='bbox 2808 3622 2922 3660; x_wconf 82' lang='lat' dir='ltr'>eam</span> <span class='ocrx_word' id='word_1_740' title='bbox 2946 3622 3069 3659; x_wconf 89' lang='lat' dir='ltr'>cum</span> <span class='ocrx_word' id='word_1_741' title='bbox 3088 3623 3213 3659; x_wconf 87' lang='lat' dir='ltr'>usus</span> <span class='ocrx_word' id='word_1_742' title='bbox 3236 3608 3491 3660; x_wconf 80' lang='lat' dir='ltr'>sermonis</span> <span class='ocrx_word' id='word_1_743' title='bbox 3514 3606 3788 3679; x_wconf 87' lang='lat' dir='ltr'>prohibet,</span> <span class='ocrx_word' id='word_1_744' title='bbox 3818 3621 3934 3667; x_wconf 86' lang='lat' dir='ltr'>tum</span> 
     </span>
     <span class='ocr_line' id='line_1_94' title="bbox 2382 3684 3931 3758; baseline 0.005 -22"><span class='ocrx_word' id='word_1_745' title='bbox 2382 3695 2519 3739; x_wconf 86' lang='lat' dir='ltr'>vetat</span> <span class='ocrx_word' id='word_1_746' title='bbox 2538 3686 2695 3739; x_wconf 86' lang='lat' dir='ltr'>etiam</span> <span class='ocrx_word' id='word_1_747' title='bbox 2734 3684 2984 3740; x_wconf 84' lang='lat' dir='ltr'>orationis</span> <span class='ocrx_word' id='word_1_748' title='bbox 3012 3684 3409 3741; x_wconf 77' lang='lat' dir='ltr'>inconcinnitas.</span> <span class='ocrx_word' id='word_1_749' title='bbox 3437 3685 3542 3739; x_wconf 88' lang='lat' dir='ltr'>Sed</span> <span class='ocrx_word' id='word_1_750' title='bbox 3576 3698 3729 3758; x_wconf 86' lang='lat' dir='ltr'>poeta</span> <span class='ocrx_word' id='word_1_751' title='bbox 3764 3689 3931 3744; x_wconf 89' lang='lat' dir='ltr'>multo</span> 
     </span>
     <span class='ocr_line' id='line_1_95' title="bbox 2383 3760 3934 3836; baseline 0.004 -19"><span class='ocrx_word' id='word_1_752' title='bbox 2383 3762 2663 3836; x_wconf 81' lang='lat' dir='ltr'>simplicius</span> <span class='ocrx_word' id='word_1_753' title='bbox 2681 3760 3031 3818; x_wconf 86' lang='lat' dir='ltr'>Cadusiorum</span> <span class='ocrx_word' id='word_1_754' title='bbox 3046 3761 3195 3816; x_wconf 79' lang='lat' dir='ltr'>sedes</span> <span class='ocrx_word' id='word_1_755' title='bbox 3206 3765 3453 3835; x_wconf 81' lang='lat' dir='ltr'>praecepit</span> <span class='ocrx_word' id='word_1_756' title='bbox 3469 3762 3603 3817; x_wconf 85' lang='lat' dir='ltr'>ultra</span> <span class='ocrx_word' id='word_1_757' title='bbox 3622 3778 3934 3823; x_wconf 85' lang='lat' dir='ltr'>montanum</span> 
     </span>
     <span class='ocr_line' id='line_1_96' title="bbox 2382 3841 3933 3915; baseline 0.003 -20"><span class='ocrx_word' id='word_1_758' title='bbox 2382 3841 2546 3895; x_wconf 89' lang='lat' dir='ltr'>solum</span> <span class='ocrx_word' id='word_1_759' title='bbox 2570 3852 2773 3915; x_wconf 75' lang='lat' dir='ltr'>patere,</span> <span class='ocrx_word' id='word_1_760' title='bbox 2796 3852 2857 3895; x_wconf 89' lang='lat' dir='ltr'>ut</span> <span class='ocrx_word' id='word_1_761' title='bbox 2887 3842 2979 3913; x_wconf 90' lang='lat' dir='ltr'>qui</span> <span class='ocrx_word' id='word_1_762' title='bbox 3006 3842 3063 3895; x_wconf 92' lang='lat' dir='ltr'>in</span> <span class='ocrx_word' id='word_1_763' title='bbox 3089 3841 3416 3895; x_wconf 86' lang='lat' dir='ltr'>Bactrianam</span> <span class='ocrx_word' id='word_1_764' title='bbox 3438 3859 3605 3914; x_wconf 88' lang='lat' dir='ltr'>usque</span> <span class='ocrx_word' id='word_1_765' title='bbox 3631 3848 3933 3901; x_wconf 80' lang='lat' dir='ltr'>catervatim</span> 
     </span>
     <span class='ocr_line' id='line_1_97' title="bbox 2383 3918 3934 3997; baseline 0.005 -25"><span class='ocrx_word' id='word_1_766' title='bbox 2383 3918 2801 3973; x_wconf 75' lang='lat' dir='ltr'>diffunderentur</span> <span class='ocrx_word' id='word_1_767' title='bbox 2827 3929 2879 3973; x_wconf 90' lang='lat' dir='ltr'>et</span> <span class='ocrx_word' id='word_1_768' title='bbox 2899 3928 3019 3991; x_wconf 85' lang='lat' dir='ltr'>post</span> <span class='ocrx_word' id='word_1_769' title='bbox 3043 3918 3209 3972; x_wconf 77' lang='lat' dir='ltr'>varias</span> <span class='ocrx_word' id='word_1_770' title='bbox 3233 3918 3613 3974; x_wconf 68' lang='lat' dir='ltr'>vicissitudines</span> <span class='ocrx_word' id='word_1_771' title='bbox 3628 3922 3683 3975; x_wconf 90' lang='lat' dir='ltr'>in</span> <span class='ocrx_word' id='word_1_772' title='bbox 3714 3924 3934 3997; x_wconf 86' lang='lat' dir='ltr'>rupibus</span> 
     </span>
     <span class='ocr_line' id='line_1_98' title="bbox 2384 3993 3931 4068; baseline 0.006 -20"><span class='ocrx_word' id='word_1_773' title='bbox 2384 3993 2670 4049; x_wconf 87' lang='lat' dir='ltr'>identidem</span> <span class='ocrx_word' id='word_1_774' title='bbox 2710 3996 2902 4068; x_wconf 80' lang='lat' dir='ltr'>repulsi</span> <span class='ocrx_word' id='word_1_775' title='bbox 2929 3994 3263 4050; x_wconf 86' lang='lat' dir='ltr'>considerent</span> <span class='ocrx_word' id='word_1_776' title='bbox 3286 4034 3301 4061; x_wconf 91' lang='lat'>,</span> <span class='ocrx_word' id='word_1_777' title='bbox 3340 3996 3642 4051; x_wconf 86' lang='lat' dir='ltr'>auctoribus</span> <span class='ocrx_word' id='word_1_778' title='bbox 3676 3999 3931 4057; x_wconf 85' lang='lat' dir='ltr'>Strabone</span> 
     </span>
     <span class='ocr_line' id='line_1_99' title="bbox 2384 4074 3928 4143; baseline 0.005 -16"><span class='ocrx_word' id='word_1_779' title='bbox 2384 4084 2437 4128; x_wconf 91' lang='lat' dir='ltr'>et</span> <span class='ocrx_word' id='word_1_780' title='bbox 2456 4074 2637 4130; x_wconf 87' lang='lat' dir='ltr'>Plinio.</span> <span class='ocrx_word' id='word_1_781' title='bbox 2662 4074 2857 4143; x_wconf 76' lang='lat' dir='ltr'>Tetigit</span> <span class='ocrx_word' id='word_1_782' title='bbox 2880 4074 3155 4128; x_wconf 85' lang='lat' dir='ltr'>Ste-Croix</span> <span class='ocrx_word' id='word_1_783' title='bbox 3176 4076 3617 4130; x_wconf 86' lang='lat' dir='ltr'>commentatione</span> <span class='ocrx_word' id='word_1_784' title='bbox 3644 4076 3713 4131; x_wconf 87' lang='lat' dir='ltr'>ad</span> <span class='ocrx_word' id='word_1_785' title='bbox 3735 4079 3928 4135; x_wconf 87' lang='lat' dir='ltr'>calcem</span> 
     </span>
     <span class='ocr_line' id='line_1_100' title="bbox 2384 4151 3935 4226; baseline 0.005 -21"><span class='ocrx_word' id='word_1_786' title='bbox 2384 4154 2625 4225; x_wconf 79' lang='lat' dir='ltr'>Xenoph.</span> <span class='ocrx_word' id='word_1_787' title='bbox 2640 4153 2835 4225; x_wconf 84' lang='lat' dir='ltr'>Cyrop.</span> <span class='ocrx_word' id='word_1_788' title='bbox 2856 4170 2887 4206; x_wconf 91' lang='lat' dir='ltr'>a</span> <span class='ocrx_word' id='word_1_789' title='bbox 2904 4151 3223 4207; x_wconf 85' lang='lat' dir='ltr'>Schneidero</span> <span class='ocrx_word' id='word_1_790' title='bbox 3236 4151 3467 4207; x_wconf 83' lang='lat' dir='ltr'>exhibita</span> <span class='ocrx_word' id='word_1_791' title='bbox 3490 4172 3547 4226; x_wconf 91' lang='lat' dir='ltr'>p.</span> <span class='ocrx_word' id='word_1_792' title='bbox 3565 4154 3689 4223; x_wconf 79' lang='lat'>675.</span> <span class='ocrx_word' id='word_1_793' title='bbox 3722 4178 3743 4205; x_wconf 75' lang='grc' dir='ltr'>ι</span> <span class='ocrx_word' id='word_1_794' title='bbox 3766 4160 3935 4215; x_wconf 64' lang='lat' dir='ltr'>hau·</span> 
     </span>
     <span class='ocr_line' id='line_1_101' title="bbox 2385 4228 3932 4305; baseline 0.005 -21"><span class='ocrx_word' id='word_1_795' title='bbox 2385 4248 2589 4287; x_wconf 65' lang='lat' dir='ltr'>aanor.</span> <span class='ocrx_word' id='word_1_796' title='bbox 2620 4234 2693 4286; x_wconf 77' lang='lat' dir='ltr'>At</span> <span class='ocrx_word' id='word_1_797' title='bbox 2717 4228 2970 4285; x_wconf 83' lang='lat' dir='ltr'>Cadusios</span> <span class='ocrx_word' id='word_1_798' title='bbox 2988 4228 3057 4283; x_wconf 86' lang='lat' dir='ltr'>ad</span> <span class='ocrx_word' id='word_1_799' title='bbox 3082 4230 3405 4285; x_wconf 86' lang='lat' dir='ltr'>Bactrianam</span> <span class='ocrx_word' id='word_1_800' title='bbox 3424 4248 3591 4303; x_wconf 86' lang='lat' dir='ltr'>usque</span> <span class='ocrx_word' id='word_1_801' title='bbox 3620 4235 3932 4305; x_wconf 84' lang='lat' dir='ltr'>pertinuisse</span> 
     </span>
     <span class='ocr_line' id='line_1_102' title="bbox 2386 4307 3931 4382; baseline 0.006 -21"><span class='ocrx_word' id='word_1_802' title='bbox 2386 4326 2555 4381; x_wconf 87' lang='lat' dir='ltr'>neque</span> <span class='ocrx_word' id='word_1_803' title='bbox 2577 4312 2631 4363; x_wconf 91' lang='lat' dir='ltr'>in</span> <span class='ocrx_word' id='word_1_804' title='bbox 2650 4307 2900 4364; x_wconf 87' lang='lat' dir='ltr'>Strabone</span> <span class='ocrx_word' id='word_1_805' title='bbox 2921 4326 3092 4381; x_wconf 89' lang='lat' dir='ltr'>neque</span> <span class='ocrx_word' id='word_1_806' title='bbox 3114 4308 3258 4382; x_wconf 89' lang='lat' dir='ltr'>apud</span> <span class='ocrx_word' id='word_1_807' title='bbox 3286 4308 3511 4363; x_wconf 89' lang='lat' dir='ltr'>Plinium</span> <span class='ocrx_word' id='word_1_808' title='bbox 3536 4310 3703 4381; x_wconf 83' lang='lat' dir='ltr'>legere</span> <span class='ocrx_word' id='word_1_809' title='bbox 3718 4324 3814 4378; x_wconf 72' lang='lat' dir='ltr'>est,</span> <span class='ocrx_word' id='word_1_810' title='bbox 3840 4334 3931 4371; x_wconf 90' lang='lat' dir='ltr'>ne-</span> 
     </span>
     <span class='ocr_line' id='line_1_103' title="bbox 2387 4386 3930 4463; baseline 0.003 -22"><span class='ocrx_word' id='word_1_811' title='bbox 2387 4405 2488 4458; x_wconf 88' lang='lat' dir='ltr'>que</span> <span class='ocrx_word' id='word_1_812' title='bbox 2514 4388 2568 4441; x_wconf 87' lang='lat' dir='ltr'>in</span> <span class='ocrx_word' id='word_1_813' title='bbox 2594 4406 2713 4443; x_wconf 88' lang='lat' dir='ltr'>eum</span> <span class='ocrx_word' id='word_1_814' title='bbox 2737 4406 2945 4443; x_wconf 87' lang='lat' dir='ltr'>sensum</span> <span class='ocrx_word' id='word_1_815' title='bbox 2974 4388 3215 4461; x_wconf 82' lang='lat' dir='ltr'>Dionysii</span> <span class='ocrx_word' id='word_1_816' title='bbox 3238 4386 3393 4441; x_wconf 81' lang='lat' dir='ltr'>verba</span> <span class='ocrx_word' id='word_1_817' title='bbox 3435 4390 3695 4461; x_wconf 77' lang='lat' dir='ltr'>quispiam</span> <span class='ocrx_word' id='word_1_818' title='bbox 3730 4403 3930 4463; x_wconf 86' lang='lat' dir='ltr'>pertra-</span> 
     </span>
     <span class='ocr_line' id='line_1_104' title="bbox 2388 4466 3933 4527; baseline 0.005 -8"><span class='ocrx_word' id='word_1_819' title='bbox 2388 4466 2494 4523; x_wconf 82' lang='lat' dir='ltr'>bat.</span> <span class='ocrx_word' id='word_1_820' title='bbox 2537 4466 2849 4522; x_wconf 82' lang='lat' dir='ltr'>Habitabant</span> <span class='ocrx_word' id='word_1_821' title='bbox 2891 4466 3101 4521; x_wconf 71' lang='lat' dir='ltr'>Cadusii</span> <span class='ocrx_word' id='word_1_822' title='bbox 3150 4466 3205 4519; x_wconf 89' lang='lat' dir='ltr'>in</span> <span class='ocrx_word' id='word_1_823' title='bbox 3242 4466 3501 4521; x_wconf 88' lang='lat' dir='ltr'>borealem</span> <span class='ocrx_word' id='word_1_824' title='bbox 3540 4469 3933 4527; x_wconf 75' lang='lat' dir='ltr'>Parachoathrae</span> 
     </span>
     <span class='ocr_line' id='line_1_105' title="bbox 2387 4544 3929 4619; baseline 0.004 -21"><span class='ocrx_word' id='word_1_825' title='bbox 2387 4556 2587 4617; x_wconf 83' lang='lat' dir='ltr'>partem</span> <span class='ocrx_word' id='word_1_826' title='bbox 2604 4585 2619 4611; x_wconf 92' lang='lat'>,</span> <span class='ocrx_word' id='word_1_827' title='bbox 2649 4544 2809 4617; x_wconf 90' lang='lat' dir='ltr'>idque</span> <span class='ocrx_word' id='word_1_828' title='bbox 2833 4544 2949 4616; x_wconf 67' lang='grc' dir='ltr'>ὑπὲρ</span> <span class='ocrx_word' id='word_1_829' title='bbox 2990 4562 3115 4599; x_wconf 83' lang='lat' dir='ltr'>voce</span> <span class='ocrx_word' id='word_1_830' title='bbox 3137 4556 3293 4618; x_wconf 85' lang='lat' dir='ltr'>poeta</span> <span class='ocrx_word' id='word_1_831' title='bbox 3318 4544 3551 4600; x_wconf 85' lang='lat' dir='ltr'>indicare</span> <span class='ocrx_word' id='word_1_832' title='bbox 3577 4549 3753 4619; x_wconf 89' lang='lat' dir='ltr'>potuit</span> <span class='ocrx_word' id='word_1_833' title='bbox 3774 4590 3789 4613; x_wconf 91' lang='lat'>,</span> <span class='ocrx_word' id='word_1_834' title='bbox 3820 4552 3929 4607; x_wconf 83' lang='lat' dir='ltr'>sive</span> 
     </span>
     <span class='ocr_line' id='line_1_106' title="bbox 2387 4622 3932 4701; baseline 0.005 -23"><span class='ocrx_word' id='word_1_835' title='bbox 2387 4642 2507 4678; x_wconf 90' lang='lat' dir='ltr'>eum</span> <span class='ocrx_word' id='word_1_836' title='bbox 2539 4626 2771 4697; x_wconf 79' lang='lat' dir='ltr'>Byzantii</span> <span class='ocrx_word' id='word_1_837' title='bbox 2806 4626 2914 4678; x_wconf 85' lang='lat' dir='ltr'>sive</span> <span class='ocrx_word' id='word_1_838' title='bbox 2954 4622 3280 4679; x_wconf 78' lang='lat' dir='ltr'>Alexandriae</span> <span class='ocrx_word' id='word_1_839' title='bbox 3317 4624 3425 4679; x_wconf 79' lang='lat' dir='ltr'>sive</span> <span class='ocrx_word' id='word_1_840' title='bbox 3462 4626 3641 4681; x_wconf 76' lang='lat' dir='ltr'>Romoe</span> <span class='ocrx_word' id='word_1_841' title='bbox 3668 4630 3932 4701; x_wconf 84' lang='lat' dir='ltr'>scripsisse</span> 
     </span>
     <span class='ocr_line' id='line_1_107' title="bbox 2390 4701 3935 4780; baseline 0.004 -23"><span class='ocrx_word' id='word_1_842' title='bbox 2390 4713 2599 4757; x_wconf 86' lang='lat' dir='ltr'>statuas.</span> <span class='ocrx_word' id='word_1_843' title='bbox 2618 4704 2642 4773; x_wconf 84' lang='grc'>11</span> <span class='ocrx_word' id='word_1_844' title='bbox 2666 4732 2734 4742; x_wconf 94' lang='grc'><strong>-</strong></span> <span class='ocrx_word' id='word_1_845' title='bbox 2756 4703 2875 4772; x_wconf 86' lang='grc'><strong>733.</strong></span> <span class='ocrx_word' id='word_1_846' title='bbox 2892 4702 2936 4756; x_wconf 89' lang='grc' dir='ltr'>τ’</span> <span class='ocrx_word' id='word_1_847' title='bbox 2958 4702 3153 4772; x_wconf 77' lang='grc' dir='ltr'>’Δπυροί</span> <span class='ocrx_word' id='word_1_848' title='bbox 3166 4702 3209 4754; x_wconf 85' lang='grc' dir='ltr'>τ’</span> <span class='ocrx_word' id='word_1_849' title='bbox 3228 4701 3575 4771; x_wconf 67' lang='lat' dir='ltr'>EKLObgkm</span> <span class='ocrx_word' id='word_1_850' title='bbox 3590 4704 3736 4771; x_wconf 82' lang='lat' dir='ltr'>Ald.;</span> <span class='ocrx_word' id='word_1_851' title='bbox 3764 4711 3935 4780; x_wconf 72' lang='lat' dir='ltr'>Apyn‘</span> 
     </span>
     <span class='ocr_line' id='line_1_108' title="bbox 2386 4780 3927 4854; baseline 0.004 -20"><span class='ocrx_word' id='word_1_852' title='bbox 2386 4783 2543 4835; x_wconf 90' lang='lat' dir='ltr'>etiam</span> <span class='ocrx_word' id='word_1_853' title='bbox 2568 4782 2795 4837; x_wconf 78' lang='lat' dir='ltr'>Avienus</span> <span class='ocrx_word' id='word_1_854' title='bbox 2818 4783 2918 4851; x_wconf 88' lang='lat'>908</span> <span class='ocrx_word' id='word_1_855' title='bbox 2944 4791 2997 4835; x_wconf 89' lang='lat' dir='ltr'>et</span> <span class='ocrx_word' id='word_1_856' title='bbox 3017 4780 3312 4834; x_wconf 85' lang='lat' dir='ltr'>Priscianus</span> <span class='ocrx_word' id='word_1_857' title='bbox 3327 4797 3387 4849; x_wconf 85' lang='lat'>71</span> <span class='ocrx_word' id='word_1_858' title='bbox 3403 4797 3435 4835; x_wconf 72' lang='grc' dir='ltr'>α</span> <span class='ocrx_word' id='word_1_859' title='bbox 3454 4782 3587 4835; x_wconf 89' lang='lat' dir='ltr'>mira</span> <span class='ocrx_word' id='word_1_860' title='bbox 3606 4782 3927 4854; x_wconf 78' lang='lat' dir='ltr'>ignorantia3</span> 
     </span>
     <span class='ocr_line' id='line_1_109' title="bbox 2388 4858 3933 4937; baseline 0.002 -25"><span class='ocrx_word' id='word_1_861' title='bbox 2388 4860 2432 4912; x_wconf 89' lang='grc' dir='ltr'>τ’</span> <span class='ocrx_word' id='word_1_862' title='bbox 2460 4876 2548 4912; x_wconf 88' lang='lat' dir='ltr'>om</span> <span class='ocrx_word' id='word_1_863' title='bbox 2576 4862 2643 4923; x_wconf 85' lang='lat' dir='ltr'>C,-</span> <span class='ocrx_word' id='word_1_864' title='bbox 2684 4879 2789 4932; x_wconf 76' lang='grc' dir='ltr'>σριν</span> <span class='ocrx_word' id='word_1_865' title='bbox 2818 4864 2980 4932; x_wconf 74' lang='lat' dir='ltr'>Eqp5</span> <span class='ocrx_word' id='word_1_866' title='bbox 3017 4858 3166 4912; x_wconf 80' lang='grc' dir='ltr'>ὁλκδν</span> <span class='ocrx_word' id='word_1_867' title='bbox 3196 4858 3357 4930; x_wconf 76' lang='grc' dir='ltr'>ῥύσσει</span> <span class='ocrx_word' id='word_1_868' title='bbox 3396 4878 3439 4913; x_wconf 81' lang='grc' dir='ltr'>ε.</span> <span class='ocrx_word' id='word_1_869' title='bbox 3482 4861 3504 4931; x_wconf 80' lang='grc' dir='ltr'>ΙΙ</span> <span class='ocrx_word' id='word_1_870' title='bbox 3539 4860 3661 4929; x_wconf 85' lang='grc'><strong>734.</strong></span> <span class='ocrx_word' id='word_1_871' title='bbox 3708 4862 3933 4937; x_wconf 78' lang='grc' dir='ltr'>Μάρδος]</span> 
     </span>
     <span class='ocr_line' id='line_1_110' title="bbox 2394 4936 3929 5013; baseline 0.006 -24"><span class='ocrx_word' id='word_1_872' title='bbox 2394 4960 2414 4988; x_wconf 79' lang='grc' dir='ltr'>ι</span> <span class='ocrx_word' id='word_1_873' title='bbox 2437 4940 2643 5011; x_wconf 80' lang='grc' dir='ltr'>Μάργος</span> <span class='ocrx_word' id='word_1_874' title='bbox 2666 4937 2885 5010; x_wconf 85' lang='lat' dir='ltr'>conjecit</span> <span class='ocrx_word' id='word_1_875' title='bbox 2908 4937 3208 4992; x_wconf 84' lang='lat' dir='ltr'>Holstenius</span> <span class='ocrx_word' id='word_1_876' title='bbox 3228 4936 3587 5004; x_wconf 84' lang='lat' dir='ltr'>scribendum,</span> <span class='ocrx_word' id='word_1_877' title='bbox 3618 4939 3768 5011; x_wconf 86' lang='lat' dir='ltr'>cujus</span> <span class='ocrx_word' id='word_1_878' title='bbox 3784 4940 3929 5013; x_wconf 91' lang='lat' dir='ltr'>judi-</span> 
     </span>
     <span class='ocr_line' id='line_1_111' title="bbox 2386 5016 3929 5082; baseline 0.003 -11"><span class='ocrx_word' id='word_1_879' title='bbox 2386 5018 2525 5072; x_wconf 87' lang='lat' dir='ltr'>cium</span> <span class='ocrx_word' id='word_1_880' title='bbox 2552 5018 2737 5072; x_wconf 80' lang='lat' dir='ltr'>liillius</span> <span class='ocrx_word' id='word_1_881' title='bbox 2763 5035 2886 5071; x_wconf 88' lang='lat' dir='ltr'>cum</span> <span class='ocrx_word' id='word_1_882' title='bbox 2912 5018 3107 5072; x_wconf 91' lang='lat' dir='ltr'>Ursino</span> <span class='ocrx_word' id='word_1_883' title='bbox 3144 5016 3502 5082; x_wconf 76' lang='lat' dir='ltr'>confirmavit3</span> <span class='ocrx_word' id='word_1_884' title='bbox 3537 5028 3589 5071; x_wconf 87' lang='lat' dir='ltr'>at</span> <span class='ocrx_word' id='word_1_885' title='bbox 3616 5030 3677 5072; x_wconf 89' lang='lat' dir='ltr'>ut</span> <span class='ocrx_word' id='word_1_886' title='bbox 3702 5021 3929 5076; x_wconf 87' lang='lat' dir='ltr'>Bactria·</span> 
     </span>
     <span class='ocr_line' id='line_1_112' title="bbox 2388 5094 3931 5170; baseline 0.002 -20"><span class='ocrx_word' id='word_1_887' title='bbox 2388 5116 2507 5152; x_wconf 89' lang='lat' dir='ltr'>nam</span> <span class='ocrx_word' id='word_1_888' title='bbox 2530 5098 2690 5151; x_wconf 89' lang='lat' dir='ltr'>istum</span> <span class='ocrx_word' id='word_1_889' title='bbox 2714 5097 3063 5170; x_wconf 64' lang='lat' dir='ltr'>preterfluere</span> <span class='ocrx_word' id='word_1_890' title='bbox 3084 5094 3352 5150; x_wconf 80' lang='lat' dir='ltr'>fatendum</span> <span class='ocrx_word' id='word_1_891' title='bbox 3374 5105 3453 5149; x_wconf 86' lang='lat' dir='ltr'>est</span> <span class='ocrx_word' id='word_1_892' title='bbox 3470 5134 3486 5161; x_wconf 95' lang='lat'>,</span> <span class='ocrx_word' id='word_1_893' title='bbox 3508 5097 3581 5150; x_wconf 88' lang='lat' dir='ltr'>ita</span> <span class='ocrx_word' id='word_1_894' title='bbox 3601 5097 3794 5150; x_wconf 88' lang='lat' dir='ltr'>nullam</span> <span class='ocrx_word' id='word_1_895' title='bbox 3817 5098 3931 5167; x_wconf 85' lang='lat' dir='ltr'>ejus</span> 
     </span>
     <span class='ocr_line' id='line_1_113' title="bbox 2385 5172 3926 5247; baseline 0.001 -17"><span class='ocrx_word' id='word_1_896' title='bbox 2385 5195 2507 5231; x_wconf 88' lang='lat' dir='ltr'>cum</span> <span class='ocrx_word' id='word_1_897' title='bbox 2540 5178 2753 5247; x_wconf 76' lang='lat' dir='ltr'>regione</span> <span class='ocrx_word' id='word_1_898' title='bbox 2778 5176 3065 5230; x_wconf 77' lang='lat' dir='ltr'>Dei-hicum</span> <span class='ocrx_word' id='word_1_899' title='bbox 3087 5172 3510 5246; x_wconf 87' lang='lat' dir='ltr'>conjunctionem</span> <span class='ocrx_word' id='word_1_900' title='bbox 3537 5192 3709 5246; x_wconf 88' lang='lat' dir='ltr'>neque</span> <span class='ocrx_word' id='word_1_901' title='bbox 3730 5176 3926 5231; x_wconf 65' lang='lat' dir='ltr'>Plinii»</span> 
     </span>
     <span class='ocr_line' id='line_1_114' title="bbox 2385 5254 3905 5324; baseline -0.001 -14"><span class='ocrx_word' id='word_1_902' title='bbox 2385 5275 2495 5310; x_wconf 81' lang='lat' dir='ltr'>esse</span> <span class='ocrx_word' id='word_1_903' title='bbox 2534 5256 2699 5310; x_wconf 75' lang='lat' dir='ltr'>voluit</span> <span class='ocrx_word' id='word_1_904' title='bbox 2738 5274 2832 5309; x_wconf 90' lang='lat' dir='ltr'>nec</span> <span class='ocrx_word' id='word_1_905' title='bbox 2878 5254 3209 5319; x_wconf 67' lang='lat' dir='ltr'>Ptolemaeus,</span> <span class='ocrx_word' id='word_1_906' title='bbox 3245 5257 3421 5310; x_wconf 80' lang='lat' dir='ltr'>Oxum</span> <span class='ocrx_word' id='word_1_907' title='bbox 3459 5255 3531 5308; x_wconf 91' lang='lat' dir='ltr'>illi</span> <span class='ocrx_word' id='word_1_908' title='bbox 3558 5254 3905 5324; x_wconf 79' lang='lat' dir='ltr'>significantes</span> 
     </span>
    </p>
   </div>
   <div class='ocr_carea' id='block_1_8' title="bbox 749 5310 3923 5409">
    <p class='ocr_par' dir='ltr' id='par_1_12' title="bbox 749 5310 3923 5409">
     <span class='ocr_line' id='line_1_115' title="bbox 749 5310 3923 5409; baseline 0.001 -23"><span class='ocrx_word' id='word_1_909' title='bbox 749 5331 960 5405; x_wconf 82' lang='lat' dir='ltr'>quando</span> <span class='ocrx_word' id='word_1_910' title='bbox 983 5333 1302 5388; x_wconf 86' lang='lat' dir='ltr'>Hunnorum</span> <span class='ocrx_word' id='word_1_911' title='bbox 1328 5352 1454 5405; x_wconf 86' lang='lat' dir='ltr'>gens</span> <span class='ocrx_word' id='word_1_912' title='bbox 1476 5337 1708 5391; x_wconf 87' lang='lat' dir='ltr'>omnium</span> <span class='ocrx_word' id='word_1_913' title='bbox 1733 5337 1997 5390; x_wconf 84' lang='lat' dir='ltr'>notissima</span> <span class='ocrx_word' id='word_1_914' title='bbox 2013 5346 2142 5401; x_wconf 83' lang='lat' dir='ltr'>erat,</span> <span class='ocrx_word' id='word_1_915' title='bbox 2167 5338 2295 5390; x_wconf 82' lang='lat' dir='ltr'>scri·</span> <span class='ocrx_word' id='word_1_916' title='bbox 2336 5310 2344 5395; x_wconf 76' lang='lat' dir='ltr'>l</span> <span class='ocrx_word' id='word_1_917' title='bbox 2386 5339 2562 5404; x_wconf 82' lang='lat' dir='ltr'>Quare</span> <span class='ocrx_word' id='word_1_918' title='bbox 2582 5334 2712 5389; x_wconf 88' lang='lat' dir='ltr'>nibil</span> <span class='ocrx_word' id='word_1_919' title='bbox 2735 5344 2997 5407; x_wconf 86' lang='lat' dir='ltr'>superest,</span> <span class='ocrx_word' id='word_1_920' title='bbox 3022 5352 3178 5409; x_wconf 87' lang='lat' dir='ltr'>quam</span> <span class='ocrx_word' id='word_1_921' title='bbox 3206 5345 3265 5387; x_wconf 89' lang='lat' dir='ltr'>ut</span> <span class='ocrx_word' id='word_1_922' title='bbox 3284 5352 3490 5388; x_wconf 84' lang='lat' dir='ltr'>amnem</span> <span class='ocrx_word' id='word_1_923' title='bbox 3510 5334 3889 5389; x_wconf 84' lang='lat' dir='ltr'>subobscurum</span> <span class='ocrx_word' id='word_1_924' title='bbox 3907 5376 3923 5399; x_wconf 93' lang='lat'>‚</span> 
     </span>
    </p>
   </div>
  </div>
 </body>
</html>
