4584 6284
714 428 825 481 108
2109 426 2505 490 PRISCIAM

549 544 670 625 (oso)
702 551 912 608 Persica
937 570 1059 607 nam
1088 554 1244 610 ssatus
1271 556 1356 609 eoi
1377 555 1536 611 litora
1561 557 1796 613 turbant.
2432 563 2669 617 Armenii
2685 562 2838 635 jum
2859 583 3020 638 quam
3057 580 3182 625 sunt
3208 573 3469 644 aquilonis
3493 574 3561 630 ad
3579 594 3739 645 axes,

701 642 810 696 Ore
827 642 922 698 secl
954 643 1067 699 hae
1090 657 1274 700 austro
1297 644 1468 701 tendit
1489 644 1724 718 subjecta
1745 664 1844 719 per
1865 657 2034 711 ortus,
2359 649 2657 705 comminus
2680 662 2737 705 et
2756 649 2915 708 sortes
2944 672 3081 727 quos
3102 659 3261 713 sentit
3280 662 3424 715 Mars
3447 664 3667 718 Matieni
3684 704 3702 731 ,

699 730 950 787 fluetibus
975 734 1158 788 oceani
1186 733 1434 807 pulsatur
1453 745 1509 789 et
1533 732 1773 807 undique
1795 733 1982 790 Rubri.
2357 754 2492 809 quos
2524 758 2689 813 prope
2713 742 3037 799 concludunt
3054 747 3379 820 Euphratem
3404 751 3630 807 collibus
3642 754 3761 809 ⁸15,

696 820 852 878 Hanc
878 841 1099 897 quoque
1115 822 1416 879 describam
1441 825 1590 879 tenui
1615 824 1820 878 ratione
1845 841 2151 890 recensensg
2358 836 2563 880 montes
2578 867 2594 894 ,
2624 826 2822 883 divitiis
2845 831 3045 903 pariter
3068 832 3309 907 belloque
3330 848 3592 909 potentes.

549 916 665 971 875
694 927 820 963 nam
842 911 1070 985 populos
1091 914 1260 985 pascit
1286 910 1460 966 felices
1491 911 1655 966 divite
1680 922 1845 978 terra,
2354 910 2439 965 Ad
2466 925 2637 985 partes
2661 918 2825 971 austri
2855 918 3114 993 Babylon,
3142 940 3302 995 quam
3331 926 3599 982 moenibus
3626 928 3754 984 olim
3952 940 4067 995 9⁸0

696 997 920 1053 floribus
943 1009 999 1055 et
1023 1001 1183 1055 variis
1203 1000 1453 1056 miramla
1475 1001 1677 1074 praebet
1692 1000 1895 1056 odoris.
2354 1000 2610 1058 mirandis
2633 1007 2812 1077 posuit
2836 1006 3107 1083 firmisque
3127 1013 3431 1069 Semiramis
3460 1015 3673 1072 urbem.
3952 1012 4099 1095 (loos)

543 1067 662 1150 (⁸⁸⁷)
693 1084 940 1158 Namque
965 1086 1095 1157 thyo
1131 1086 1457 1161 myrrhaque
1479 1088 1620 1159 viget
1636 1106 1761 1143 cum
1792 1088 1924 1142 turis
1942 1086 2175 1152 honore,
2354 1086 2518 1161 Cujus
2544 1092 2600 1145 in
2618 1111 2739 1149 arce
2760 1093 2982 1152 domum
3010 1098 3373 1173 splendentem
3402 1101 3596 1160 fecerat
3613 1124 3767 1174 auro,

692 1181 748 1226 et
773 1171 910 1226 casia
924 1211 942 1240 ,
977 1189 1078 1227 nec
1103 1191 1216 1228 non
1248 1183 1303 1228 et
1336 1192 1517 1230 cannae
1540 1174 1712 1231 dulcis
1730 1174 1926 1243 odore,
2001 1190 2008 1195 ·
2352 1192 2514 1247 quem
2538 1178 2695 1235 simul
2717 1193 2992 1253 argentum
3016 1188 3159 1241 varie
3176 1186 3445 1245 decoravit
3478 1191 3739 1265 eburque.

693 1259 942 1313 cinnama
964 1270 1218 1333 praterea
1233 1260 1484 1333 jucunda
1510 1262 1729 1318 naribus
1757 1282 1900 1318 aurae
2350 1264 2469 1319 Hoc
2493 1284 2707 1341 quoque
2729 1272 2924 1347 pingue
2950 1273 3121 1329 solum
3150 1276 3444 1349 palmarum
3472 1280 3637 1337 divite
3658 1282 3787 1338 silva
3806 1323 3824 1350 ,

545 1349 662 1400 880
693 1346 880 1402 fertilis
903 1345 1018 1401 baec
1042 1359 1256 1418 generat
1279 1347 1458 1415 tellus,
1480 1350 1704 1423 aurique
1728 1350 1958 1416 metalln;
2350 1353 2497 1425 quod
2521 1354 2621 1411 fert
2639 1356 2821 1432 berylli
2847 1379 3042 1416 munus
3056 1402 3071 1429 ,
3104 1366 3384 1436 pretiosius
3406 1386 3539 1424 auro
3556 1409 3574 1436 ,
3948 1368 4065 1423 935

565 1418 659 1493 (⁹¹)
692 1433 928 1488 vestibus
948 1436 1145 1488 auratis
1166 1452 1334 1507 quare
1358 1453 1486 1506 gens
1503 1437 1676 1491 utitur
1694 1436 1796 1493 illu.
2349 1440 2533 1514 berylli
2554 1442 2783 1519 lapidem
2800 1446 3063 1519 liquidum
3092 1450 3363 1524 §sucique
3387 1454 3606 1521 coloris,

692 1523 790 1575 His
809 1539 1006 1594 pueros
1027 1540 1243 1577 servans
1270 1521 1579 1578 molochites
1605 1524 1845 1597 splendet
1865 1527 2041 1579 arenis
2059 1566 2075 1593 ,
2347 1545 2443 1599 per
2467 1526 2583 1585 locs
2601 1548 2722 1603 quae
2740 1531 2965 1589 tendunt
2984 1538 3190 1592 Asiana
3207 1536 3273 1592 sd
3302 1541 3496 1596 moenia
3525 1554 3707 1613 petrae.

690 1611 1152 1685 androdamnsque
1175 1612 1306 1685 lupis
1330 1630 1667 1687 compescens
1689 1615 1917 1686 pectoris
1939 1615 2062 1669 ins.
2348 1618 2420 1669 At
2436 1634 2595 1690 supra
2614 1619 2882 1693 Babylona
2900 1621 3043 1679 vides
3060 1634 3115 1679 et
3140 1626 3350 1683 flamina
3376 1640 3521 1685 vasta

689 1700 793 1755 Sed
816 1700 1008 1756 Libani
1031 1702 1229 1755 montis
1251 1710 1377 1755 suut
1401 1712 1526 1775 post
1543 1699 1762 1756 declivia
1784 1704 1970 1774 primi,
2345 1704 2520 1759 Cissos
2540 1708 2963 1784 Messsbatnsque
2979 1712 3385 1788 Chalonitasque
3418 1716 3643 1776 seroces.
3947 1708 4093 1788 (tots)

543 1782 658 1835 885
691 1785 865 1842 felices
890 1787 1110 1861 opibus,
1139 1786 1371 1843 Nabataei
1401 1788 1616 1843 nomine
1645 1788 1794 1843 dicti.
2414 1790 2689 1848 Armenios
2706 1806 2911 1852 montes
2934 1798 2977 1852 si
3002 1798 3243 1872 linquens
3265 1800 3367 1856 ibis
3391 1802 3459 1857 ad
3486 1814 3635 1859 ortus
3651 1846 3667 1870 ,
3946 1805 4061 1859 940

529 1853 660 1931 (⁸⁵⁸)
689 1874 956 1930 Chaulasii
983 1885 1106 1948 post
1129 1875 1232 1930 hos
1257 1886 1418 1948 atque
1433 1878 1658 1947 Agrea,
1688 1875 1814 1930 inde
1831 1877 2152 1950 propinquat
2342 1878 2549 1934 Medica
2573 1893 2819 1937 noscetur
2838 1885 2935 1940 tibi
2960 1885 3113 1941 tellus
3130 1927 3146 1951 ,
3172 1888 3324 1960 cujus
3343 1889 3413 1944 ad
3440 1910 3563 1946 axes

688 1962 988 2018 (nummis
1009 2003 1026 2031 ,
1051 1974 1212 2036 atque
1237 1965 1402 2018 Mscoe
1428 1974 1613 2017 contra
1636 1974 1763 2018 sunt
1785 1963 2014 2019 Persidis
2041 1984 2256 2039 equom
2342 1965 2459 2019 Geli
2476 1979 2602 2022 suut
2620 1968 2922 2043 Mardiqne,
2948 1974 3045 2028 viri
3070 1974 3229 2030 simul
3254 1979 3588 2051 Atropateni.

687 2050 1014 2124 Minnaeique
1037 2052 1201 2105 maris
1222 2069 1390 2125 prope
1407 2052 1574 2107 Rubri
1599 2052 1752 2107 litora
1779 2054 1991 2124 vivuntg
2341 2053 2430 2110 Ad
2456 2066 2623 2112 noton
2652 2057 2777 2115 inde
2800 2060 3040 2119 habitant
3058 2063 3341 2121 Medorum
3367 2084 3495 2122 rura
3524 2078 3783 2127 tenentes.
3947 2058 4095 2138 (1⁰²⁰)

685 2148 848 2213 atque
873 2138 1022 2195 Sabae
1045 2151 1166 2213 post
1191 2139 1320 2206 bos,
1341 2158 1441 2194 nec
1457 2158 1568 2195 non
1591 2140 1832 2197 habitant
1856 2141 2144 2198 metabeni.
2340 2142 2529 2201 Medea
2548 2146 2658 2204 huc
2679 2147 2884 2222 fugiens
2910 2150 3131 2209 dederat
3152 2156 3474 2227 cognomina
3501 2167 3695 2213 terrae:

542 2236 659 2289 890
689 2227 902 2284 Arabia
929 2228 1113 2301 populi
1139 2227 1370 2283 celebres
1396 2228 1452 2283 hi
1480 2228 1698 2285 nomine
1721 2228 1883 2285 claro.
2342 2232 2469 2289 hinc
2487 2234 2635 2291 Medi
2666 2238 2841 2293 varios
2869 2258 2999 2295 usus
3024 2260 3219 2297 novem
3249 2244 3457 2301 veneni.
3944 2256 4060 2308 945

528 2310 658 2383 itti)
687 2318 826 2373 Sunt
843 2329 1022 2374 tamen
1045 2329 1100 2373 et
1114 2317 1294 2393 plures
1319 2318 1407 2375 alii
1421 2357 1438 2386 ,
1469 2338 1594 2374 nam
1612 2321 1840 2375 maxime
1861 2320 2036 2375 tellus.
2343 2324 2593 2392 Quorum
2614 2343 2712 2398 per
2733 2327 2923 2383 multas
2946 2330 3174 2403 spatium
3200 2329 3527 2386 diffunditur
3554 2352 3692 2391 oras.
3946 2326 4098 2405 (1⁰³⁰)

755 2409 930 2463 Tium
953 2408 1104 2463 istam
1131 2408 1346 2481 zephyri
1379 2407 1480 2463 sub
1515 2420 1691 2482 partes
1717 2408 1859 2481 degit
1881 2408 2174 2464 Eremhum
2342 2410 2471 2465 llaec
2492 2426 2709 2484 generat
2734 2418 3036 2472 narcissiten
3060 2419 3266 2473 oriente
3290 2418 3393 2473 sub
3422 2421 3537 2492 ipso
3556 2460 3572 2487 ,

525 2482 654 2565 (θῶ)
685 2498 953 2571 speluncis
971 2516 1139 2572 genus
1167 2496 1350 2553 infelix
1375 2508 1430 2553 et
1449 2498 1610 2553 rebus
1631 2500 1840 2571 egenis3
2343 2498 2435 2570 qui
2462 2498 2592 2573 lapis
2618 2512 2699 2557 est
2718 2501 2913 2561 fuscus.
2943 2505 3223 2579 (lomplent
3248 2506 3389 2561 hanc
3412 2504 3651 2581 undique
3665 2510 3809 2565 silvae
3828 2551 3845 2575 .

685 2586 778 2659 qui
808 2586 934 2642 solis
958 2588 1124 2643 radiis
1155 2587 1463 2659 nigrescunt
1484 2604 1682 2659 corpus
1700 2586 1906 2652 adusti,
2345 2589 2486 2643 inter
2510 2607 2643 2662 quas
2658 2591 2899 2647 homines
2927 2595 3175 2666 pecuaria
3199 2594 3332 2650 ditia
3358 2608 3607 2668 pascunt,

534 2671 654 2727 805
683 2674 1022 2749 dispersique
1043 2674 1228 2730 dolent
1245 2674 1526 2730 lustrantes
1551 2692 1698 2729 more
1727 2673 1988 2742 ferarum3
2344 2675 2625 2750 Caspiadas
2643 2688 2868 2750 tangunt
2888 2690 3064 2752 portas
3089 2681 3183 2753 qui
3210 2681 3336 2735 solis
3369 2681 3438 2737 nh
3458 2695 3598 2739 ortu.
3944 2688 4061 2741 950

681 2781 792 2818 non
815 2763 1009 2819 Arabis
1041 2763 1237 2819 similes
1261 2763 1543 2837 opulentis.
1564 2762 1769 2820 Scilicet
1799 2756 1952 2836 ae'qua
2344 2764 2582 2838 Rupibus
2606 2765 2719 2822 haec
2736 2767 2884 2822 celsis
2904 2769 3043 2824 Asiae
3062 2778 3188 2823 sunt
3210 2768 3436 2826 claustra
3458 2774 3689 2844 potentis
3720 2790 3735 2827 ε
3948 2758 4026 2838 (¹⁰
4036 2760 4101 2835 Β)

681 2850 934 2906 omnibus
961 2870 1074 2906 esse
1101 2862 1276 2926 potest
1302 2869 1580 2926 uunquam
1609 2850 1826 2907 fortuna
1853 2852 2144 2906 bonorum.
2342 2870 2451 2925 qua
2476 2854 2560 2910 via
2582 2853 2683 2909 sub
2718 2854 2933 2909 boream
2960 2853 3155 2929 duplex
3172 2874 3229 2911 se
3251 2857 3448 2913 scindit
3473 2870 3527 2913 ct
3544 2870 3809 2928 austrum,

527 2933 648 3011 3070)
680 2939 808 2992 Post
833 2938 1027 2993 Libani
1055 2940 1253 2993 montis
1281 2939 1467 3012 populi
1489 2950 1615 2993 sunt
1633 2938 1756 2993 solis
1778 2937 1847 2993 ad
1873 2950 2021 2993 ortus
2342 2938 2457 2995 haee
2480 2942 2615 3013 regit
2640 2938 2707 2995 td
2736 2942 2915 2995 Persas
2932 2981 2948 3006 ,
2972 2942 3245 3014 Hyrcanos
3267 2941 3417 2997 ducit
3441 2955 3497 2999 at
3520 2944 3627 3003 illa.

679 3024 898 3079 alterius
921 3026 1114 3097 Syriae,
1135 3042 1258 3097 (με
1290 3024 1462 3080 tendit
1486 3025 1555 3081 ad
1579 3044 1750 3099 usque
1771 3026 2021 3099 Sinopen.
2343 3028 2454 3084 Sub
2480 3027 2638 3083 colles
2662 3028 2797 3081 imos
2820 3026 3061 3082 habitant
3075 3068 3091 3094 ,
3111 3038 3234 3101 post
3256 3031 3443 3103 Caspia
3464 3032 3693 3087 claustra
3713 3073 3731 3099 ,

530 3102 651 3156 900
682 3110 1026 3184 Cuppadoces
1047 3111 1238 3167 mediis
1259 3112 1504 3167 habitant
1525 3114 1583 3167 in
1607 3112 1810 3167 finibus
1838 3110 2034 3185 hujus3
2345 3115 2536 3170 martia
2568 3132 2694 3186 gens
2712 3116 2926 3182 Parthi,
2950 3114 3065 3169 telis
3102 3133 3335 3189 arcuque
3356 3128 3625 3189 potentes.
3945 3112 4059 3165 955

684 3200 948 3253 terminus
967 3196 1209 3273 Assyrios
1235 3200 1330 3255 sed
1359 3200 1560 3255 claudit
1579 3202 1832 3264 Ponticus
1847 3200 1932 3255 ille
1946 3240 1964 3267 ,
2346 3206 2521 3258 vivere
2546 3204 2639 3277 qui
2656 3202 2837 3276 spoliis
2858 3202 3088 3274 gaudent
3103 3243 3120 3268 ‚
3146 3214 3407 3278 raptuque
3432 3206 3681 3262 nefando.
3946 3182 4095 3263 (¹⁰⁴¹)

528 3273 652 3354 (⁹⁷⁵)
680 3287 1031 3343 Thermodon
1053 3289 1222 3361 pelagi
1251 3306 1358 3362 qua
1375 3289 1549 3361 pulsat
1570 3291 1779 3362 gurgite
1807 3290 2020 3346 fluctus.
2345 3292 2481 3360 Quae
2498 3300 2719 3362 propter
2744 3288 2893 3343 bellis
2913 3289 3154 3344 homines
3181 3301 3438 3346 vexantur
3464 3293 3521 3347 in
3548 3292 3709 3357 orbe,

683 3374 854 3449 Cujus
876 3374 946 3435 ab
968 3394 1068 3431 eoo
1086 3374 1325 3431 decurrit
1349 3376 1516 3433 limite
1543 3380 1700 3433 vastis
2340 3389 2503 3451 atque
2526 3389 2705 3452 optata
2726 3380 2866 3452 perit
2883 3378 3053 3433 multo
3096 3396 3201 3452 pax
3222 3382 3477 3453 sanguine
3494 3380 3705 3439 mundi.

685 3465 893 3523 viribus
921 3466 1247 3541 Euphrates,
1272 3465 1596 3523 descendens
1620 3468 1892 3524 montibus
1911 3469 2080 3541 aspris
2344 3470 2472 3523 Post
2496 3466 2597 3523 bos
2622 3478 2701 3523 est
2722 3468 2918 3535 Persis,
2948 3467 3275 3524 circumdata
3298 3468 3567 3525 montibus
3584 3470 3706 3525 altis
3722 3510 3741 3535 ‚
3943 3456 4093 3539 (¹⁰⁸⁸)

535 3556 654 3609 905
686 3558 985 3624 Armeniae,
1017 3557 1309 3629 longusque
1335 3568 1502 3613 noton
1529 3556 1824 3631 pertendit,
1855 3568 1909 3612 et
1935 3557 2060 3611 inde
2342 3555 2569 3612 assiduis
2590 3556 2786 3611 florens
2808 3556 2983 3628 regnis
3000 3566 3057 3610 et
3081 3555 3248 3613 divite
3283 3576 3478 3624 censu,
3944 3556 4057 3611 900

527 3628 658 3705 ’.9130)
684 3645 754 3702 ad
779 3645 945 3701 solem
969 3646 1136 3701 flexus
1160 3645 1437 3719 Babylonis
1461 3645 1654 3703 dividit
1678 3646 1866 3702 urbem
1879 3668 1896 3715 ;
2342 3664 2411 3701 ex
2440 3664 2552 3720 quo
2576 3644 2881 3719 perdomuit
2908 3647 3182 3720 Lydorum
3206 3648 3405 3703 moenia
3430 3646 3639 3705 Sardes.

683 3735 842 3790 litora
867 3734 1062 3789 deinde
1093 3754 1253 3791 ruens
1275 3738 1577 3812 perrumpit
1597 3736 1824 3793 Persidis
1853 3736 2012 3791 undae
2031 3775 2047 3802 ,
2343 3736 2588 3808 Cingitur
2603 3734 2815 3791 excelsis
2840 3735 2952 3792 baec
2968 3735 3209 3811 undique
3226 3736 3445 3792 collibus
3472 3739 3649 3793 omnis
3668 3779 3685 3807 ,

683 3833 924 3878 extrem
944 3822 1096 3879 fluvii
1112 3822 1214 3879 sub
1231 3836 1384 3898 parte
1399 3824 1682 3881 Teredona
1702 3823 1913 3880 radens.
2342 3822 2634 3897 advergens
2654 3834 2857 3879 austros
2870 3864 2887 3892 ,
2916 3834 3038 3897 post
3058 3825 3246 3897 Caspia
3268 3824 3490 3879 claustra
3504 3866 3520 3892 ,
3548 3834 3838 3899 petensque

681 3907 857 3982 Hujus
878 3908 946 3965 ad
968 3928 1217 3967 auroram
1243 3911 1373 3986 ripis
1395 3910 1695 3992 devolvitur
1719 3911 1837 3969 altis
2342 3910 2490 3986 quod
2520 3913 2739 3986 proprio
2764 3912 2975 3987 pelagus
2991 3912 3219 3967 celebrat
3246 3914 3562 3985 cognomine
3588 3912 3774 3971 latum.
3942 3893 4093 3975 (ΙΝ)

537 3994 654 4047 sto
678 3998 887 4071 Tigris,
909 4016 1044 4072 aqua
1066 4010 1319 4073 superant
1337 4018 1500 4073 quem
1521 4000 1752 4055 flumina
1779 4000 1925 4055 nulla
1950 3999 2126 4072 rapaci
2142 4039 2158 4065 ,
2342 4005 2520 4073 Atque
2546 4000 2819 4073 tripartitis
2844 3998 3113 4054 habitatur
3136 3998 3333 4055 linibus
3350 4000 3434 4056 illa
3462 4019 3478 4057 ι
3941 4002 4056 4053 905

530 4065 652 4147 (95)
679 4084 774 4142 sed
798 4098 1004 4143 tautum
1028 4086 1218 4153 distat,
1248 4098 1509 4161 quantum
1537 4090 1625 4142 vix
1643 4087 1898 4160 septimus
1921 4097 2073 4141 ortus
2346 4106 2573 4162 namque
2597 4088 2780 4143 colunt
2800 4087 2886 4143 alii
2906 4086 3088 4159 rigide
3113 4088 3215 4143 sub
3240 4088 3477 4162 partibus
3502 4090 3633 4144 arcti
3648 4128 3664 4155 ,

679 4174 927 4231 conficiat
943 4174 1170 4249 pedibus
1186 4176 1340 4249 spatii
1358 4174 1766 4250 properantibus
1782 4176 1888 4242 ire3
2341 4188 2509 4233 terras
2534 4195 2665 4251 quas
2689 4176 2833 4232 Medi
2858 4178 3147 4233 nemorosis
3172 4176 3439 4231 montibus
3467 4177 3748 4245 umbrant3

678 4276 838 4339 atque
859 4263 1034 4333 lucum
1059 4264 1267 4320 medius
1283 4263 1587 4319 Thonitidis
1607 4264 1772 4319 intrat
1793 4273 1847 4319 et
1869 4264 2007 4327 exit,
2341 4276 2422 4321 ast
2444 4265 2531 4320 alii
2560 4264 2747 4320 mediae
2771 4266 2953 4320 vivunt
2969 4265 3199 4337 regionis
3226 4264 3283 4320 in
3317 4265 3486 4331 srvis3

521 4348 650 4427 (m)
679 4372 780 4410 nec
799 4355 1025 4411 violatur
1039 4373 1177 4429 aqua
1198 4354 1436 4429 quamvis
1451 4352 1790 4428 penetrabilis
1809 4352 1892 4407 illa
1908 4393 1925 4420 ‚
2342 4355 2495 4410 litora
2514 4356 2767 4429 postremi
2788 4364 3009 4425 tangunt
3030 4354 3273 4409 australia
3294 4355 3481 4410 Persae.

532 4438 651 4490 915
680 4447 830 4500 ocior
851 4455 1012 4518 atque
1036 4443 1184 4501 vadis
1205 4462 1479 4516 emergens
1511 4442 1654 4499 cedit
1675 4444 1886 4499 amaris.
2343 4446 2521 4500 Prima
2540 4454 2693 4518 parte
2719 4443 2893 4510 Sabae,
2918 4442 3229 4517 mediusque
3254 4441 3573 4514 Pasargada,
3598 4454 3719 4515 post
3741 4442 3886 4497 hunc
3942 4432 4057 4486 970

679 4535 798 4589 Hoc
815 4544 991 4589 tamen
1018 4552 1177 4589 omne
1201 4532 1392 4600 solum,
1421 4532 1616 4587 fluvius
1637 4532 1786 4608 quod
1819 4534 1984 4604 cingit
2007 4542 2247 4604 uterque.
2338 4533 2633 4586 'ruscorum
2658 4530 2774 4585 telis
2800 4529 3001 4584 habitat
3020 4546 3147 4601 gens
3170 4528 3321 4584 sortis
3345 4539 3401 4583 et
3426 4545 3582 4593 amu,

679 4620 942 4695 indigena
968 4621 1148 4696 populi
1172 4639 1274 4694 pro
1295 4638 1354 4675 re
1382 4620 1566 4675 dixere
1587 4620 1957 4687 Medamnam,
2339 4620 2541 4693 quique
2566 4628 2746 4672 tenent
2769 4616 2950 4691 populi
2976 4616 3170 4671 divisos
3195 4614 3421 4671 Persidis
3446 4632 3619 4685 agros.
3942 4598 4096 4683 (1070)

677 4706 826 4782 quod
845 4707 1044 4764 medias
1062 4726 1244 4764 omnes
1263 4708 1358 4763 has
1379 4718 1544 4762 terras
1567 4708 1789 4763 flumine
1810 4710 2066 4779 cingunt,
2342 4706 2606 4765 Amnibus
2622 4706 2737 4761 haec
2758 4705 2942 4761 multis
2964 4716 3230 4760 recreatur
3252 4716 3306 4759 et
3326 4704 3489 4759 ubere
3513 4704 3721 4776 pingui.

521 4790 648 4872 (⁹⁹⁶)
676 4796 923 4867 agricolis
946 4798 1143 4870 pariter
1163 4794 1464 4869 pastoribus
1480 4806 1640 4868 atque
1661 4794 1887 4869 feracem
1913 4812 1928 4825 ·
2339 4795 2469 4849 hinc
2484 4796 2652 4849 Coros
2674 4792 2961 4847 immensus
2976 4790 3337 4865 profunditur,
3362 4789 3489 4844 inde
3513 4788 3780 4863 Choaspes

527 4881 648 4933 920
680 4884 844 4937 ubere
863 4900 990 4938 nam
1007 4880 1128 4936 facto
1146 4882 1336 4936 florent
1364 4880 1438 4935 ibi
1463 4882 1663 4936 semina
1687 4893 1875 4937 cuncta
1890 4922 1907 4948 ,
2342 4886 2489 4940 i'onte
2502 4880 2697 4940 cadens
2716 4881 2879 4949 Indo,
2909 4882 3003 4954 qui
3028 4882 3239 4951 stringit
3260 4880 3463 4951 gurgite
3492 4879 3656 4945 Susag
3940 4874 4052 4929 975

674 4970 1072 5043 herbarumque
1098 4970 1230 5024 toris
1238 4978 1300 5024 .et
1324 4970 1560 5041 gramine
1590 4970 1708 5026 laeta
1726 4972 2028 5038 virescunt,
2340 4973 2395 5026 in
2426 4968 2578 5042 cujus
2595 4967 2725 5043 ripis
2750 4968 3027 5041 praeclarus
3046 4966 3207 5037 fulget
3234 4965 3443 5019 achates
3456 5004 3474 5033 ,
3920 4945 4095 5027 (1075)

625 5124 633 5131 ι
675 5068 730 5113 et
751 5059 914 5113 variis
930 5060 1066 5113 rami
1085 5058 1422 5133 qomplentur
1449 5057 1710 5114 fructibus
1736 5058 1849 5115 alti.
2338 5055 2577 5131 pondere
2598 5054 2882 5110 consimilis
2908 5053 3070 5107 volvit
3093 5070 3226 5125 quos
3248 5049 3393 5105 unda
3416 5049 3689 5125 cylindris.

674 5146 820 5203 Gens
847 5164 1067 5221 quoque
1093 5144 1368 5222 pioesulget
1385 5144 1537 5204 claris
1563 5146 1620 5201 in
1646 5144 1893 5201 laudibus
1913 5146 2041 5201 ina-z
2340 5142 2547 5199 Fertilis
2572 5142 2685 5197 haec
2704 5140 2854 5195 tellus
2872 5138 3114 5195 fecundis
3140 5140 3374 5212 pascitur
3398 5138 3542 5193 auris
3578 5154 3595 5171 ·

491 5228 647 5311 (ιωο)
672 5252 798 5289 nam
823 5235 1030 5309 peperit
1049 5232 1243 5289 multos
1264 5234 1396 5288 celse
1419 5236 1612 5288 virtute
1633 5244 1873 5308 potentes
2343 5250 2467 5285 nam
2490 5229 2658 5284 ventis
2684 5246 2890 5301 semper
2910 5228 3196 5281 florescunt
3214 5243 3339 5280 rura
3366 5222 3632 5279 secundus.

527 5318 647 5375 925
673 5335 834 5399 atque
859 5322 964 5379 deu
984 5322 1181 5379 similes
1200 5362 1217 5389 ‚
1250 5321 1371 5376 licet
1393 5334 1453 5377 ut
1473 5322 1784 5380 nim-talibus
1809 5340 1936 5378 esse.
2339 5322 2466 5375 Haec
2488 5318 2671 5375 eadem
2694 5318 2910 5383 gemmis
2932 5318 3157 5372 nimium
3184 5314 3464 5370 decoratur
3480 5310 3714 5368 honestis
3740 5326 3760 5370 2
3935 5302 4051 5358 ⁹⁸⁰
