4584 6284
1803 498 2155 563 ANAPLUS
2196 497 2529 561 Bosponl
2573 500 2916 563 TnaAcu.
3865 522 3939 577 55

809 636 889 688 De
925 631 1481 705 praeternavigantibus
1528 648 1733 685 merere
1774 630 1981 685 solitam
2039 629 2300 703 stipendia
2389 630 2604 685 dianam
2649 632 2858 687 ascendi
2895 632 3106 687 solitum
3141 635 3208 690 sit
3233 635 3398 707 longis
3425 637 3763 707 anfractibus,
3788 644 3944 699 vesti-

742 720 959 774 Veneris
976 719 1115 773 hanc
1128 719 1361 792 primum
1380 718 1623 771 existimo
1640 716 1943 791 appellatam
1966 716 2294 781 Simaetham,
2388 728 2502 773 tum
2552 717 2828 791 profundis
2869 719 3012 774 silvis
3030 757 3046 786 ,
3085 737 3300 789 cervos,
3345 740 3500 797 apros
3535 724 3766 800 aliasque
3811 728 3942 785 seru

736 804 959 872 deinde,
981 814 1043 860 ut
1069 804 1257 877 vulgus
1278 804 1590 860 contrahere
1610 804 1745 859 solet·
1760 805 1994 871 uomina,
2024 805 2241 871 simam,
2266 822 2298 859 a
2385 803 2822 861 adumbrantibus
2839 846 2855 873 ,
2897 807 3214 863 continuatis
3257 827 3382 865 cum
3421 830 3636 869 nemore
3671 816 3944 873 Biuterieoe

738 893 983 949 Simaetha
998 894 1275 949 meretrice
1290 896 1569 965 Megarica,
1588 893 1855 948 nobilitata
1876 911 2055 948 amore
2072 876 2296 949 Alcibia-

738 979 820 1035 dis
832 990 885 1035 at
894 979 1134 1035 versibus
1146 979 1507 1054 Aristophanis
1524 978 1773 1051 (Acharn.
1794 978 1941 1050 524),
1956 996 2079 1034 eum
2092 980 2291 1053 inquit:

862 1110 1047 1176 Πόρνην
1070 1111 1120 1161 δὲ
1143 1110 1365 1175 Σιμαίθαν
1387 1109 1531 1167 ῐόντες
1550 1108 1791 1175 Μίγαρᾶδι

860 1190 1039 1241 νεανίαι
1059 1189 1308 1240 κλέπτουσι
1328 1188 1744 1254 μιθυσοκὸτταθοι.

743 1308 1067 1381 Megarenses
1102 1310 1269 1373 enim,
1301 1308 1391 1380 qui
1421 1306 1721 1380 Byzantium
1759 1306 2017 1361 coloniam
2056 1304 2292 1361 deduxe-

738 1406 901 1461 runt,
926 1414 1050 1451 eum
1078 1396 1175 1451 alia
1202 1396 1413 1469 Bospori
1450 1396 1563 1450 loca
1604 1394 1945 1450 nobilitarunt
1986 1394 2295 1451 nominibus

735 1501 959 1540 suorum
1004 1484 1257 1539 nobilium
1308 1484 1529 1551 civium,
1567 1494 1681 1539 tum
1727 1482 1831 1539 hoc
1864 1484 2292 1558 promontorium

737 1570 1064 1627 illustrarunt
1084 1591 1176 1627 sua
1204 1571 1365 1627 nobili
1386 1572 1629 1627 Simaetha
1644 1612 1661 1639 ,
1698 1591 1729 1627 a
1750 1590 1856 1646 qua
1890 1573 2080 1629 multas
2114 1584 2296 1647 postea

742 1662 1035 1716 meretrices
1066 1662 1361 1733 Byuntias,
1391 1671 1452 1715 ut
1486 1660 1553 1717 ab
1578 1661 1711 1717 urbe
1750 1663 1965 1733 Megara
2000 1661 2256 1717 oriundas
2273 1703 2290 1729 ,

733 1747 1007 1821 appellatas
1032 1747 1185 1802 fuisse
1210 1748 1477 1803 Simaethas
1494 1766 1620 1803 vero
1631 1748 1935 1823 proximum
1954 1747 2179 1804 videtur.
2208 1747 2291 1805 Ad

736 1834 847 1891 ᾖα
870 1836 1151 1906 Dionysius
1173 1831 1407 1905 adjungit
1435 1850 1449 1887 :

1384 1991 1484 2051 Fr.
1539 2000 1640 2052 46.

798 2137 1217 2193 Promontorium
1260 2148 1621 2211 nunceepamm
1662 2137 1859 2193 simam
1892 2148 2291 2211 praetergressos

722 2226 927 2301 αοῲίτ
954 2225 1235 2281 Scletrinas
1270 2225 1421 2280 sinus
1436 2264 1453 2292 ,
1480 2225 1653 2281 nescio
1698 2237 1875 2281 utrum
1910 2244 1977 2281 ea·
2002 2226 2292 2301 asperitate

728 2314 992 2371 silvestris
1040 2326 1219 2379 term,
1244 2332 1377 2369 anne
1414 2332 1451 2367 a
1471 2312 1695 2386 flumine
1734 2314 1789 2367 in
1823 2313 2056 2387 seipsum
2082 2312 2289 2368 descen-

724 2404 909 2467 dente,-
927 2416 1085 2478 atque
1108 2404 1269 2459 etiam
1286 2402 1568 2459 succedunt
1588 2420 1695 2456 ane
1729 2402 1993 2475 Apollinis
2018 2414 2071 2457 et
2088 2403 2291 2458 Matris

730 2490 883 2545 deam
897 2531 913 2558 ,
937 2502 989 2544 et
1016 2490 1157 2545 bret-i
1190 2488 1465 2543 iaceo-mlle
1488 2487 1563 2543 ad
1582 2492 1801 2543 Pontum
1823 2488 2121 2559 navigatio.

802 2578 1233 2635 Promontorium
1268 2577 1621 2633 Simaethicum
1636 2616 1652 2643 ,
1683 2594 1714 2631 a
1750 2576 1971 2631 meridie
2016 2579 2289 2632 continens

726 2666 1035 2721 Scletrinam
1062 2665 1239 2719 sinum
1256 2702 1273 2729 ,
1306 2662 1509 2718 radices
1528 2664 1816 2717 maritimas
1833 2664 1939 2733 agit
1964 2664 2019 2718 in
2040 2680 2291 2735 passuum

724 2753 1111 2827 longitudinem
1132 2752 1543 2825 quingentorum
1562 2790 1579 2818 ,
1604 2769 1637 2807 a
1671 2749 1863 2823 quibus
1898 2752 1991 2805 imi
2027 2751 2147 2805 clivi
2184 2750 2289 2805 eri·

720 2853 923 2915 guntur
944 2843 999 2896 in
1014 2858 1285 2897 ascensum
1308 2841 1627 2913 precipitem
1640 2850 1991 2895 trecentorum
2006 2856 2285 2912 passuum,

721 2930 849 2985 inde
874 2930 1075 3001 nquior
1110 2944 1351 2983 ascensus
1376 2926 1579 2981 exsistit
1597 2924 1665 2980 ad
1702 2926 1947 2980 verticem
1966 2966 1981 2991 ,
2008 2944 2117 2999 quo
2144 2925 2289 2981 vallis

725 3016 1087 3091 Bathycolpica
1124 3014 1381 3070 dividitur
1411 3032 1441 3067 a
1462 3012 1592 3067 valle
1624 3011 1891 3068 Scletrina.
1922 3014 2047 3067 Haec
2070 3012 2287 3084 quidem

724 3124 756 3161 a
793 3106 1025 3160 fluminis
1064 3104 1199 3158 ostio
1242 3102 1310 3158 ab
1344 3112 1573 3174 ortuque
1618 3102 1795 3155 aestivo
1841 3100 2192 3174 proficiscitur
2230 3103 2287 3156 in

720 3208 971 3265 passum
996 3188 1377 3260 longitudinem
1417 3188 1627 3242 circiter
1665 3184 1833 3240 duum
1866 3186 2122 3255 millium3
2163 3187 2288 3242 inde

720 3280 953 3333 flectitur
978 3277 1045 3331 ad
1071 3278 1452 3349 septentriones
1482 3273 1755 3329 intervallo
1775 3272 2007 3329 duorum
2034 3274 2156 3348 plus
2182 3276 2285 3329 mi·

724 3385 829 3422 nus
849 3364 1179 3430 milliarium,
1220 3361 1369 3434 cujus
1404 3363 1511 3415 ima
1536 3360 1775 3433 planities
1810 3362 2003 3433 partim
2031 3362 2287 3433 pratensis

730 3462 783 3506 et
824 3450 1023 3506 vitifera
1041 3491 1056 3518 ,
1096 3452 1287 3523 partim
1322 3450 1511 3504 cerasis
1551 3450 1751 3502 consita
1764 3486 1781 3513 ,
1827 3466 1945 3520 quae
1961 3488 1977 3515 ,
2028 3460 2287 3521 quantum

721 3540 893 3595 oculis
912 3540 1165 3595 :estimare
1182 3538 1351 3611 potui,
1372 3554 1481 3590 non
1498 3536 1673 3590 minus
1687 3544 1830 3608 patet
1850 3553 2009 3607 quam
2032 3535 2287 3608 quadrin-

724 3647 911 3709 gentos
936 3632 1225 3691 latitudinis
1249 3650 1463 3707 passus,
1492 3634 1549 3687 in
1586 3630 1970 3703 longitudinem
2004 3631 2145 3687 mille
2168 3650 2289 3704 pas·

724 3740 903 3779 suum.
928 3722 1063 3777 Inde
1086 3721 1225 3776 vallis
1248 3730 1561 3786 oearctatur,
1579 3718 2112 3789 circumsurgentibus
2136 3737 2289 3774 mon·

726 3812 871 3867 tibus
901 3809 1079 3864 arduis
1116 3808 1351 3880 adeoque
1378 3805 1695 3879 proclivibus
1708 3847 1725 3873 ,
1752 3818 1814 3861 ut
1834 3804 1947 3878 ejus
1968 3806 2103 3861 latus
2130 3808 2290 3861 meri-

733 3970 1137 4041 Aristophanem
1164 3966 1285 4021 vide
1307 3968 1615 4023 Athenaeum
1652 3968 1713 4021 13
1740 3984 1797 4039 p.
1826 3966 1957 4038 570,
1984 3970 2031 4023 A
2061 3976 2115 4021 et
2136 3967 2290 4021 Lexi-

726 4046 1041 4121 cographos.
1074 4047 1321 4101 Ceterum
1358 4043 1517 4115 Gyllii
1544 4042 1867 4115 conjectura,
1908 4062 2065 4117 quam
2100 4044 2291 4118 probat

730 4127 1045 4182 flammatus
1061 4165 1078 4191 ,
1105 4122 1253 4179 tacite
1284 4141 1541 4190 caremus,
1574 4141 1739 4195 quum
1774 4124 1930 4178 Simae
1961 4142 2155 4180 nomen
2190 4144 2296 4180 me-

726 4206 903 4261 retrici
930 4202 1483 4277 pcracoommodatum
1508 4204 1595 4257 sit.
1630 4202 1813 4258 Pollux
1834 4220 1888 4269 a,
1916 4204 1981 4271 73
2019 4220 2033 4257 ε
2068 4205 2207 4277 σιμὸν
2231 4208 2289 4259 ὃν

726 4282 929 4358 εὔχαριν
970 4283 1262 4355 νομίζομεν.
1295 4281 1564 4337 Plutarch.
1587 4282 1725 4337 Mor.
1764 4298 1818 4353 p.
1850 4280 1946 4346 56,
1976 4283 2027 4335 D
2054 4298 2067 4335 ε
2097 4283 2185 4337 τὸν
2214 4302 2289 4337 σι-

726 4364 822 4438 μὸν
842 4364 1017 4420 καλεῖν
1046 4361 1267 4437 εὔχαριν.
1292 4364 1463 4418 Amor
1484 4360 1627 4435 ’σιμὸς
1645 4372 1725 4417 est
1761 4373 1815 4418 et
1837 4361 1959 4435 σιμὰ
1982 4363 2137 4437 γελᾶν
2160 4364 2291 4421 dici-

726 4456 817 4501 tur
854 4442 997 4518 apud
1021 4442 1348 4515 Meleagrum
1384 4442 1441 4495 in
1479 4440 1693 4499 Anthol.
1738 4441 1849 4498 Pal.
1900 4440 1952 4509 5,
2004 4458 2125 4515 177.
2169 4448 2289 4516 178.

732 4542 849 4597 ¹79·
888 4524 1203 4579 Hammerus
1238 4520 1398 4575 refert
1439 4520 1581 4576 inter
1612 4520 1897 4581 hodiernos
1942 4523 2155 4578 Grecos
2182 4542 2296 4580 esse

724 4606 817 4677 qui
845 4613 1034 4677 putent
1070 4602 1226 4674 Σιμᾶς
1258 4610 1567 4672 corruptum
1603 4618 1633 4655 e
1678 4600 1847 4671 Σιμός,
1890 4598 2053 4674 idque
2096 4621 2291 4659 nomen

729 4682 797 4739 de
834 4681 1201 4756 promontorio
1244 4678 1430 4735 codem
1484 4697 1644 4734 sensu
1682 4677 1983 4735 adhibitum
2024 4700 2136 4737 esse
2184 4702 2294 4755 quo

728 4764 889 4818 Turci
924 4770 1179 4833 usurpent
1206 4776 1387 4813 vocem
1416 4758 1645 4812 boumou
1667 4758 1913 4831 (nasus).
1952 4760 2071 4814 Hoc
2106 4760 2288 4815 saltem

730 4852 935 4897 constat
956 4838 1096 4914 apud
1125 4850 1322 4895 veteres
1349 4838 1563 4893 Graeoos
1585 4837 1705 4911 σιμὰ
1723 4839 1897 4893 vocari
1915 4838 2031 4893 loca
2048 4838 2215 4895 ardua
2236 4852 2292 4896 et

728 4922 961 4977 aaaelivia.

797 5002 892 5055 Fr.
922 5003 1011 5071 46.
1045 4996 1325 5052 Scletrinas
1339 4995 1491 5051 sinus
1505 4993 1575 5050 ad
1592 4994 1718 5052 hod.
1740 4996 1983 5068 Sati-seri
2008 4998 2205 5064 vicum,
2234 4999 2287 5051 in

725 5076 857 5131 valle
892 5078 1057 5131 situm
1080 5092 1237 5147 quam
1274 5074 1342 5129 de
1374 5084 1727 5129 castanearum
1755 5073 1883 5127 silva
1928 5076 2289 5130 Kestenesdere

723 5166 929 5211 vocant.
960 5154 1113 5209 Idem
1140 5172 1330 5209 nomen
1348 5164 1426 5208 est
1444 5154 1605 5207 fluvio
1624 5152 1803 5207 vallem
1830 5154 2140 5224 permeanti.
2162 5156 2287 5224 Quo

720 5246 876 5307 pacto
900 5234 1204 5307 Σκλητρῑνας
1221 5250 1411 5289 nomen
1435 5250 1467 5289 a
1492 5232 1701 5305 σκληρός
1728 5250 1853 5287 voce
1875 5230 2067 5287 deduci
2098 5236 2282 5305 possit,

718 5334 829 5371 non
850 5313 1021 5373 video.
1044 5312 1285 5387 Sari-:ieri
1302 5313 1557 5385 siguificat
1572 5314 1769 5379 flavum
1789 5312 1867 5365 vel
1895 5311 2075 5382 refiem
2096 5312 2283 5371 locum.

2389 891 2548 949 vallis.
2567 896 2729 949 Latus
2741 891 2988 949 claudens
2996 893 3181 951 vallem
3193 913 3226 951 a
3241 900 3682 971 septentrionibus
3698 904 3937 978 precipi-

2389 988 2466 1034 tes
2492 978 2706 1053 quidem
2732 981 2866 1036 imos
2892 980 3054 1035 clivos
3087 980 3264 1049 babet,
3284 1000 3501 1057 superos
3527 1004 3650 1045 veno
3671 988 3826 1063 longe
3857 1008 3942 1047 re-

2389 1070 2670 1137 missiores,
2694 1070 2982 1143 prasertim
2993 1068 3086 1124 ubi
3105 1069 3430 1127 metallorum
3449 1085 3666 1132 secturae
3685 1078 3938 1136 eminent.

2389 1158 2606 1213 Flumen
2629 1156 2905 1214 Seleu-inas
2925 1176 2958 1213 a
2973 1174 3182 1215 summa
3212 1158 3340 1216 valle
3365 1162 3553 1228 oritur,
3583 1174 3702 1235 post
3734 1183 3801 1220 ex
3829 1164 3940 1239 ejus

2385 1245 2629 1301 lateribus
2647 1257 2866 1317 augetur
2881 1246 3060 1301 rivulis
3085 1264 3207 1303 cum
3221 1245 3435 1305 aliunde
3449 1252 3800 1317 manantibus,
3825 1264 3942 1309 tum

2387 1336 2614 1389 maxime
2651 1353 2684 1390 a
2707 1335 2882 1389 lateris
2921 1333 3200 1390 meridiani
3239 1335 3386 1393 clivis
3419 1339 3810 1395 continentibus
3843 1342 3942 1399 tria

2385 1422 2698 1476 monasteria
2719 1419 3068 1493 solivagorum
3091 1421 3368 1478 hominum
3381 1463 3399 1492 ,
3436 1434 3722 1481 sustentata
3763 1427 3943 1499 praeci·

2383 1526 2494 1581 puo
2513 1510 2740 1582 vectigali
2765 1508 2911 1583 quod
2931 1510 3192 1583 colligitur
3211 1530 3278 1566 ex
3305 1512 3494 1567 cerasis
3507 1551 3525 1580 ,
3545 1513 3683 1567 inter
3699 1530 3756 1567 se
3779 1530 3943 1585 parvo

2385 1596 2653 1653 intervallo
2685 1596 2960 1667 distantia;
3004 1616 3035 1655 e
3063 1616 3292 1672 quorum
3326 1598 3560 1655 sontibus
3609 1609 3716 1656 tres
3751 1602 3906 1657 rivuli
3921 1642 3939 1671 ,

2382 1687 2527 1739 omni
2545 1688 2667 1740 anni
2689 1696 2922 1761 tempore
2939 1704 3190 1760 perennes
3209 1688 3264 1742 in
3281 1687 3586 1743 Seleu-inam
3601 1686 3938 1759 delabuntur,

2383 1772 2572 1844 singuli
2594 1773 2865 1845 implentes
2899 1773 3122 1829 fistulam
3146 1774 3308 1829 ferme
3336 1776 3804 1847 quincuncialem0·
3839 1778 3942 1831 Sed

2381 1860 2478 1913 etsi
2508 1858 2682 1913 multis
2707 1857 2892 1914 rivulis
2917 1859 3234 1933 perennibus
3260 1870 3480 1933 augetur
3494 1882 3510 1927 ;
3533 1878 3744 1916 summa
3766 1872 3940 1918 tamen

2383 1954 2555 1999 aestate
2571 1942 2682 2016 ejus
2695 1944 2870 2001 alveus
2887 1946 3158 2013 exarescit,
3171 1963 3237 2001 ex
3251 1964 3316 2003 eo
3333 1946 3479 2019 quod
3495 1946 3686 2003 alicubi
3699 1946 3944 2005 absorbe-

2383 2040 2472 2085 tur
2489 2042 2628 2086 terra
2648 2050 2866 2087 arenosa
2893 2042 2946 2087 et
2969 2050 3084 2087 rara
3103 2033 3160 2088 in
3184 2033 3564 2106 longitudinem
3589 2046 3818 2107 quatuor
3840 2047 3942 2095 sta·

2381 2120 2627 2187 diorum,
2661 2118 2854 2175 deinde
2879 2122 2934 2175 in
2964 2120 3346 2193 longitudinem
3373 2124 3795 2197 octingentorum
3818 2143 3938 2200 pas-

2382 2224 2534 2261 suum
2576 2208 2776 2261 exsistit
2815 2225 2980 2280 usque
3017 2208 3087 2263 ad
3123 2210 3316 2265 ostium
3351 2221 3408 2267 et
3435 2212 3612 2267 vicum
3631 2212 3939 2271 scien-imm

2380 2291 2670 2349 secundum
2696 2312 2840 2349 mare
2875 2296 3064 2363 situm,
3098 2297 3190 2352 ubi
3212 2298 3452 2371 exiguam
3487 2298 3729 2373 paludem
3759 2304 3940 2358 cannis

2379 2382 2588 2456 plenam
2613 2382 2842 2437 efficiens
2857 2423 2872 2450 ,
2901 2382 3112 2439 duobus
3146 2385 3344 2441 ostiolis
3389 2388 3444 2441 in
3485 2405 3629 2443 marc
3661 2390 3788 2455 exit,
3821 2408 3938 2463 quae

2380 2471 2538 2525 ambo
2563 2470 2831 2526 efficerent
2867 2490 2929 2526 ea
2951 2473 3308 2545 magnitudine
3335 2475 3585 2543 fluvium,
3618 2494 3725 2550 qua
3759 2479 3937 2534 existit

2379 2556 2765 2613 Pharmacicus.

2381 2696 2532 2753 xlx.
2573 2699 2651 2751 De
2669 2695 2828 2751 Milto
2849 2697 3206 2769 promontorio
3221 2708 3274 2752 et
3283 2697 3425 2768 sano
3442 2700 3848 2773 Byzantiorum5
3873 2701 3938 2758 de

2703 2784 2914 2859 Serapio
2939 2796 2992 2839 et
3014 2785 3201 2859 templo
3219 2785 3460 2860 Phrygia.-
3477 2788 3602 2844 deoe.

2449 2936 2498 2988 A
2533 2930 2662 2987 valle
2687 2929 2942 2987 Seleu-ina
2987 2932 3194 3004 perrexi
3229 2931 3370 2987 mille
3418 2948 3599 3003 passus
3639 2931 3708 2987 ad
3753 2932 3932 2991 vallem

2379 3031 2732 3094 nuncupatam
2771 3018 3030 3075 (kt-asiam
3053 3032 3069 3059 ¹
3100 3038 3133 3075 a
3158 3022 3348 3075 cerasis
3381 3021 3439 3073 in
3479 3018 3636 3093 hujus
3675 3022 3932 3079 maritima

2375 3107 2592 3180 planitie
2612 3106 2825 3161 consitis
2838 3146 2853 3171 ,
2893 3116 3102 3179 patente
3135 3107 3192 3161 in
3215 3104 3564 3161 ducentorum
3601 3104 3936 3167 latitudinem

2377 3214 2653 3269 passuum,
2695 3206 2856 3251 totam
2906 3194 3179 3250 vitifer-am.
3212 3192 3298 3249 Ab
3327 3194 3428 3249 bac
3463 3212 3796 3267 prom-essum
3837 3196 3934 3253 feci

2377 3292 2742 3337 sexcentorum
2777 3298 3026 3353 passuum
3056 3277 3126 3333 ad
3150 3278 3366 3335 alteram
3395 3280 3600 3345 vallem,
3634 3299 3752 3353 quae
3777 3284 3936 3338 mari·

2377 3371 2558 3424 timam
2579 3368 2848 3442 planitiem
2865 3366 3022 3422 babet
3039 3384 3148 3421 non
3159 3366 3396 3421 latiorem
3413 3364 3654 3423 ducentis
3676 3370 3932 3441 passibus,

2379 3458 2567 3512 vitium
2612 3466 2788 3511 tamen
2840 3453 3062 3511 feracem
3117 3454 3471 3526 arborumque
3526 3455 3934 3515 stuctiserarum.

2377 3546 2518 3599 Huic
2549 3544 2664 3599 valli
2691 3544 2974 3598 succrescit
2991 3542 3412 3615 promontorium
3428 3581 3446 3608 ,
3471 3541 3618 3615 quod
3653 3546 3934 3619 Dionysius

2377 3630 2601 3704 appellat
2635 3630 2821 3685 Milton
2843 3641 2886 3697 ⁸,
2920 3627 3034 3701 jam
3077 3628 3248 3684 Greci
3299 3630 3577 3685 nominant
3624 3630 3890 3705 Tripieion
3911 3673 3929 3700 ,

2379 3721 2556 3775 nescio
2583 3737 2614 3773 a
2644 3718 2852 3791 tripode
2899 3718 3152 3791 Apollinis
3168 3757 3186 3786 ,
3223 3717 3374 3789 cujus
3413 3736 3529 3773 aras
3557 3720 3840 3793 Dionysius
3877 3724 3933 3778 in

2380 3808 2502 3861 sinu
2521 3806 2772 3863 Seleu-ina
2795 3805 2952 3879 paulo
2969 3816 3090 3861 ante
3113 3806 3309 3880 posuit.
3339 3807 3496 3861 Mons
3521 3807 3634 3879 ipse
3649 3846 3667 3872 ,
3689 3808 3782 3880 qui
3816 3809 3935 3867 Tri·

2378 3968 2690 4021 Hammerus
2725 3968 2920 4021 rectius
2971 3965 3076 4020 dici
3117 3976 3298 4021 monet
3328 3965 3601 4039 Sari-jari,
3632 3968 3668 4025 i.
3708 3986 3758 4023 e.
3776 3970 3934 4039 flava

2373 4046 2584 4115 fissum.
2627 4048 2834 4101 Nomen
2857 4044 2985 4101 illud
3010 4042 3240 4101 inditum
3275 4056 3353 4101 est
3375 4044 3446 4101 ob
3481 4044 3659 4103 rusum
3699 4048 3930 4105 colorem

2377 4142 2624 4179 saxorum
2649 4143 2767 4198 quae
2796 4123 2994 4179 ferrum
3015 4134 3071 4180 et
3094 4123 3314 4198 sulphur
3330 4126 3618 4181 continent.
3641 4126 3934 4201 multasque

2378 4202 2574 4259 habent
2605 4203 2832 4259 fissuras.
2871 4202 3118 4259 Similiter
3155 4202 3224 4258 de
3264 4203 3440 4259 colore
3477 4206 3806 4259 nominatum
3848 4215 3931 4260 est

2379 4282 2524 4355 quod
2545 4282 2788 4355 deinceps
2808 4302 2840 4338 a
2858 4283 3111 4356 Dionysio
3127 4293 3447 4338 memoratur
3467 4282 3658 4339 Μίλτον
3680 4301 3932 4357 promon-

2380 4362 2480 4415 tori
2487 4379 2596 4419 um.
2632 4362 2655 4433 ΙΙ
2677 4392 2750 4403 -
2771 4373 2821 4415 et
2841 4360 2987 4416 brevi
3010 4360 3284 4416 ituerwllo
3303 4360 3382 4417 ad
3398 4364 3621 4417 Pontum
3637 4360 3926 4436 navigatio]

2379 4442 2505 4496 Hac
2530 4442 2608 4496 sic
2625 4442 2906 4513 Dionysius
2929 4458 3037 4496 non
3071 4437 3283 4496 dixerit.

2456 4538 2504 4577 1.
2533 4522 2823 4594 Cerasium]
2852 4520 3054 4575 Vallem
3073 4518 3203 4577 dicit
3229 4522 3284 4575 in
3302 4538 3404 4594 qua
3423 4538 3566 4576 nunc
3581 4530 3659 4577 est
3669 4520 3791 4576 Jeni
3802 4525 3928 4578 Ma·

2377 4600 2532 4655 halle.
2561 4602 2584 4671 ΙΙ
2605 4630 2678 4645 -
2701 4617 2754 4654 a.
2776 4598 3000 4673 Milton]
3019 4600 3256 4655 Amilton
3282 4598 3482 4673 Gyllius
3505 4600 3712 4673 scripsit
3727 4610 3780 4655 et
3806 4599 3862 4657 b.
3883 4600 3923 4657 l.

2378 4689 2432 4733 et
2457 4678 2599 4747 alibi,
2621 4681 2720 4735 nisi
2737 4678 2881 4752 quod
2905 4696 2956 4733 c.
2977 4680 3044 4734 23
3072 4678 3257 4750 legitur
3271 4677 3509 4734 Smileoa.
3531 4680 3595 4741 In
3613 4680 3729 4751 ipso
3752 4688 3924 4735 tamen

2378 4758 2618 4831 Dionysii
2652 4758 2942 4831 fragmento
2967 4762 3034 4831 47
3067 4757 3312 4815 scribitur
3337 4757 3530 4813 Milton
3561 4776 3650 4833 pr.
3689 4759 3924 4815 nomina·

2377 4848 2551 4915 tump
2586 4837 2934 4895 similitudine
2973 4837 3178 4893 ederis.
3215 4836 3500 4893 Hudsonus
3540 4838 3738 4893 Milton
3765 4839 3923 4894 etiam

2380 4918 2616 4975 Amiltoa
2631 4917 2832 4972 dictum
2855 4935 2965 4973 esse
2981 4928 3172 4985 censet,
3201 4926 3264 4973 ut
3287 4915 3467 4973 Mardi
3483 4918 3638 4972 etiam
3661 4916 3918 4983 Amardi,

2375 5000 2544 5063 Lycus
2569 4998 2626 5054 fl.
2653 4998 2808 5053 etiam
2833 4997 3027 5070 Abrae
3058 5007 3111 5052 et
3126 4996 3362 5052 similiter
3377 4996 3475 5051 alia
3501 4995 3773 5051 dicuntur.
3793 4998 3923 5052 Pro·

2375 5078 2696 5133 montorium
2741 5078 2964 5147 intellige
3016 5075 3144 5130 illud
3183 5074 3332 5147 cujus
3383 5076 3440 5129 in
3478 5095 3734 5131 mucrone
3777 5092 3922 5131 nune

2375 5166 2540 5211 exstat
2574 5156 2705 5211 Tella·
2740 5155 2908 5210 Tabia
2928 5154 3178 5224 (batterie
3205 5152 3268 5208 de
3298 5155 3366 5208 23
3394 5172 3586 5209 canons
3602 5157 3646 5227 ).
3673 5156 3918 5210 Ceterum

2373 5253 2502 5289 num
2523 5254 2698 5310 reapse
2715 5234 2816 5290 boc
2833 5234 3250 5309 promontorium
3271 5233 3442 5305 μίλτου
3457 5234 3684 5289 colorem
3705 5234 3912 5303 referat,

2373 5332 2567 5369 nescio.
