4584 6284
616 481 736 561 xlvj

1943 479 2513 543 PROLEGOMENA

616 603 842 668 isauris
884 608 1098 667 contra
1138 606 1455 667 Romanos
1505 601 2015 685 rebellantibus),
2065 603 2187 669 alia
2274 603 2525 666 micant.
2576 603 2865 677 Quinimo
2918 605 3099 688 (quis
3128 611 3383 689 putati)
3421 618 3484 673 et
3524 611 3664 676 hoec
3693 614 3829 698 ipsa

617 702 826 759 autem
852 691 919 756 in
957 691 1189 757 arctius
1216 689 1534 756 contraxit
1557 693 1648 772 (V.
1690 693 1749 775 §.
1795 697 1897 757 25.
1935 698 2036 760 28.
2081 699 2180 760 33.
2272 692 2573 758 versionis
2590 692 2905 758 barbaries
2932 695 2999 759 in
3020 695 3256 762 bonum
3278 700 3493 777 vertit;
3514 719 3659 766 nam
3684 705 3831 787 quia

616 785 714 846 34.
766 785 866 847 36.
911 787 1016 845 44.
1073 785 1209 861 59),
1258 779 1506 865 reliqua
1562 779 1833 865 denique
1881 783 2187 847 enarravit
2275 783 2584 865 interpres
2600 781 2857 846 verbum
2875 784 3063 848 verbo
3088 786 3327 850 curavit
3346 787 3645 868 reddere,
3678 810 3831 872 grae·

616 871 808 936 modo
821 870 1029 935 verbis
1043 868 1318 934 auctoris
1337 868 1438 932 sui
1455 887 1671 951 presso
1689 869 1852 952 pede
1869 870 2182 953 insistens,

615 957 814 1022 modo
847 977 963 1023 suo
995 957 1332 1038 indulgens
1360 955 1644 1037 ingenio,
1675 957 1835 1022 adeo
1876 965 1948 1022 ut
1989 961 2185 1024 oratio

614 1047 1012 1132 quantumvis
1034 1047 1304 1123 inculta,
1338 1044 1548 1110 minus
1581 1053 1792 1110 tamen
1813 1046 2079 1112 barbara
2108 1047 2190 1111 sit

616 1154 806 1220 quam
832 1136 900 1200 in
925 1135 1214 1201 versione
1245 1133 1578 1216 Anonymi.
1611 1136 1918 1198 Praeterea
1947 1135 2026 1200 de
2070 1153 2184 1199 suo

615 1245 788 1307 penu
800 1226 1026 1290 iunior
1043 1223 1424 1307 prooemium
1453 1223 1511 1305 (ἓ
1534 1225 1656 1304 1-3)
1685 1221 1949 1303 addidit,
1972 1222 2038 1286 in
2059 1241 2185 1307 quo

617 1315 891 1398 opellam
935 1332 1114 1378 suam
1155 1312 1286 1378 filio
1322 1313 1419 1377 vel
1452 1311 1761 1394 discipulo
1797 1310 2048 1376 cuidam
2077 1310 2190 1374 de-

620 1404 826 1484 dicat,
867 1403 1070 1489 deque
1095 1403 1417 1486 proposito
1446 1421 1560 1466 suo
1587 1419 1776 1481 agens
1795 1447 1813 1478 ,
1855 1409 2186 1486 postquam

619 1491 971 1575 priscarum
994 1490 1398 1555 historiarum
1428 1497 1778 1554 narratores
1807 1489 2189 1554 enumeravit

619 1582 897 1656 Mosem,
923 1582 1226 1644 Berosum
1244 1627 1262 1655 ,
1288 1578 1722 1644 Manethonem
1737 1625 1756 1658 ,
1782 1577 2184 1661 Apollonium

619 1669 1010 1751 AEgyptium,
1039 1667 1382 1750 Josephum
1400 1713 1416 1743 ,
1446 1666 1670 1731 deinde
1709 1685 1857 1730 vero
1888 1672 2185 1750 tanquam

621 1756 722 1819 his
758 1756 1140 1820 recentiores
1179 1755 1584 1820 Menandrum
1609 1757 1950 1838 Ephesium
1981 1763 2043 1820 et
2067 1759 2186 1820 He-

620 1844 918 1909 rodotum
960 1852 1027 1909 et
1059 1843 1518 1927 Thucydidem,
1547 1845 1681 1928 ipse
1713 1845 1793 1909 de
1819 1845 2007 1910 rebus
2042 1865 2184 1930 quae

620 1951 658 1995 a
685 1932 878 1998 modo
914 1932 1101 1998 dictis
1130 1932 1534 2015 scriptoribus
1575 1933 1896 1998 memoriae
1940 1931 2182 1997 traditas

621 2021 776 2096 sint,
827 2019 1000 2085 brevi
1057 2038 1123 2084 se
1174 2019 1599 2102 expositurum
1651 2037 1790 2084 esse
1837 2022 2177 2102 profitetur.

622 2110 774 2186 Quae
800 2127 997 2192 quum
1031 2107 1098 2172 in
1121 2108 1602 2192 subsequentem
1625 2109 2042 2173 narrationem
2070 2108 2184 2172 mi-

618 2196 794 2261 nime
832 2196 1060 2260 cadant
1102 2215 1177 2260 ac
1214 2202 1517 2278 praeterea
1553 2195 1864 2278 insignem
1908 2197 2182 2262 hominis

620 2293 944 2369 stuporem
969 2285 1327 2362 ostendant,
1357 2305 1393 2350 a
1415 2285 1693 2368 sophista
1710 2333 1727 2364 ,
1760 2287 1950 2368 graeci
1973 2285 2181 2368 operis

621 2381 914 2455 auctore,
954 2373 1159 2438 aliena
1200 2391 1365 2450 esse,
1410 2390 1484 2437 ac
1525 2392 1782 2456 prorsus
1829 2374 1952 2437 alia
1997 2373 2064 2436 in
2104 2391 2180 2437 eo

620 2461 830 2544 operis
877 2461 1216 2544 prooemio,
1269 2460 1439 2544 quod
1481 2461 1549 2523 in
1598 2460 1910 2543 Anonymi
1960 2460 2180 2524 codice

618 2551 922 2634 acephalo
945 2567 1116 2614 nunc
1139 2546 1556 2625 desideratur,
1580 2548 1940 2628 consignata
1963 2549 2174 2628 fuisse,

619 2657 808 2703 nemo
824 2686 839 2716 ,
875 2637 1124 2720 opinor,
1150 2654 1279 2700 non
1305 2635 1611 2718 intelligit.

697 2728 788 2790 De
807 2726 946 2808 ipso
970 2725 1275 2808 scriptore
1296 2740 1500 2805 graeco
1515 2723 1778 2807 ejusque
1798 2743 1989 2807 opere
2007 2723 2177 2788 haud

617 2813 870 2878 indocte
898 2812 1194 2878 disseruit
1210 2811 1480 2876 Jacobus
1501 2811 1938 2876 Gothotredus.
1961 2815 2178 2896 ltaque

616 2901 1072 2982 Prolegomena
1122 2900 1256 2981 ejus
1297 2899 1402 2963 hic
1448 2906 1734 2982 repetere
1782 2918 1992 2983 operae
2036 2919 2182 2984 pre-

614 2988 773 3054 tium
805 2989 904 3053 sit.

850 3145 1268 3194 nome-ouum
1310 3145 1515 3193 neom
1555 3144 1940 3192 Gomorml.

716 3269 1028 3333 «Brevem
1051 3269 1157 3332 hic
1174 3268 1394 3345 habes,
1413 3269 1682 3349 benigne
1701 3268 1922 3348 lector,
1948 3268 2057 3332 sed
2082 3288 2190 3332 ve-

625 3364 826 3421 terem
852 3357 1044 3420 totius
1075 3355 1248 3420 orbis
1272 3356 1763 3439 descriptionem
1791 3373 1903 3419 seu
1930 3355 2187 3437 πιριήγη·

628 3469 709 3506 σιν
739 3449 833 3517 τῆς
872 3444 1213 3521 οἰκουμένης,
1251 3444 1433 3524 cuius
1465 3443 1721 3508 latinam
1762 3442 2114 3507 versionem
2150 3461 2189 3506 a

630 3532 780 3597 clar.
815 3533 947 3597 viro
968 3533 1301 3598 Francisco
1327 3535 1364 3598 J
1367 3540 1543 3597 ureto
1565 3532 1843 3617 primum
1866 3537 2185 3615 acceptam

631 3632 696 3687 et
723 3641 800 3686 ex
829 3621 1212 3687 membranis
1237 3621 1641 3706 descriptam,
1662 3621 1828 3686 notis
1851 3639 2100 3706 quoque
2125 3620 2189 3684 in

630 3711 1076 3793 Symmachum
1141 3709 1222 3796 (1)
1264 3709 1611 3789 laudatam,
1659 3709 1978 3793 pei-amice
2029 3709 2186 3774 mihi

633 3800 1120 3864 communicavit
1175 3799 1467 3863 Claudius
1515 3799 1855 3864 Salmasius
1889 3799 2007 3862 ille
2061 3818 2188 3862 non

633 3888 832 3969 magis
868 3888 1190 3953 literarum
1215 3887 1404 3953 hodie
1434 3907 1624 3972 quam
1641 3889 1987 3952 amicorum
2016 3905 2194 3950 meo-

632 3995 773 4040 rum
810 3995 1108 4058 purpura.
1269 4003 1274 4008 ·

720 4088 752 4127 α
773 4065 974 4130 Graeei
1003 4063 1324 4147 scriptoris
1345 4062 1615 4133 ἐπίστασις
1637 4065 1858 4129 isthaec
1886 4070 2013 4142 est,
2047 4083 2188 4148 quae

631 4154 710 4219 ab
742 4154 983 4218 insulso
1007 4153 1324 4231 literione,
1353 4173 1577 4237 graecae
1600 4153 1934 4238 latinaeque
1956 4153 2188 4235 linguae

623 4245 798 4325 juxta
841 4242 1057 4323 ignaro
1074 4288 1091 4318 ,
1153 4241 1218 4305 in
1259 4241 1517 4306 latinam
1568 4241 1848 4324 linguam
1881 4241 2190 4305 transfusa

630 4331 748 4396 fuit
776 4339 908 4394 tam
937 4329 1147 4413 inepte
1159 4377 1176 4408 ,
1195 4336 1266 4394 ut
1275 4329 1548 4413 jacuisse
1570 4328 1811 4393 tamdiu
1827 4347 1956 4393 non
1970 4329 2182 4409 mirer,

632 4419 826 4483 mirer
861 4419 1070 4502 potius
1112 4426 1414 4484 enatasse.
1456 4421 1544 4482 Ea
1585 4415 1908 4481 barbaries
1952 4415 2188 4500 ubique

631 4507 793 4571 hanc
839 4507 1416 4591 interpretationem
1458 4505 1739 4586 obsidet,
1791 4512 1897 4586 ut,
1935 4504 2003 4568 in
2057 4512 2188 4570 tam

633 4598 888 4663 conciso
930 4596 1279 4680 praesertim
1329 4615 1518 4678 opere
1540 4642 1558 4676 ‚
1612 4613 1740 4658 non
1777 4599 1960 4678 putes
2006 4593 2189 4676 quic-

633 4703 820 4766 quam
871 4685 1062 4748 latere
1115 4684 1284 4769 quod
1331 4683 1465 4748 erui
1516 4683 1766 4765 publice
1805 4681 2070 4747 intersit.
2113 4684 2192 4744 Et

633 4781 843 4838 tamen
887 4780 1104 4839 contra
1143 4782 1270 4851 est;
1319 4791 1546 4855 nempe
1600 4771 1771 4855 quod
1820 4771 1888 4834 in
1941 4769 2190 4834 balluca

633 4864 768 4926 auri
794 4865 895 4927 vel
922 4864 1162 4944 argenti
1181 4863 1450 4938 adsolet,
1477 4861 1831 4943 diligentius
1853 4859 2188 4923 excutienti

634 4952 905 5035 purioris
928 4951 1166 5016 metalli
1185 4957 1465 5015 ramenta
1489 4968 1675 5033 quam
1700 4948 1972 5031 plurima
1999 4949 2192 5012 inter-

692 5163 760 5224 (1)
793 5160 1070 5224 symmachi
1099 5160 1253 5225 Epist.
1286 5159 1366 5212 ed.
1396 5160 1549 5211 Paris.
1591 5163 1729 5220 1004,
1773 5163 1822 5210 4.
1867 5172 1916 5225 p.
1965 5163 2054 5212 179
2082 5160 2186 5210 not.

2277 870 2493 936 canica
2545 871 2733 934 etiam
2773 871 3010 956 ubique
3048 876 3512 940 constructione
3552 887 3828 961 servata,

2276 978 2420 1045 quae
2472 959 2690 1024 vitium
2737 960 2945 1024 latinis
3001 963 3253 1027 auribus
3302 973 3585 1044 sonaret,
3646 970 3831 1035 facile

2274 1047 2396 1112 fuit
2420 1067 2621 1199 {rusca
2659 1049 2877 1112 saltem
2907 1049 3248 1115 mediocria
3271 1071 3348 1116 ex
3374 1053 3586 1118 latinis
3619 1056 3828 1122 facere

2278 1155 2402 1201 non
2468 1155 2625 1201 oms.

2364 1245 2398 1286 α
2422 1224 2707 1289 Auctoris
2735 1242 2965 1289 nomen
2990 1232 3059 1289 ut
3088 1227 3250 1292 scire
3278 1248 3500 1311 parum
3530 1230 3827 1314 interest,

2275 1311 2363 1376 ita
2409 1331 2535 1376 non
2580 1311 2817 1397 liquide
2861 1313 3061 1377 datur.
3100 1315 3307 1400 Alypii
3338 1317 3666 1401 equidem,
3718 1323 3829 1406 qui

2278 1399 2523 1462 Coesarii
2577 1401 2769 1464 frater
2812 1400 2932 1466 fuit
2950 1449 2966 1478 ,
3016 1405 3471 1487 Geographiam
3523 1418 3833 1475 memorat

2275 1487 2556 1552 Julianus
2598 1487 2791 1569 Epist.
2848 1492 2920 1553 31
2958 1491 3071 1574 (1),
3123 1506 3310 1577 quam
3356 1499 3422 1556 et
3462 1493 3550 1556 ibi
3593 1495 3831 1579 duplici

2279 1576 2533 1640 nomine
2576 1578 3005 1655 commendat,
3064 1579 3235 1662 quod
3292 1585 3357 1642 et
3400 1583 3831 1665 superioribus

2277 1663 2673 1748 geographiis
2723 1667 3070 1731 accuratior
3096 1675 3293 1744 esset,
3334 1677 3399 1732 et
3436 1668 3661 1736 iambis
3697 1675 3833 1756 qui-

2275 1750 2541 1816 busdam
2572 1770 2713 1817 eam
2741 1761 3119 1819 exornasset.
3151 1758 3383 1819 Verum
3426 1776 3505 1820 an
3551 1777 3625 1822 ea
3652 1760 3834 1842 quic-

2275 1859 2465 1923 quam
2522 1859 2668 1906 cum
2717 1843 2837 1907 hac
2896 1841 3140 1924 exegesi
3186 1861 3521 1908 commune
3565 1844 3793 1912 habeat
3808 1894 3826 1925 ,

2272 1929 2452 1995 valde
2502 1930 2743 1996 dubito.
2786 1934 3069 2015 Namque
3103 1932 3245 1998 haec
3284 1934 3531 1998 nonnisi
3574 1937 3831 2017 majoris

2272 2019 2537 2101 alicujus
2591 2019 2801 2104 operis
2847 2019 3129 2084 historici
3179 2022 3453 2090 ἱπίστασις
3499 2029 3562 2086 et
3616 2025 3833 2107 ecloga

2272 2113 2399 2187 est,
2431 2107 2601 2193 quod
2641 2128 2716 2173 ex
2746 2115 3012 2191 quatuor
3050 2108 3207 2172 locis
3244 2109 3309 2171 in
3347 2108 3511 2172 notis
3540 2109 3694 2192 ipsis
3722 2111 3836 2176 de-

2272 2203 2554 2261 monstro
2572 2244 2589 2275 ,
2625 2196 2735 2261 ubi
2778 2215 3031 2279 semper
3072 2215 3367 2262 excessus
3408 2203 3474 2260 et
3511 2199 3835 2267 ἐπιστάσεως

2269 2285 2514 2350 veniam
2555 2289 2772 2348 auctor
2812 2284 2988 2367 petit.
3018 2284 3150 2348 Etsi
3190 2282 3463 2348 blandiri
3501 2290 3718 2348 contra
3743 2285 3838 2351 vi-

2271 2374 2510 2451 deatur,
2538 2373 2707 2458 quod
2729 2373 2835 2437 hic
2861 2373 3121 2457 Alypius
3151 2373 3580 2438 Antiochenus
3603 2373 3827 2452 fuerit,

2271 2461 2443 2546 quod
2500 2460 2865 2524 Ammianus
2908 2460 3185 2524 ostendit
3232 2459 3343 2523 lib.
3385 2465 3487 2525 23.
3546 2463 3628 2524 Et
3683 2480 3831 2527 vero

2265 2549 2527 2629 hujusce
2540 2547 2738 2612 libelli
2760 2554 3078 2614 auctorem
3101 2547 3560 2625 Antiochenum
3582 2569 3834 2634 quoque

2266 2638 2461 2703 fuisse
2490 2644 2663 2719 puto.
2694 2637 2849 2701 Vice
2876 2657 3057 2701 versa
3081 2637 3238 2704 illud
3266 2637 3488 2720 Alypio
3514 2639 3686 2703 hunc
3716 2641 3832 2703 foe-

2267 2733 2404 2792 tum
2428 2725 2788 2808 abjudicare
2812 2725 3059 2790 videtur
3081 2725 3251 2808 quod
3278 2727 3646 2790 Ammianus
3666 2727 3835 2793 dicat

2270 2841 2416 2888 eum
2452 2827 2802 2887 Britannias
2829 2843 3072 2886 curasse
3098 2841 3212 2904 pro
3229 2822 3535 2902 praesectts
3547 2871 3571 2902 ,
3603 2823 3671 2887 id
3698 2833 3829 2908 est,

2336 3047 2407 3108 (1)
2433 3041 2658 3095 Julianus
2681 3045 2771 3106 Ep.
2800 3045 2863 3093 3ο
2891 3039 2958 3092 ad
2982 3039 3213 3105 Alypium
3238 3039 3441 3092 caesarii
3484 3040 3689 3094 stenem
3722 3041 3837 3096 haec

2272 3114 2445 3168 scribit
2471 3127 2486 3157 ι
2515 3113 2642 3172 Ἤδη
2666 3113 2748 3178 μὲν
2766 3111 3022 3176 ἐτύγχανον
3043 3109 3281 3175 ἀνειμένος
3307 3115 3389 3172 τῆς
3415 3109 3579 3174 νόσου,
3600 3115 3685 3172 τήν
3709 3130 3835 3177 γεω-

2271 3185 2471 3252 ymen
2496 3183 2576 3234 ὅτι
2616 3183 2907 3240 ἀπέστειλας·
2932 3183 2990 3233 οὗ
3026 3183 3119 3246 μὴν
3146 3183 3337 3232 ἔλαττον
3380 3182 3461 3233 διὰ
3503 3187 3644 3233 τοῦτο
3681 3186 3833 3244 ἡδέως

2275 3254 2497 3320 ἐδεξάμην
2532 3253 2588 3303 τὸ
2606 3252 2735 3316 παρὰ
2754 3257 2843 3302 σοῦ
2878 3251 3093 3303 πινάκιον
3122 3251 3405 3302 ἀποσταλὲν·
3434 3253 3533 3318 ζχιι
3556 3254 3645 3318 γὰρ
3664 3256 3747 3305 καὶ
3773 3257 3835 3305 τὰ

2273 3325 2602 3390 διαγράμματα
2620 3327 2715 3374 τῶν
2740 3321 2939 3386 πρόσθεν
2970 3323 3152 3387 βέλτιον
3188 3323 3271 3373 καὶ
3298 3323 3671 3384 metumientem:
3696 3325 3832 3388 αὐτὸ,

2273 3393 2489 3458 προσθεὶς
2508 3393 2618 3450 τοὺς
2644 3391 2841 3457 ἰάμβους
2856 3428 2873 3455 ,
2900 3391 2957 3443 οὗ
2986 3391 3143 3456 μάχην
3167 3391 3405 3448 &sidonae
3441 3393 3528 3452 τὴν
3550 3393 3831 3454 Bonnam,

2274 3463 2401 3514 κατὰ
2424 3463 2503 3514 τὸν
2522 3465 2781 3528 Κυρηναῖον
2798 3462 3013 3523 ποιητὴν,
3038 3461 3137 3512 ἀλλ’
3162 3463 3292 3519 atoue
3317 3464 3349 3520 ἡ
3372 3464 3495 3522 καλὴ
3518 3464 3697 3526 Σαπφὼ
3723 3464 3833 3528 βαΰ·

2273 3537 2403 3586 mat
2419 3537 2519 3591 τοῖς
2532 3533 2693 3596 νόμοις
2720 3533 2979 3598 ἁρμόττειν.
2996 3531 3156 3584 lambi
3170 3531 3243 3583 illi
3260 3530 3394 3583 orbis
3422 3534 3672 3584 terrarum
3692 3533 3837 3585 tabu-

2273 3605 2357 3668 lae,
2372 3616 2521 3670 quam
2532 3603 2735 3669 Alypius
2746 3602 2940 3655 Juliano
2950 3601 3102 3666 misit,
3118 3602 3339 3654 fortassis
3351 3601 3507 3655 additi
3522 3602 3601 3655 vel
3614 3602 3836 3670 inscripti

2277 3677 2418 3728 erant
2442 3673 2663 3727 similiter
2680 3677 2830 3740 atque
2851 3673 3127 3740 poemation
3144 3673 3279 3738 quod
3304 3676 3381 3726 est
3408 3672 3473 3726 de
3497 3674 3670 3726 tabula
3689 3676 3851 3741 jussu.

2276 3745 2535 3798 Theodosii
2556 3744 2763 3811 junioris
2794 3744 2925 3796 sacta
2947 3743 3028 3795 his
3066 3743 3302 3808 incipiens
3332 3744 3499 3795 verbis
3530 3764 3544 3794 ι
3570 3747 3688 3796 Hoc
3706 3759 3839 3810 opus

2277 3821 2568 3884 emtum,
2593 3830 2695 3882 quo
2724 3815 2913 3869 mundi
2948 3827 3160 3867 samma
3190 3816 3400 3866 tenetur
3424 3817 3521 3866 etc.
3555 3813 3668 3865 vid.
3693 3817 3833 3867 Poet.

2275 3887 2395 3940 min.
2428 3885 2506 3939 ed.
2536 3884 2842 3937 wernsdorf.
2874 3887 2997 3936 tom.
3028 3890 3075 3946 5,
3102 3897 3152 3949 p.
3183 3887 3293 3936 538.
3328 3883 3452 3934 Mira
3482 3885 3561 3934 est
3592 3884 3837 3936 sententia

2275 3956 2515 4010 nodweni
2530 3955 2581 4007 iu
2597 3956 2800 4007 Dissert.
2829 3957 2903 4006 De
2920 3953 3159 4018 Anonymi
3186 3951 3379 4016 Periplo
3403 3952 3552 4004 Ponti
3576 3954 3697 4004 Eux.
3724 3954 3755 4020 §
3784 3959 3834 4017 7,

2277 4025 2537 4092 quiAiypii
2561 4023 3081 4092 geographiam,quasi
3114 4021 3312 4074 musivo
3338 4035 3486 4087 opere
3514 4021 3837 4088 variegatam,
3884 4023 3892 4026 ”

2277 4099 2477 4153 alternis
2500 4095 2717 4148 oratione
2741 4095 2904 4146 soluta
2919 4096 2972 4146 et
2996 4091 3173 4144 iambis
3198 4090 3482 4143 tesselatum
3506 4091 3661 4143 ruisse
3671 4095 3834 4157 putat.

2273 4165 2640 4218 -Ammimus
2668 4170 2824 4228 23,1,
2846 4165 3010 4228 Μαι.
3051 4162 3180 4226 363)
3208 4161 3361 4212 refert
3382 4161 3637 4213 sulianum
3665 4163 3838 4228 Alypio

2275 4234 2604 4298 Antiochensi,
2631 4236 2720 4301 qui
2745 4235 2862 4287 olim
2887 4231 3161 4285 Britannias
3191 4232 3415 4283 curasset
3443 4243 3539 4296 pro
3568 4233 3835 4297 praesectis,

2275 4307 2701 4374 Hierosolymitani
2716 4305 2886 4373 templi
2898 4302 3203 4358 instaurandi
3228 4300 3480 4368 negotium
3506 4302 3719 4357 dedisse.
3752 4307 3840 4358 Ge-

2273 4385 2440 4436 tarum
2456 4384 2767 4447 Anonymum
2790 4381 3017 4431 nostrum
3041 4388 3203 4441 neque
3229 4373 3459 4440 Alypium
3494 4373 3650 4426 istum
3675 4389 3840 4442 neque

2274 4452 2428 4505 alium
2442 4449 2689 4517 quendam
2713 4445 3093 4500 Antiochensem
3117 4445 3275 4498 fuisse
3300 4457 3494 4497 censeo.
3525 4445 3719 4506 Quodsi
3744 4451 3840 4501 No-

2275 4527 2379 4576 ster
2400 4521 2590 4574 multus
2627 4521 2706 4572 est
2742 4521 2795 4572 in
2836 4517 3173 4572 describendis
3204 4517 3357 4581 Syrias
3394 4516 3622 4582 urbibus,
3651 4519 3841 4573 diutius

2273 4597 2443 4646 tamen
2470 4591 2761 4643 immoratur
2788 4588 3022 4642 laudibus
3046 4587 3370 4645 Alexandria.
3391 4589 3454 4639 ut
3470 4587 3552 4642 vel
3574 4593 3838 4656 propterea

2275 4669 2528 4718 auctorem
2545 4661 2922 4714 Alexandrinum
2939 4660 3106 4726 potius
3130 4659 3285 4710 fuisse
3309 4657 3590 4712 credideris.
3618 4662 3841 4728 Eamque

2275 4737 2558 4804 opinionem
2584 4733 2784 4786 firmant
2800 4734 2913 4784 tum
2929 4731 3111 4784 verba:
3136 4733 3314 4782 tamen
3334 4743 3463 4796 quos
3484 4729 3725 4784 videmus
3745 4735 3843 4784 mt-

2277 4821 2470 4862 ramur
2495 4805 2558 4872 (S
2583 4809 2643 4859 34
2671 4819 2722 4870 p.
2752 4808 2862 4866 519,
2887 4801 2975 4868 b),
3002 4804 3116 4854 tum
3130 4814 3250 4853 vero
3274 4800 3359 4852 illa
3392 4820 3407 4851 ι
3434 4803 3671 4854 Piscium
3698 4805 3841 4854 enim

2279 4879 2388 4929 tria
2410 4887 2602 4940 qenera
2624 4871 2913 4925 manducat
2939 4869 3309 4938 (Alexandria),
3338 4869 3482 4936 quod
3518 4869 3695 4924 altera
3714 4886 3871 4938 pro--

2279 4952 2460 5003 vincta
2487 4961 2596 4998 non
2626 4944 2810 5006 habet,
2842 4941 3142 5010 fluminale,
3168 4943 3446 5006 nawense
3477 4943 3527 4992 et
3564 4947 3839 4996 marinum

2281 5017 2350 5084 (S
2376 5023 2456 5080 35,
2480 5030 2534 5082 p.
2564 5022 2656 5069 520
2676 5013 2769 5078 a).
2791 5013 3044 5066 Hocenim
3068 5027 3167 5064 nou
3199 5011 3475 5077 scripsisset
3499 5012 3652 5065 homo
3677 5015 3843 5066 Antio·

2277 5087 2482 5150 chenus,
2512 5100 2674 5152 quum
2698 5083 2953 5138 Antiochia
2975 5097 3192 5149 quoque,
3221 5082 3420 5134 Libanio
3444 5085 3592 5146 teste,
3620 5085 3715 5136 tria
3742 5085 3840 5137 ista

2276 5155 2488 5222 piscium
2520 5169 2698 5223 genera
2721 5154 3056 5208 manducaret.
3089 5158 3254 5214 Quare
3279 5151 3386 5218 ipse
3403 5153 3557 5207 etiam
3582 5153 3822 5206 Gothosre

626 5232 701 5285 Cf.
734 5231 1005 5284 Salmasius
1021 5231 1074 5283 in
1093 5231 1322 5284 Historiis
1346 5234 1470 5296 Aug.
1503 5229 1834 5296 scriptoribus,
1859 5230 2012 5282 Paris.
2049 5233 2188 5294 1620,
2279 5227 2380 5280 dus
2404 5228 2455 5280 iu
2473 5230 2589 5279 nota
2613 5227 2676 5278 ad
2691 5225 2742 5278 h.
2763 5226 2960 5278 Lanam
2978 5225 3042 5278 de
3065 5223 3223 5293 patria
3242 5223 3493 5291 scriptoris
3509 5226 3837 5292 conjecturam

625 5317 676 5369 p.
707 5310 817 5358 450.

2279 5300 2331 5351 in
2347 5299 2551 5351 dubium
2564 5297 2826 5350 revocavit.
