4584 6284
1832 479 1927 539 PR
1937 478 2220 541 Iseum
2263 481 2727 547 Pttmmsssls.
3762 512 3779 547 ι
3795 508 3865 560 m

669 622 788 685 post
815 610 952 664 hanc
973 608 1248 664 Dalmatia
1264 608 1584 681 populorum
1603 610 1794 663 Martia
1816 609 1980 665 tellus.

671 705 742 756 At
764 699 948 754 laevam
978 698 1230 753 Ausoniae
1255 708 1530 771 porrectus
1557 698 1790 753 continet
1817 696 2034 753 isthmos
2050 738 2067 766 ,

669 806 828 860 quem
849 788 950 843 tria
973 785 1309 842 circumdant
1326 788 1492 843 maria
1512 787 1748 861 undique
1771 787 1920 843 litore
1945 806 2108 843 curvo
2125 826 2140 853 ,

515 875 638 955 (ιω)
667 876 1028 949 Tyrrhenum,
1058 873 1294 929 Siculum
1311 913 1330 941 ,
1353 893 1452 929 nec
1477 892 1586 929 non
1620 875 1777 929 simul
1815 874 2010 929 Hadria
2038 886 2228 929 vastus.

529 966 636 1017 105
665 962 886 1017 Finibus
912 973 970 1017 at
992 961 1224 1036 propriis
1245 973 1519 1034 exceptant
1539 961 1742 1033 singula
1760 973 1940 1017 ventos
1952 984 1969 1030 ς

663 1052 1008 1123 Tyrrhenum
1035 1050 1294 1124 zephyro,
1316 1050 1548 1105 Siculum
1573 1050 1666 1105 sed
1685 1048 1927 1105 tunditur
1947 1060 2126 1105 austro
2139 1089 2156 1116 ,

663 1136 866 1193 Hadria
886 1155 1206 1192 succurrens
1226 1154 1326 1192 eoo
1348 1136 1604 1208 frangitur
1619 1155 1768 1193 euro.

664 1228 738 1280 At
762 1234 885 1297 post
911 1224 1172 1277 Sicaniam
1192 1234 1360 1278 tractu
1383 1222 1704 1277 diffunditur
1723 1223 1828 1277 alto

515 1306 634 1387 (tos)
664 1312 734 1367 ad
756 1313 936 1385 Syrtin
962 1312 1199 1385 pelagus,
1231 1311 1438 1384 Libycis
1458 1330 1577 1384 quae
1601 1312 1829 1383 cingitur
1848 1312 1954 1366 oris
1969 1352 1984 1377 ,

520 1390 636 1448 ¹¹0
663 1400 955 1473 Majorem3
980 1411 1098 1473 post
1121 1418 1278 1472 quam
1305 1400 1484 1455 Minor
1507 1401 1701 1473 exeipit
1719 1418 1932 1471 aequora
1949 1400 2102 1471 longe

665 1497 823 1558 atque
847 1488 970 1541 sinu
995 1488 1204 1557 gemino
1233 1486 1524 1540 resonantia
1553 1485 1705 1540 litora
1727 1486 1953 1559 pulsant.

665 1575 884 1629 Finibus
904 1593 934 1629 a
955 1574 1140 1629 Siculis
1162 1576 1418 1629 Oetaeum
1445 1572 1680 1629 tenditur
1700 1592 1904 1646 aeqmr,

513 1655 635 1737 (uo)
665 1661 730 1717 ad
754 1662 878 1717 solis
904 1663 1115 1717 veniens
1139 1672 1316 1727 ortus,
1341 1660 1642 1717 Salmonida
1663 1680 1884 1735 poscens
1901 1700 1918 1729 ,

663 1748 856 1803 dicitur
875 1767 1002 1803 eous
1021 1750 1114 1821 qui
1137 1749 1302 1803 Creta
1317 1748 1574 1802 terminus
1594 1765 1724 1803 esse.

522 1833 634 1885 115
660 1836 786 1891 Post
811 1834 948 1889 hanc
968 1843 1046 1889 est
1064 1835 1332 1906 geminum
1359 1851 1506 1888 mare
1530 1844 1736 1888 vastum
1762 1833 2011 1889 fluctibus
2041 1834 2170 1888 atris
2186 1872 2204 1901 ,

661 1922 868 1978 flatibus
891 1922 1128 1977 Ismarici
1150 1922 1322 1977 borea
1347 1920 1492 1994 quod
1518 1920 1762 1976 tunditur
1781 1922 1914 1977 acris
1929 1961 1948 1989 ,

657 2009 747 2081 qui
774 2010 882 2064 ruit
905 2006 1156 2064 adversus
1180 2008 1325 2062 celsae
1351 2006 1420 2062 de
1443 2008 1682 2081 partibus
1700 2007 1853 2063 arcti.

450 2118 454 2121 ’
501 2081 627 2161 (11³)
655 2094 818 2166 Quod
837 2096 986 2169 prius
1005 2106 1086 2150 est
1107 2094 1358 2149 Pharium
1376 2092 1656 2168 perhibent
1670 2134 1686 2160 ,
1710 2092 1816 2148 hoc
1835 2094 1988 2149 litora
2015 2096 2180 2167 tangit

657 2182 940 2255 precipitis
959 2182 1100 2237 Casii
1126 2182 1320 2236 montis
1332 2201 1350 2249 3
1377 2191 1498 2253 post
1518 2178 1665 2234 unda
1687 2179 1918 2237 secunda

513 2263 626 2315 ¹20
657 2268 938 2326 Sidonium
961 2279 1042 2325 est
1061 2268 1303 2343 pelagus,
1325 2278 1566 2342 penetrat
1586 2286 1692 2341 qua
1721 2271 1924 2340 gurgite
1945 2283 2137 2343 pontus

654 2359 850 2414 Issicus
864 2397 883 2426 ,
906 2368 1110 2412 aretoas
1131 2356 1200 2411 ad
1217 2367 1389 2429 partes
1411 2373 1624 2428 aequore
1652 2374 1868 2427 vergens
1885 2398 1900 2423 ,

506 2427 631 2509 (¹²⁰)
663 2465 774 2503 non
797 2448 954 2518 longe
979 2456 1154 2500 rectus
1173 2484 1188 2511 ,
1210 2445 1432 2500 Cilicum
1451 2463 1574 2499 nam
1598 2444 1858 2517 frangitur
1881 2448 2014 2512 oris;

659 2536 788 2591 hinc
810 2534 1066 2609 zephyros
1091 2552 1342 2607 poscens,
1373 2533 1532 2589 veluti
1559 2534 1720 2589 draco
1739 2536 1966 2589 flectitur
1983 2539 2168 2601 undis,

659 2625 753 2696 qui
769 2622 900 2695 juga
923 2621 1256 2693 montivagus
1279 2630 1442 2675 vastat
1463 2620 1722 2693 silvasque
1748 2620 1944 2692 fatigat.

519 2709 630 2760 1205
657 2710 905 2767 Partibus
933 2710 1183 2765 extremis
1209 2707 1516 2782 Pamphylia
1541 2707 1808 2763 clauditur
1833 2710 1932 2764 isto
1953 2749 1969 2774 ‚

509 2780 626 2856 (¹²⁶)
655 2809 815 2871 atque
839 2797 1166 2853 Chelidoniae
1189 2814 1346 2869 rupes
1367 2798 1654 2868 cinguntur
1673 2795 1863 2851 eodem
1883 2819 1897 2863 3

655 2895 710 2939 at
733 2884 924 2958 procul
945 2884 1093 2939 hunc
1115 2884 1376 2957 zephyrus
1400 2881 1520 2937 finit
1541 2881 1814 2938 Patareide
1837 2902 2060 2938 summu.

720 2976 847 3029 Post
874 2973 988 3028 haec
1007 2984 1212 3028 aretoas
1231 2970 1299 3027 ad
1327 2982 1502 3045 partes
1524 2974 1700 3044 aspice
1719 2991 1906 3027 rut-sus

651 3060 886 3131 AEgaeum
900 3098 916 3125 ,
942 3069 1157 3131 superat
1175 3059 1268 3131 qui
1287 3056 1536 3113 fluctibus
1557 3076 1770 3131 aequora
1787 3067 1978 3113 cuncta
1989 3098 2006 3124 ,

519 3140 628 3193 130
653 3146 910 3219 dispersas
937 3156 1086 3201 vasto
1107 3146 1200 3217 qui
1228 3146 1432 3216 gurgite
1457 3142 1710 3217 Cycladas
1735 3145 1920 3201 ambit.

507 3223 626 3299 (1³5)
653 3232 928 3286 Ter-minat
949 3232 1094 3285 hunc
1117 3230 1328 3285 Imbros
1352 3230 1552 3303 pariter
1570 3231 1921 3304 Tenedosque
1945 3236 2192 3286 coercens
2206 3270 2227 3299 ,

655 3328 872 3388 angusta
893 3318 1120 3371 trahitur
1140 3334 1246 3389 qua
1272 3315 1422 3371 fauce
1446 3316 1787 3389 Propontidis
1816 3317 1960 3372 unda
1975 3358 1992 3383 ,

659 3402 786 3457 Asia
811 3420 970 3474 quam
995 3419 1150 3475 supra
1177 3400 1384 3475 populis
1410 3400 1734 3456 distenditur
1758 3402 1944 3475 amplis

657 3488 728 3543 ad
757 3490 958 3544 notiam
982 3500 1184 3562 partem
1202 3529 1218 3556 ,
1247 3508 1352 3562 qua
1375 3490 1508 3544 latus
1535 3487 1751 3545 ducitur
1769 3491 2007 3547 isthmos.

517 3580 542 3632 1
555 3580 628 3633 85
656 3577 936 3633 'flureicius
955 3578 1193 3650 sequitur
1213 3588 1330 3651 post
1351 3580 1616 3651 Bosporus
1630 3618 1647 3647 ,
1676 3580 1808 3634 ostia
1825 3581 1982 3635 Ponti
2004 3598 2019 3635 :

656 3666 761 3722 hoc
787 3665 990 3721 nullum
1013 3666 1290 3740 perhibent
1314 3677 1478 3721 terras
1499 3668 1768 3738 angustius
1792 3668 1936 3723 orbis

500 3744 624 3823 (tu)
655 3772 768 3809 esse
791 3754 982 3809 l'retum
1003 3752 1285 3822 dirimens;
1307 3754 1397 3809 hic
1421 3764 1546 3808 sunt
1562 3755 1930 3832 Symplegades
1955 3767 2098 3813 artae.

653 3839 914 3897 Panditur
939 3841 1066 3895 hinc
1088 3841 1244 3895 Ponti
1265 3840 1476 3913 pelagus
1490 3841 1694 3895 Titanis
1711 3840 1780 3896 ad
1799 3854 1946 3897 ortus
1961 3884 1978 3911 ‚

652 3928 805 4003 quod
825 3930 962 4003 petit
983 3928 1202 4002 obliquo
1225 3928 1440 3984 boream
1465 3929 1734 4003 solemque
1757 3943 1956 3987 meatu.

516 4027 624 4081 140
652 4020 795 4075 Hinc
813 4030 972 4092 atque
989 4019 1118 4074 hinc
1139 4016 1316 4073 medio
1333 4027 1654 4091 procurrunt
1676 4035 1890 4092 aequore
1915 4018 2070 4074 colles
2101 4038 2114 4073 :

504 4096 622 4179 (ιω)
651 4124 818 4176 unus,
849 4108 942 4180 qui
966 4107 1183 4161 veniens
1209 4108 1346 4163 Λεία
1371 4105 1439 4161 de
1461 4116 1610 4181 parte
1634 4106 1905 4162 Carambis

648 4194 847 4252 dicitur
871 4194 1141 4261 austmlis3
1165 4192 1260 4249 sed
1286 4204 1470 4249 contra
1487 4193 1684 4250 finibus
1703 4195 1834 4250 alter

647 4285 916 4358 prominet
936 4284 1166 4357 Europae
1182 4323 1199 4350 ,
1228 4282 1374 4337 hune
1397 4282 1530 4339 Criu
1553 4280 1738 4338 dixere
1762 4294 2030 4357 metopon.

647 4375 790 4444 Ergo
805 4373 1131 4428 conveniunt
1152 4370 1358 4426 adversi
1369 4410 1388 4439 ‚
1416 4372 1626 4444 gurgite
1648 4382 1798 4427 tanto

511 4466 619 4518 145
649 4459 897 4515 distantes
911 4500 928 4526 ,
952 4470 1212 4532 quantum
1229 4459 1392 4513 ternis
1415 4460 1638 4513 transire
1663 4456 1852 4513 diebus

503 4532 622 4615 (1³⁵)
649 4546 844 4602 evaleat
857 4546 1027 4601 navis.
1050 4546 1312 4600 Bimarem
1339 4546 1416 4599 sic
1439 4562 1651 4617 aequore
1675 4548 1906 4600 Pontum

651 4634 868 4705 aspicias
882 4674 898 4697 ‚
929 4632 1150 4687 similem
1175 4650 1342 4687 cornu
1364 4649 1474 4703 quo
1498 4632 1726 4685 flectitur
1748 4650 1902 4686 arcus

653 4738 818 4775 nervo
839 4732 1082 4774 curvatus
1103 4720 1348 4774 distento.
1374 4722 1603 4775 Dextera
1629 4738 1852 4773 nervum

654 4806 906 4861 assimilat
925 4824 941 4860 t
965 4817 1111 4861 recto
1129 4806 1354 4861 trahitur
1373 4824 1496 4860 nam
1514 4805 1650 4859 linea
1667 4804 1832 4860 ductu
1845 4845 1860 4872 ,

519 4896 628 4947 150
655 4906 806 4949 extra
833 4912 1022 4967 quam,
1051 4894 1267 4948 boream
1287 4892 1434 4967 quod
1455 4892 1692 4959 scandit,
1722 4894 1829 4948 sola
1856 4894 2152 4958 Carambin

505 4966 624 5044 (1⁰⁰)
654 4980 748 5034 sed
778 4979 1006 5035 formam
1028 4997 1198 5033 cornu
1221 4980 1492 5051 geminatis
1517 4980 1738 5034 flexibus
1756 4980 1867 5035 edit

648 5069 775 5125 litus
790 5111 806 5133 ‚
833 5068 982 5143 quod
1007 5072 1236 5125 Pontum
1261 5070 1420 5140 cingit
1435 5068 1536 5123 sub
1559 5080 1706 5141 parte
1721 5070 1949 5125 sinistra.

647 5160 712 5212 In
738 5176 898 5229 quam
927 5158 1132 5211 Maeotis
1151 5166 1428 5230 penetrans
1451 5157 1709 5230 aquilonis
1736 5155 1803 5209 ad
1829 5174 1979 5220 axes,

650 5262 809 5317 quam
829 5243 1056 5317 Scythiae
1079 5254 1257 5315 gentes
1279 5244 1606 5298 circumdant
1631 5244 1866 5315 undique
1892 5244 2020 5315 ripis
2037 5283 2053 5309 ,

513 5334 622 5390 155
651 5343 704 5387 et
729 5343 950 5388 matrem
978 5334 1134 5388 Ponti
1161 5332 1443 5405 perhibent
1463 5332 1720 5387 Maeotidis
1743 5332 1938 5387 undam
1965 5348 1979 5386 ε

2320 612 2513 669 scilieet
2540 613 2665 669 hinc
2688 617 2842 671 Ponti
2872 618 2947 671 vis
2968 620 3077 675 exit
3102 624 3305 695 gurgite
3325 625 3494 681 multo
3908 619 4027 701 (1⁸⁸)

2320 702 2659 759 Cimmerium
2687 716 2892 761 torrens
2918 726 3016 781 pcr
3040 712 3312 784 Bosporon
3330 753 3346 780 ,
3371 714 3459 771 hic
3480 715 3575 772 ubi
3594 720 3851 775 Taurum·

2320 789 2583 845 Cimmerii
2604 791 2783 863 gelidis
2809 793 3049 851 habitant
3069 797 3167 851 sub
3186 798 3381 856 linibus
3405 802 3597 861 imum.

2318 878 2445 932 Haee
2468 883 2625 935 maris
2640 892 2719 935 est
2738 884 2934 955 species
2950 924 2966 950 ‚
2988 885 3268 959 splendens
3286 890 3397 945 baec
3414 891 3585 948 forma
3604 895 3875 967 profundi.

2388 966 2542 1021 Nunc
2562 967 2656 1022 tibi
2675 968 2870 1025 telluris
2890 972 3127 1042 regiones
3148 976 3382 1031 carmine
3404 978 3634 1051 pendam
3648 1021 3665 1047 ‚
3916 986 4027 1041 160

2318 1060 2380 1106 ut
2402 1070 2583 1107 canas
2602 1055 2779 1110 animo
2804 1074 2915 1111 non
2946 1059 3077 1113 visas
3100 1060 3301 1117 lumine
3325 1073 3489 1119 terras
3503 1106 3521 1133 ,
3912 1070 4031 1151 (ηο)

2316 1150 2472 1211 atque
2492 1140 2684 1197 docens
2711 1144 2834 1199 alios
2857 1144 3083 1202 lauderis
3104 1160 3319 1221 pectore
3340 1151 3522 1209 docto.

2315 1227 2575 1299 Incipiens
2606 1229 2767 1303 Libye
2790 1236 3064 1305 tenuisque
3089 1253 3119 1289 a
3141 1237 3374 1310 Tethyos
3391 1238 3503 1293 und
3509 1242 3551 1295 is
3564 1281 3581 1307 ,

2316 1312 2554 1367 Oceanus
2578 1316 2761 1387 Tyrias
2781 1334 2883 1389 qua
2906 1318 3075 1391 pulsat
3092 1321 3295 1393 gurgite
3316 1324 3489 1379 Gades
3506 1365 3523 1391 ‚
3908 1330 4030 1415 (175)

2315 1396 2547 1453 tenditur
2566 1399 2635 1454 ad
2662 1404 2829 1457 notias
2852 1416 3025 1477 partes
3047 1416 3100 1461 et
3124 1408 3250 1462 solis
3277 1408 3345 1464 ad
3372 1422 3521 1465 ortus
3536 1453 3552 1476 ‚
3914 1420 4022 1475 165

2314 1496 2368 1541 et
2390 1506 2579 1543 mensae
2602 1490 2823 1545 sormam
2847 1492 3022 1548 reddit
3044 1497 3376 1552 mensoribus
3395 1501 3548 1565 artis,

2315 1591 2474 1645 quam
2500 1575 2714 1632 tradunt
2736 1588 2885 1633 terrae
2906 1598 3015 1635 non
3038 1600 3240 1655 :equam
3264 1586 3502 1657 margine
3524 1599 3733 1645 cuncta.

2311 1659 2582 1716 Terminat
2600 1661 2714 1718 baec
2733 1664 2862 1720 fines
2888 1668 3055 1723 Rubri
3080 1688 3249 1745 prope
3270 1672 3426 1729 litora
3442 1676 3593 1747 ponti

2312 1745 2443 1801 latos
2458 1788 2475 1815 ,
2496 1748 2801 1824 Ethiopum
2823 1755 3047 1827 populos
3068 1774 3203 1830 quos
3231 1758 3469 1831 possidet
3491 1760 3654 1829 alten

2314 1850 2472 1905 quem
2496 1836 2675 1891 calidis
2692 1836 2843 1909 juxta
2870 1844 3023 1896 terris
3044 1856 3334 1917 pascuntur
3354 1848 3591 1902 Erembi.
3914 1859 4025 1911 170

2313 1920 2421 1975 Has
2445 1921 2563 1995 pelli
2588 1924 2782 1980 similes
2806 1927 2957 1999 pardi
2982 1928 3161 1986 dixere
3182 1932 3387 2005 priores
3401 1958 3418 2002 ς
3916 1944 4037 2025 (tao)

2314 2016 2541 2081 namque
2562 2010 2733 2066 solum
2755 2015 2995 2086 squalens
3022 2016 3177 2072 urbes
3195 2017 3472 2092 distinguit
3492 2040 3679 2094 opacas
3704 2042 3719 2077 τ

2315 2094 2415 2149 hac
2438 2097 2577 2165 sitis,
2608 2098 2706 2153 hae
2727 2100 2921 2156 humor
2941 2101 3073 2157 latos
3095 2106 3327 2161 variatur
3345 2108 3399 2161 in
3418 2126 3590 2181 agros.

2316 2180 2421 2237 Sed
2444 2199 2699 2239 summam
2729 2186 2929 2260 Libyen
2948 2187 3185 2246 habitant
3205 2191 3275 2246 ad
3298 2194 3531 2267 Tethyos
3548 2194 3745 2263 undas,

2318 2268 2515 2326 Alcida
2532 2288 2635 2344 qua
2656 2284 2781 2329 sunt
2800 2285 2981 2331 statuae
2993 2316 3008 2343 ,
3032 2278 3301 2334 Maurusia
3320 2281 3519 2353 plebes.
3908 2280 3938 2339 1
3951 2288 4021 2340 75

2318 2358 2443 2411 Post
2464 2357 2559 2412 hos
2582 2360 2843 2415 immensae
2862 2362 3161 2419 Nomadum
3187 2365 3256 2421 de
3282 2368 3481 2424 semine
3508 2381 3716 2440 gentes,
3908 2374 4029 2454 (tas)

2318 2455 2475 2516 atque
2496 2446 2764 2519 Masaesylii
2784 2488 2799 2513 ,
2828 2466 2927 2503 nec
2952 2468 3061 2505 non
3084 2453 3327 2525 Massylia
3346 2453 3540 2527 proles.

2321 2533 2543 2587 Saltibus
2564 2535 2663 2589 hos
2683 2534 2829 2591 duris
2856 2556 3007 2611 asper
3028 2539 3273 2613 silvisque
3296 2554 3539 2614 vagantes

2322 2620 2489 2674 victus
2515 2619 2606 2676 alit
2626 2640 2759 2677 saeva
2779 2626 3025 2695 qum-‘itus
3046 2625 3188 2681 cede
3209 2626 3440 2683 ferarum
3468 2646 3484 2685 z

2321 2706 2515 2761 scilicet
2540 2708 2747 2780 ignaros
2770 2720 2935 2765 terras
2956 2714 3294 2784 proscindere
3310 2717 3491 2770 rastris
3505 2756 3523 2783 ,
3950 2730 4022 2781 80

2321 2792 2671 2867 agricolasque
2692 2796 2851 2851 boves
2876 2797 3120 2870 plaustris
3147 2799 3409 2857 domitare
3429 2804 3665 2870 sonoris;
3915 2798 4031 2879 (ιου)

2322 2896 2546 2951 namque
2562 2892 2739 2936 errant
2755 2901 3034 2939 nemorum
3049 2892 3144 2960 per
3168 2886 3363 2941 dumos
3385 2906 3535 2943 more
3556 2889 3784 2944 serarum

2322 2966 2471 3035 Quos
2498 2985 2663 3040 prope
2685 2968 2976 3025 tenduntur
3002 2970 3128 3027 fines
3153 2972 3483 3045 Carthaginis
3504 2974 3648 3040 altas,
3913 2984 4039 3065 (tas)

2318 3063 2594 3125 perpetuas
2619 3056 2793 3127 Tyriis
2814 3056 3043 3111 celebrat
3067 3076 3183 3130 quae
3201 3059 3414 3115 condita
3427 3060 3641 3128 laudes;

2319 3156 2423 3211 qua
2448 3158 2669 3212 regnans
2698 3142 2819 3197 l’elix
2843 3144 2987 3198 Dido
3011 3163 3107 3217 per
3130 3145 3317 3200 secula
3342 3149 3503 3213 vivit,
3916 3154 4026 3205 185

2318 3238 2473 3301 atque
2493 3232 2797 3302 pudicitiam
2820 3250 2929 3286 uon
2952 3231 3129 3304 perdit
3151 3234 3386 3288 carmine
3410 3234 3553 3293 ficto,

2316 3316 2467 3371 Hanc
2486 3318 2663 3371 Minor
2690 3319 2984 3390 insequitur
3010 3319 3172 3391 Syrtis
3188 3359 3204 3386 ,
3234 3320 3511 3393 Majorque
3528 3324 3785 3387 secunda,
3918 3319 4041 3399 (που)

2315 3420 2423 3473 qua
2448 3414 2625 3458 tumor
2647 3406 2929 3459 immensus
2954 3404 3217 3477 Tyrrheni
3238 3406 3453 3479 pellitur
3482 3419 3638 3463 aestus
3653 3449 3671 3476 ,

2314 3507 2648 3562 accessusque
2669 3489 2797 3545 furit
2820 3492 3075 3563 siccisque
3101 3508 3335 3546 recessus
3360 3495 3551 3551 arenis,

2314 3580 2411 3634 Ast
2428 3580 2563 3633 inter
2578 3579 2754 3651 Syrtes
2770 3578 2898 3632 urbs
2918 3589 2997 3632 est
3012 3618 3027 3643 ,
3057 3596 3217 3651 quam
3236 3582 3454 3635 nomine
3473 3580 3662 3638 dicunt
3912 3602 4025 3655 190

2311 3682 2421 3719 esse
2439 3665 2584 3719 Nean
2606 3664 2768 3739 polin.
2791 3666 2941 3719 Hanc
2966 3683 3125 3737 supra
3138 3663 3430 3737 justissima
3458 3666 3627 3723 fertur
3910 3673 4033 3753 (ρας)

2310 3749 2547 3822 hospitiis
2568 3748 2799 3821 gaudens
2819 3768 2945 3820 gens
2966 3748 3156 3821 degere
3178 3751 3635 3824 Lotophagorum.

2309 3839 2421 3893 Hos
2440 3836 2559 3891 lieet
2578 3836 2647 3891 ad
2663 3836 2793 3891 fines
2816 3835 3045 3891 desertas
3072 3855 3288 3893 cea-nere
3313 3849 3478 3894 terras
3496 3879 3513 3904 ,

2310 3926 2576 3983 exstinctis
2596 3926 2804 4000 populis
2820 3925 3177 3982 Nasamonum
3196 3937 3365 3982 marte
3392 3929 3605 3986 Latine.
3849 3997 3859 4005 ,
3909 3932 4035 4011 (aro)

2314 4014 2544 4087 Asbystae
2568 4023 2688 4086 post
2709 4014 2809 4067 hos
2836 4022 3098 4067 terrarum
3120 4030 3249 4067 rura
3271 4023 3507 4068 tenentes
3912 4032 4022 4083 195

2311 4106 2369 4159 in
2394 4102 2597 4166 medio,
2622 4119 2857 4157 summus
2880 4101 3091 4175 Libycis
3109 4111 3164 4155 et
3183 4101 3427 4173 gentibus
3446 4106 3676 4158 Ammon
3693 4146 3709 4169 ,

2312 4210 2410 4247 nec
2427 4210 2535 4247 non
2555 4192 2757 4264 Cyrene
2776 4189 3039 4245 clarorum
3060 4199 3231 4243 mater
3248 4206 3509 4263 equorum
3522 4231 3539 4257 ,

2314 4280 2459 4336 urbis
2484 4278 2753 4352 Amyclaeae
2772 4278 2997 4352 populus
3018 4295 3177 4351 quam
3200 4278 3441 4333 condidit
3458 4281 3604 4335 olim.

2312 4367 2641 4424 Marmaridae
2658 4378 2779 4441 post
2803 4368 2899 4423 hos
2924 4368 3133 4442 AEgypti
3156 4366 3226 4424 ad
3248 4368 3470 4425 flumina
3488 4381 3728 4439 vertunt,

2314 4456 2606 4529 Gaetdique
2630 4474 2787 4529 super
2810 4466 2935 4510 sunt
2961 4456 3222 4528 vicinique
3240 4457 3497 4529 Nigretes.
3905 4470 3930 4515 2
3944 4466 4020 4518 00

2314 4544 2580 4599 Continuo
2599 4553 2722 4615 post
2744 4542 2841 4596 hos
2866 4542 3109 4613 sequitur
3128 4543 3422 4598 Phaurusia
3447 4543 3618 4600 tellus.
3904 4548 4024 4629 (κιο)

2313 4634 2463 4687 Hanc
2481 4630 2717 4686 habitant
2727 4628 2879 4702 juxta
2898 4631 3239 4685 Garamantes
3265 4630 3499 4686 Debride
3519 4633 3676 4698 clari,

2312 4737 2430 4791 quae
2453 4727 2662 4791 superat
2684 4727 2897 4772 cunctas
2917 4716 3043 4770 urbs
3064 4718 3201 4772 miro
3223 4734 3444 4772 munere
3466 4718 3625 4773 sontis
3639 4761 3655 4784 ,

2312 4807 2505 4879 frigore
2530 4806 2621 4878 qui
2648 4806 2815 4859 noctis
2838 4804 3001 4859 servet
3026 4804 3301 4859 calefactus
3326 4818 3380 4859 et
3398 4806 3603 4861 umbris
3622 4848 3637 4875 ,

2310 4904 2363 4949 at
2390 4893 2511 4948 solis
2533 4892 2685 4964 friget
2704 4890 2864 4947 radiis
2884 4890 3108 4963 glacialis
3129 4901 3183 4945 et
3204 4892 3335 4963 igni.
3902 4889 4012 4940 205

2309 4977 2569 5035 Omnibus
2595 4988 2825 5032 extrema
2846 4976 3053 5049 populis
3074 4976 3395 5031 clauduntur
3419 4978 3473 5030 in
3500 4996 3597 5032 ora

2306 5066 2603 5138 AEthiopes,
2633 5063 2822 5136 Libyes
2848 5063 2941 5117 ubi
2966 5062 3086 5117 finit
3107 5063 3261 5117 litora
3288 5062 3459 5117 Cerne
3476 5104 3492 5129 ‚

2308 5154 2575 5209 Oceanum
2598 5152 2763 5206 nimio
2790 5168 2915 5222 (μω
2926 5149 3099 5223 pulsat
3118 5148 3226 5204 sole
3250 5149 3525 5205 calentem.
3900 5146 4019 5223 (220)

2265 5230 2280 5244 ⁶
2306 5242 2417 5295 Nee
2440 5239 2591 5311 longe
2617 5238 2815 5293 servent
2833 5238 3170 5310 Blemyorum
3192 5237 3411 5291 collibus
3432 5239 3567 5309 agri.

2306 5329 2443 5381 Hinc
2468 5326 2611 5380 fluvii
2636 5325 2841 5398 pinguis
2866 5323 3195 5379 descendunt
3218 5324 3443 5379 flumina
3462 5323 3570 5378 Nm
3891 5328 4012 5382 ato
