4584 6284
692 494 804 542 54⁴

685 612 775 670 καὶ
800 611 959 671 πάλιν
986 612 1295 684 ὑπονοστεῖ,
1332 611 1429 680 ἕως
1456 614 1676 673 ἐλθοῦσα
1700 612 1831 690 πρὸς
1854 612 1951 682 τὰς
1988 616 2243 686 ἀνατολὰς

682 697 933 778 ζῳδιακὸν
954 696 1224 776 διάστημα
1251 700 1443 765 τελέως
1466 701 1656 781 ῥηχίαν
1678 698 1853 780 σχοίη.
1939 692 2074 762 Εἶτα
2099 705 2151 761 ἐν
2175 709 2242 783 τῇ

683 784 845 867 ρηχία
876 784 1020 862 μένει
1038 831 1056 865 ,
1081 785 1177 854 ἕως
1202 786 1266 847 ἂν
1306 789 1491 869 ὑψωθῇ
1515 793 1606 847 τοῦ
1632 792 1885 868 ὁρίζοντος
1910 789 1971 847 τὸ
1994 792 2241 869 ζῳδιακὸν

680 875 944 952 διάστημα
962 896 975 912 ·
1000 874 1092 933 καὶ
1120 872 1290 942 οὕτως
1315 878 1438 934 καθ’
1462 877 1688 948 ἑκάστην
1728 875 1927 954 γίνεται
1956 876 2155 958 ἡμέραν
2189 877 2241 947 ἐξ

681 964 868 1025 ἀϊδίου.
954 962 1027 1023 Ἤ
1054 961 1111 1020 δὲ
1133 962 1358 1041 μηνιαία
1384 962 1584 1042 γίνεται
1612 964 1800 1031 οὕτως·
1824 964 2163 1023 ἕπιτείνονται
2186 971 2242 1026 αἱ

677 1048 1050 1128 αὖξομειῶσεις
1094 1051 1218 1131 περὶ
1264 1050 1363 1121 τὰς
1414 1050 1653 1121 συνόδους
1704 1052 1795 1113 καὶ
1850 1052 2203 1126 πανσελήνους
2220 1100 2239 1133 ,

676 1148 946 1219 μειοῦνται
988 1138 1047 1199 δὲ
1095 1141 1218 1219 περὶ
1265 1140 1363 1213 τὴν
1403 1140 1683 1222 διχότομον
1726 1142 1996 1223 ἑκατέραν.
2078 1143 2147 1203 Ἢ
2191 1143 2237 1202 δ’

673 1229 975 1292 ἐνιαυσιαία
1021 1226 1223 1307 γίνεται
1250 1230 1446 1299 οὕτως·
1475 1232 1595 1311 περὶ
1638 1231 1730 1298 τὰς
1761 1231 1957 1308 τροπὰς
1996 1232 2242 1312 ἑκατέρας

673 1323 767 1378 τοῦ
792 1316 946 1391 ἡλίου
967 1316 1317 1379 ἐπιτείνονται
1336 1321 1393 1377 αἱ
1415 1318 1777 1397 αὔξομειώσεις
1798 1324 1905 1404 τῶν
1928 1320 2240 1397 α’μπώτεων,

680 1408 805 1489 περὶ
838 1404 893 1468 δῖ
939 1405 1035 1476 τὰς
1082 1406 1366 1487 ἰσημερίας
1394 1407 1644 1488 ἑκατέρας
1687 1414 1950 1484 μειοῦνται
1978 1407 2239 1489 ἐσχάτως·

674 1496 944 1554 καὶτοῦτο
969 1493 1053 1554 ἀεὶ
1080 1494 1298 1574 γίνεται.
1385 1496 1558 1557 Πάλιν
1588 1497 1644 1555 δὶ
1673 1499 1765 1567 τῆς
1795 1496 2014 1569 σελήνης
2042 1501 2095 1557 ἐν
2136 1506 2241 1566 τοῖς

671 1590 941 1663 τροπικοῖς
970 1582 1194 1662 [οὔσης]
1224 1583 1425 1663 ζῳδίοις
1448 1584 1749 1661 ἀνωμαλίαν
1771 1575 2027 1646 εἶναιτῶν
2049 1586 2240 1663 ἀμπώ·

672 1696 807 1732 τεων
830 1672 921 1730 καὶ
949 1674 1180 1750 πλημῶν
1205 1674 1286 1753 τῷ
1314 1697 1372 1731 τε
1392 1676 1541 1754 τάχει
1572 1672 1662 1732 καὶ
1692 1675 1771 1755 τῷ
1800 1673 1985 1745 πλήθει
2010 1678 2113 1733 τῶν
2135 1678 2238 1734 αὗ-

673 1758 1003 1839 ξομειώσεων
1022 1804 1039 1833 ,
1084 1763 1137 1820 ἐν
1177 1762 1233 1821 δὲ
1268 1762 1374 1828 τοῖς
1415 1764 1729 1843 ίσημερινοῑς
1774 1764 2000 1842 ὃμαλίαν
2049 1785 2107 1822 τε
2146 1762 2237 1823 καὶ

675 1847 949 1919 εὐταξίαν,
980 1851 1033 1909 ἐν
1061 1848 1117 1909 δὲ
1144 1856 1253 1917 τοῖς
1280 1850 1547 1926 διαμὲσοις
1568 1848 1759 1927 μεταξὺ
1782 1850 1998 1912 τούτων.

1336 2056 1573 2079 ⁶-O-0

996 2243 1907 2324 ΧΡΗΣΤΟΜΑΘΕΙΑΙ

747 2432 851 2492 ΕΚ
893 2430 1051 2491 ΤΩΝ
1094 2431 1551 2491 ΣΤΡΑΒΩΝΟΣ
1590 2432 2143 2494 ιῈΩΓΡΑψιιιαΝ

1270 2588 1523 2637 memor
1552 2592 1620 2637 A'.

738 2747 784 2790 ι.
853 2725 985 2789 Ὀτι
1036 2730 1131 2787 οὐκ
1179 2727 1291 2789 ἔστι
1340 2728 1551 2790 πάντων
1594 2732 1696 2790 τῶν
1755 2733 1971 2792 Κελτῶν
2026 2758 2051 2786 κ
2102 2732 2229 2810 ὁμὸς

650 2816 799 2897 θρόος
818 2817 929 2876 οὔδ’
957 2814 1015 2874 ἴα
1045 2822 1223 2895 γῆρυς.
1253 2842 1277 2869 ι

732 2926 783 2969 s.
822 2902 958 2967 Ὅτι
975 2904 1031 2965 el
1055 2904 1295 2977 Ἄλπεις,
1334 2904 1441 2965 ἀπὸ
1469 2909 1561 2979 τῆς
1590 2910 1911 2987 Λιγυστικῆς
1937 2906 2228 2990 ἀρξάμεναι

655 2993 924 3065 Θαλάσσης
940 3037 956 3066 ,
982 2992 1071 3055 ἐπὶ
1099 2991 1193 3061 τὰς
1214 2998 1304 3053 τοῦ
1335 2991 1531 3067 Ῥήνου
1556 2993 1818 3065 διήκουσιν
1840 2994 2083 3063 ζκὸολῖείς.

735 3101 782 3142 8.
821 3078 1039 3141 Ὀτιτὸ
1068 3080 1349 3159 Κέμμενον
1388 3081 1507 3162 ὅρος
1545 3079 1676 3161 πρὸς
1702 3081 1855 3163 ὀρθὰς
1883 3081 2074 3160 γωνίας
2116 3083 2231 3142 ἐστὶ

655 3171 723 3248 τῇ
747 3165 970 3249 Πυρήνῃ
992 3210 1010 3241 ,
1056 3171 1225 3244 μῆκος
1248 3167 1369 3247 ἔχον
1406 3168 1531 3247 περὶ
1561 3169 1746 3227 στάδια
1771 3171 1849 3251 fi,
1876 3170 1966 3229 καὶ
2006 3168 2233 3228 παύεται

656 3254 779 3335 περὶ
825 3254 1152 3335 Λούγδουνον
1192 3258 1344 3315 πόλιν
1390 3256 1519 3335 πρὸς
1572 3257 1850 3323 ἀνατολάς.
1954 3259 2025 3317 Οἱ
2054 3254 2109 3316 δὲ
2138 3261 2233 3328 τῆς

659 3365 717 3401 τε
735 3342 988 3423 Πυρήνης
1018 3343 1109 3419 καὶ
1136 3346 1242 3402 τῶν
1280 3342 1574 3422 Κεμμένων
1599 3342 1728 3425 πρὸς
1758 3348 1951 3424 βορρᾶν
1980 3344 2235 3412 οἰκοῦντες

662 3428 760 3497 ἕως
788 3436 880 3490 τοῦ
922 3433 1155 3490 ὠκεανοῦ
1186 3430 1479 3492 Ἀκυῖτανοὶ
1511 3433 1827 3507 καλοῦνται,
1870 3431 2234 3515 ἀφοριζόμενοι

661 3524 739 3599 τῷ
770 3518 977 3602 Λίγειρι
1002 3522 1229 3602 ποταμῷ
1253 3519 1359 3580 ἀπὸ
1383 3518 1821 3598 Λουγδουνησίας.

742 3627 791 3669 ε.
847 3606 978 3670 Ὀτι
1019 3616 1167 3667 πᾶσα
1219 3608 1407 3691 σχεδὸν
1458 3613 1495 3682 ἡ
1540 3606 1774 3681 Κελτικὴ
1826 3616 2082 3688 ποταμοῖς
2122 3611 2233 3669 ἐστι

662 3694 1007 3777 κατάρρυτος.
1108 3695 1296 3765 Οὕτως
1322 3696 1379 3757 δὲ
1424 3699 1475 3757 οἱ
1503 3697 1733 3775 ποταμοὶ
1774 3698 1973 3778 εὖφυῶς
2003 3708 2203 3759 κεῖνται
2218 3745 2233 3773 ,

662 3784 801 3846 ὥστε
828 3786 935 3848 ἀπὸ
960 3791 1053 3846 τοῦ
1074 3786 1311 3847 ὠκεανοῦ
1358 3788 1431 3855 εἶς
1456 3785 1552 3861 τὴν
1593 3786 1698 3847 ἔσω
1726 3787 1996 3848 θάλασσαν
2022 3784 2114 3846 καὶ
2141 3785 2235 3863 ἔμ-

657 3876 821 3937 παλιν
849 3874 917 3935 τὰ
946 3873 1133 3957 φορτία
1157 3874 1247 3936 διὰ
1262 3878 1367 3937 τῶν
1394 3880 1648 3954 ποταμῶν
1671 3880 1719 3937 οἱ
1745 3876 1967 3958 ἔμποροι
1989 3876 2231 3937 διαὸιὸἄ·

664 3965 868 4037 ζουσιν,
896 3964 1091 4041 ὀλίγων
1123 3967 1278 4024 τινῶν
1309 3966 1520 4046 χωρίων
1558 3968 1690 4046 πεζῇ
1722 3965 2026 4043 κομίζεσθαι
2056 3967 2229 4044 ἀναγ-

661 4050 943 4122 καζόντων.
977 4045 1136 4113 Ἔστι
1170 4051 1227 4112 δὲ
1251 4054 1344 4112 καὶ
1370 4052 1884 4133 πολυανθρωποτάτῃ
1917 4057 1953 4125 ἡ
1998 4053 2227 4124 Κελτικὴ

660 4138 753 4200 καί
781 4138 1012 4222 εὔφορος·
1043 4140 1169 4221 περὶ
1204 4140 1261 4200 δὲ
1297 4140 1566 4220 Νάρὸωνα
1590 4143 1681 4201 καὶ
1710 4140 1804 4214 τὴν
1828 4140 2095 4221 παραλίαν
2142 4145 2229 4202 αὗ·

665 4230 757 4298 τῆς
784 4226 881 4295 ἴως
906 4228 1012 4285 τῶν
1048 4226 1340 4305 Κεμμένων
1385 4227 1684 4309 ἔλαιόφυτός
1728 4232 1873 4301 ἐστι,
1902 4226 1971 4285 τὰ
2016 4227 2071 4286 δὲ
2100 4228 2229 4308 πρὸς

666 4316 857 4394 βορρᾶν
906 4312 1157 4395 προῖόντα
1202 4315 1263 4374 ἐκ
1306 4321 1400 4377 τοῦ
1447 4314 1565 4375 κατ’
1601 4314 1773 4395 ὀλίγον
1814 4313 1931 4375 οὐδὲ
1986 4312 2226 4394 ἄμπελον

659 4400 693 4459 ἔ
730 4425 795 4461 ει.

690 4425 789 4549 χε.
832 4485 964 4551 Ὅτι
990 4493 1025 4561 ἡ
1053 4490 1422 4571 Ναρὸωνησία
1440 4493 1995 4575 παραλληλόγραμμον
2029 4492 2142 4574 ἔχει
2164 4493 2225 4554 τὸ

654 4579 869 4655 σχῆμα·
900 4566 975 4637 ὃν
1013 4579 1049 4648 ἡ
1092 4576 1239 4637 νοτία
1280 4576 1520 4639 θάλασσα
1562 4579 1652 4638 καὶ
1698 4579 1759 4640 τὸ
1788 4580 2068 4657 Κέμμενον
2106 4578 2224 4660 ὄρος

660 4661 760 4730 ἕως
788 4666 895 4726 τῶν
920 4662 1160 4725 Ἄλπεων
1188 4667 1245 4725 αἱ
1286 4666 1610 4741 ἀπεναντίον,
1638 4671 1671 4740 ἡ
1702 4666 1756 4728 δὲ
1793 4667 2015 4749 Πυρήνη
2046 4666 2140 4727 καὶ
2165 4670 2221 4726 αἱ

656 4749 873 4822 Ἄλπεις
900 4755 957 4814 αῖ
980 4753 1161 4815 λοιπαὶ
1188 4753 1278 4814 δύο
1302 4754 1623 4816 ἀπεναντίον·
1642 4755 1915 4836 διορίζεται
1936 4754 1993 4817 δὲ
2020 4758 2055 4827 ἡ
2080 4758 2223 4835 Ναρ-

658 4838 869 4909 6ωνῖτις
892 4840 1047 4923 χώρα
1091 4840 1195 4903 ἀπὸ
1237 4848 1331 4917 τῆς
1368 4844 1597 4911 Ἰταλίας
1623 4846 1699 4926 τῷ
1722 4843 1917 4926 Οὐάρῳ
1953 4845 2180 4919 ποταμῷ
2200 4886 2218 4918 ,

656 4926 765 4989 ἀπὸ
784 4929 840 4989 δὲ
862 4936 958 5004 τῆς
984 4929 1220 5011 Ἶὸηρίας
1254 4935 1330 5014 τῷ
1357 4934 1482 5015 ἱερῷ
1506 4938 1605 5007 τῆς
1646 4933 1948 5013 Πυρηναίας
1989 4929 2221 5013 Ἀφροδί·

652 5038 766 5087 της·
795 5016 889 5076 καὶ
934 5017 1048 5078 ἔστι
1091 5018 1287 5097 μεταξὺ
1331 5027 1424 5081 τοῦ
1472 5021 1795 5103 Ἀφροδισίου
1833 5020 1924 5080 καὶ
1978 5023 2083 5079 τῶν
2124 5025 2219 5079 τοῦ

638 5097 869 5185 Οὐάρου
896 5112 1141 5186 ποταμοῦ
1170 5106 1400 5170 ἕκὸολῶν
1430 5113 1464 5182 ἦ
1492 5112 1727 5191 παραλία
1756 5109 1944 5169 στάδια
1971 5106 2109 5192 ,βψ’.

1938 482 2616 545 cnnsss'rom‘rfflffi
2675 556 2679 559 ς

2325 615 2585 680 exundat,
2612 614 2786 669 donec
2810 616 2934 669 luna
2959 616 3060 670 sub
3084 616 3270 671 tdlure
3305 618 3364 671 in
3388 619 3496 672 imo
3523 618 3640 672 coeli
3667 620 3734 672 sit
3750 658 3765 683 ,
3805 637 3900 690 po·

2327 714 2434 757 stea
2461 701 2654 755 iterum
2682 698 2913 768 recedit,
2939 699 3112 756 donec
3145 701 3272 756 luna
3310 703 3367 755 in
3409 712 3586 757 ortum
3621 721 3899 777 progressa

2327 803 2434 840 uno
2459 786 2613 855 signo
2631 784 2701 838 ab
2725 785 3002 839 horizonte
3018 785 3281 851 abfuerit;
3319 796 3436 841 tum
3459 790 3698 844 consistit
3727 790 3900 844 donec

2324 888 2481 943 supra
2499 870 2828 924 horizontem
2847 871 2980 939 signi
3009 868 3290 923 altitudine
3316 870 3550 927 elevatur
3575 873 3724 930 luna.
3797 882 3898 931 At-

2323 971 2428 1026 que
2467 954 2536 1009 ad
2582 955 2727 1009 hunc
2773 952 2996 1008 modum
3028 953 3248 1025 singulis
3275 953 3331 1008 id
3366 954 3555 1010 diebus
3589 955 3658 1011 ab
3701 968 3898 1015 aeterno

2324 1040 2606 1109 peragitur.
2679 1040 2989 1092 Menstruus
3021 1055 3148 1091 vero
3173 1047 3352 1091 motus
3378 1039 3449 1092 ita
3479 1038 3542 1093 fit
3569 1057 3586 1096 ε
3613 1040 3900 1095 intendun-

2327 1136 2413 1179 tur
2439 1140 2696 1195 aquarum
2722 1124 3044 1175 incrementa
3073 1131 3128 1175 et
3150 1120 3486 1178 decrementa
3511 1126 3654 1179 cirea
3685 1126 3896 1180 novilu-

2328 1206 2412 1259 nia
2436 1215 2490 1259 et
2513 1204 2831 1277 plenilunia;
2857 1204 3202 1258 remittuntur
3224 1216 3406 1259 autem
3443 1206 3500 1259 in
3532 1206 3891 1278 quadraturis.

2331 1294 2550 1345 Annuus
2591 1292 2662 1343 ita
2690 1288 2750 1342 fit
2791 1304 2804 1341 ι
2847 1288 2987 1341 circa
3027 1288 3248 1343 solstitia
3283 1306 3522 1345 accessus
3557 1308 3896 1365 recessusque

2323 1385 2609 1448 augentur-3
2633 1374 2770 1428 circa
2786 1374 3164 1445 aequinoctium
3185 1383 3473 1445 utrumque
3491 1376 3722 1429 maxime
3737 1361 3896 1431 dimi·

2327 1468 2564 1512 nuuntur
2600 1476 2615 1513 ι
2646 1467 2700 1511 et
2724 1457 2828 1512 hoc
2867 1467 3123 1530 perpetuo
3163 1458 3244 1514 fit.
3319 1463 3521 1514 Rursus
3546 1470 3728 1515 autem
3763 1462 3894 1517 dnm

2326 1536 2450 1592 luna
2491 1539 2546 1591 in
2585 1538 2806 1610 tropicis
2831 1537 2993 1607 signis
3031 1547 3290 1606 versatur,
3320 1539 3646 1611 inaequalitas
3679 1551 3897 1613 apparet

2322 1634 2557 1670 accessus
2576 1630 2737 1689 atque
2766 1634 3001 1671 recessus
3023 1626 3138 1670 tum
3163 1616 3426 1673 celeritate
3453 1628 3568 1673 tum
3601 1622 3896 1691 quantitate

2323 1698 2800 1769 reciprocationum
2819 1717 2836 1765 ;
2858 1698 2914 1750 in
2934 1697 3391 1768 oequinoctialibus
3409 1716 3535 1752 vero
3553 1710 3606 1754 et
3625 1699 3894 1771 equalitas

2323 1785 2402 1829 est
2425 1786 2480 1830 et
2507 1775 2644 1832 ordo
2682 1777 3038 1842 constantior-3
3079 1778 3136 1829 in
3177 1779 3364 1831 ceteris
3400 1777 3578 1833 medio
3604 1780 3745 1834 inter
3783 1781 3897 1836 baec

2323 1852 2503 1908 modo.

2989 2052 3248 2072 -οοα-

2671 2258 3544 2343 CHRESTOMATHIAE

2455 2434 2503 2493 Ε
2552 2434 2978 2497 STRABONIS
3029 2434 3762 2501 GEOGBAPfflcoRUM

2949 2592 3133 2641 LIBRO
3171 2594 3258 2644 IV.

2391 2750 2408 2785 ι
2424 2773 2440 2789 .
2479 2734 2601 2788 Non
2641 2736 2885 2789 omnium
2911 2735 3176 2791 Celtarum
3227 2736 3414 2793 eadem
3465 2750 3542 2795 est
3587 2740 3764 2811 lingua
3797 2754 3893 2796 aut

2315 2838 2418 2877 una
2446 2821 2671 2895 loquela.

2385 2926 2439 2963 α.
2479 2908 2656 2981 Alpes,
2677 2926 2710 2962 a
2733 2909 3002 2979 Ligustico
3030 2910 3162 2963 mari
3181 2910 3335 2965 initio
3359 2923 3572 2985 sumpto
3588 2951 3605 2978 ,
3627 2930 3794 2985 usque
3819 2915 3886 2968 ad

2320 2997 2490 3051 Rheni
2512 2996 2644 3051 ostia
2669 3006 3012 3068 procurrunt.

2387 3085 2440 3142 3.
2479 3086 2798 3140 Cemmenus
2821 3102 2975 3138 mons
3001 3087 3219 3156 Pyrene
3245 3086 3418 3139 monti
3442 3085 3512 3141 ad
3533 3099 3704 3144 rectos
3725 3108 3886 3161 angu-

2315 3172 2392 3226 los
2415 3182 2494 3227 est
2516 3173 2646 3226 situs
2662 3212 2679 3236 ,
2717 3170 3104 3242 longitudinem
3144 3172 3348 3227 habens
3385 3173 3468 3228 bis
3511 3176 3653 3230 mille
3673 3178 3884 3233 circiter

2317 3258 2641 3324 stadiorum;
2683 3257 2878 3312 desinit
2911 3276 3078 3333 prope
3127 3258 3452 3331 Lugdunum
3481 3262 3669 3319 urbem
3708 3283 3888 3321 versus

2317 3358 2515 3404 ortum.
2546 3348 2654 3417 Qui
2685 3366 2717 3403 a
2734 3350 2938 3419 Pyrene
2961 3358 3017 3401 et
3042 3358 3226 3403 monte
3251 3352 3541 3406 Cemmeno
3567 3370 3749 3407 versus
3785 3354 3886 3409 bo-

2319 3454 2461 3491 ream
2481 3436 2723 3491 habitant
2743 3452 2911 3507 usque
2936 3432 3006 3489 ad
3032 3454 3287 3491 oceanum
3307 3440 3560 3510 Aquitani
3590 3439 3720 3495 dieti
3735 3482 3752 3506 ,
3777 3440 3888 3495 dis·

2321 3524 2670 3578 terminantur
2688 3541 2720 3578 a
2748 3522 3093 3595 Lugdunensi
3115 3522 3285 3578 Gallia
3312 3524 3487 3595 Ligeri
3514 3526 3752 3583 flumine.

2388 3617 2444 3679 4.
2479 3613 2736 3667 Universa
2757 3610 2867 3668 fere
2885 3610 3054 3669 Gallia
3073 3612 3382 3666 fluminibus
3399 3625 3734 3686 permeaturg
3755 3628 3884 3671 sunt

2317 3711 2493 3755 autem
2519 3709 2623 3755 tam
2647 3701 2882 3774 apposite
2903 3701 3004 3755 sita
3026 3700 3338 3767 eafluminn,
3361 3712 3420 3756 ut
3437 3720 3601 3758 onera
3627 3706 3884 3759 mercium

2317 3788 2384 3842 ab
2409 3806 2607 3845 oceano
2651 3789 2708 3844 in
2733 3788 3209 3854 mediterraneum,
3225 3794 3294 3843 'et
3332 3790 3399 3845 ab
3422 3791 3527 3846 boc
3567 3793 3796 3848 vicissim
3823 3795 3882 3848 in

2316 3895 2570 3932 oceanum
2595 3876 2864 3933 transferri
2890 3877 3120 3949 possint.
3143 3879 3324 3951 paucis
3349 3878 3667 3950 quibusdam
3693 3898 3885 3953 exeep-

2319 3967 2382 4021 tis
2411 3966 2538 4020 locis
2563 3984 2659 4039 per
2677 3982 2797 4038 que
2825 3966 3015 4019 itinere
3035 3968 3266 4021 terrestri
3297 3977 3598 4040 portantur.
3671 3970 3768 4023 Est
3787 3988 3886 4024 au-

2315 4066 2418 4110 tem
2438 4054 2632 4110 Celtica
2656 4052 2963 4109 hominibus
2990 4054 3442 4111 abundantissima
3465 4068 3520 4111 et
3537 4057 3876 4113 feracissima.

2312 4142 2464 4198 Circa
2501 4141 2804 4197 Narbonem
2832 4158 2960 4195 vero
2998 4152 3157 4213 atque
3183 4160 3333 4197 oram
3373 4143 3693 4198 maritimam
3717 4162 3886 4217 usque

2311 4230 2379 4285 ad
2401 4230 2716 4284 Cemmenos
2747 4238 2956 4282 montes
2979 4226 3108 4282 oleis
3137 4229 3341 4283 consita
3365 4240 3465 4286 est.
3539 4233 3674 4300 Quae
3699 4230 3768 4285 ad
3800 4249 3884 4285 se·

2311 4319 2664 4393 ptentrionem
2700 4315 3060 4389 progreditur,
3102 4334 3165 4371 ea
3189 4316 3442 4391 paulatim
3477 4337 3547 4373 ne
3583 4321 3715 4373 vites
3760 4319 3882 4391 qui·

2309 4404 2431 4459 dem
2457 4403 2593 4459 alere
2613 4413 2805 4475 potest.

2381 4492 2436 4549 5.
2491 4492 2850 4547 Narbonensis
2893 4492 3064 4548 Gallia
3105 4492 3647 4565 parallelogrammum
3683 4494 3844 4551 refert
3860 4534 3878 4561 ,

2309 4578 2458 4651 eujus
2480 4580 2722 4652 opposita
2755 4578 2868 4633 duo
2901 4578 3064 4633 latera
3087 4578 3326 4635 efficiunt
3353 4598 3496 4634 mare
3533 4580 3684 4654 quod
3727 4582 3884 4635 meri-

2307 4666 2452 4721 diem
2481 4683 2660 4720 versus
2680 4663 2850 4737 jacet,
2882 4674 2936 4720 et
2975 4683 3130 4720 mons
3156 4667 3475 4721 Cemmenus
3505 4665 3575 4720 ad
3601 4666 3762 4739 Alpes
3790 4684 3882 4722 us-

2307 4770 2438 4827 (μσς
2469 4752 2668 4824 reliqua
2684 4750 2794 4805 duo
2813 4754 3018 4824 Pyrene
3042 4762 3226 4807 monte
3251 4764 3410 4824 atque
3433 4752 3657 4825 Alpibus
3677 4754 3881 4807 consti·-

2307 4850 2553 4897 tuuntur.
2589 4838 2860 4893 Dividitur
2884 4849 3063 4893 autem
3077 4838 3436 4895 Narbonensis
3459 4840 3608 4911 regio
3634 4837 3705 4893 ab
3727 4840 3879 4895 Italia

2307 4929 2526 4983 flumine
2545 4930 2692 4983 Varo
2708 4968 2723 4993 ,
2758 4928 2825 4982 ab
2852 4928 3106 5001 Hispania
3126 4926 3324 5002 templo
3341 4931 3604 5002 Pyrenaeae
3629 4930 3876 4985 Veneris.

2307 5019 2376 5071 Et
2400 5027 2480 5071 est
2508 5034 2626 5088 quae
2666 5017 2806 5070 inter
2826 5013 3206 5088 Aphrodisium
3237 5028 3292 5072 et
3315 5017 3446 5071 Vari
3481 5017 3718 5071 fluminis
3744 5018 3876 5071 ostia

2307 5102 2574 5175 interjacet
2597 5104 2745 5175 regio
2771 5102 3065 5169 maritima,
3103 5101 3395 5158 stadiorum
3424 5120 3585 5173 2700.

722 5318 896 5372 Lmen
924 5321 1024 5378 IV.
1045 5351 1112 5365 —·
1138 5323 1345 5377 Βιδλίου
1364 5323 1433 5397 δ’]
1472 5324 1670 5378 Βιὸλίου
1687 5325 1739 5397 γ’
1776 5322 1971 5379 codex.
1994 5324 2016 5395 11
2056 5352 2129 5364 -
2176 5336 2223 5379 1.
2260 5314 2276 5400 Ι
2316 5346 2368 5399 p.
2399 5332 2515 5398 176,
2559 5332 2611 5382 C.
2649 5328 2670 5397 l}
2693 5357 2762 5368 ·—
2785 5341 2837 5379 α.
2865 5344 2920 5399 p.
2959 5343 3077 5396 177,
3114 5332 3187 5380 A.
3223 5328 3243 5396 ΙΙ
3272 5356 3342 5366 -
3367 5330 3421 5390 4.
3447 5344 3500 5397 p.
3540 5342 3660 5395 177,
3701 5329 3809 5380 CD.
3842 5328 3864 5396 ΙΙ
