4584 6284
1746 551 2103 613 ANAPLUS
2148 552 2465 615 Bospom
2507 554 2852 616 Tnnscn.

689 682 1097 739 chalcedonium
1114 721 1130 748 ,
1164 700 1233 736 an
1264 698 1425 754 specu
1448 682 1707 753 Nymphis
1745 700 1951 740 sacrum
1968 724 1983 749 ‚
2014 702 2081 739 an
2108 684 2254 739 locus
2343 685 2704 758 magnitudine
2729 687 2964 742 historici
2991 688 3206 743 tradunt
3227 689 3384 743 fixisse
3414 691 3772 764 Nicephorum
3797 695 3906 749 Im·

690 770 911 843 topiario
947 788 1109 845 opere
1142 768 1463 842 spectabilis,
1503 788 1569 823 an
1602 769 1747 825 locus
1777 788 1923 825 sacer
1966 772 2251 827 virentibus

685 857 824 913 silvis
848 868 903 912 et
928 858 1093 930 pratis
1108 900 1123 923 ,
1146 876 1214 911 an
1237 856 1485 913 balneum
1500 896 1517 924 ‚
1536 876 1603 912 an
1632 857 1799 925 lacus,
1820 877 1887 914 an
1910 858 2077 914 simile
2094 861 2253 933 Nym·

684 945 838 1021 phaeo
880 946 1105 1001 Pontico
1118 985 1133 1011 ,
1185 943 1331 1017 quod
1379 946 1558 999 matris
1610 945 1977 1001 Demosthenis
2030 948 2250 1002 oratoris

684 1044 835 1107 pater
858 1032 1051 1105 figulus
1084 1032 1388 1086 nominatus
1405 1044 1419 1070 ¹
1456 1032 1657 1105 Glycon
1694 1032 1929 1088 hostibus
1955 1032 2251 1107 prodidisse

698 1134 975 1179 accusatus
990 1164 1007 1189 ,
1047 1132 1100 1177 et
1143 1121 1331 1177 mortis
1366 1120 1741 1177 condemnatus
1782 1120 1913 1195 fugit
1950 1120 2017 1177 ad
2056 1125 2251 1197 Bospo-

681 1230 826 1269 rum.
892 1210 1243 1284 Epicharmus
1270 1221 1323 1265 et
1345 1209 1592 1265 Pisander
1610 1209 1714 1283 (ap.
1740 1209 1901 1267 schol.
1933 1213 2037 1283 Ap.
2066 1210 2167 1265 nh.
2192 1226 2246 1278 a,

686 1300 793 1372 98)
811 1298 1001 1353 dicunt
1020 1297 1285 1353 Pollucem
1302 1297 1417 1352 loro
1432 1297 1611 1369 ligasse
1632 1300 1913 1370 Amycum.
1963 1296 2246 1351 Deilochus

685 1390 807 1459 (ap.
838 1385 1006 1442 schol.
1034 1389 1134 1459 Ap.
1160 1385 1291 1459 1.1.)
1320 1387 1377 1440 in
1400 1386 1571 1459 primo
1596 1382 1763 1449 libro,
1794 1400 1951 1457 quem
1970 1382 2155 1437 scribit
2180 1381 2249 1438 de

684 1478 875 1549 Cyzico
889 1515 905 1542 ,
932 1474 1184 1548 pugillatu
1209 1475 1337 1529 dicit
1356 1479 1613 1547 Amycum
1635 1491 1668 1529 a
1683 1472 1895 1528 Polluce
1919 1483 2241 1545 superatum.

682 1560 929 1633 Orpheus
954 1562 1029 1615 ait
1052 1560 1312 1619 Pollucem
1328 1559 1473 1615 duris
1498 1560 1622 1615 loris
1648 1570 1805 1633 caput
1833 1560 2019 1633 Amyci
2039 1577 2249 1633 percus-

682 1646 829 1703 sisse.
851 1647 1119 1703 Duralora
1140 1646 1269 1721 quid
1290 1646 1448 1712 aliud,
1470 1664 1629 1719 quam
1650 1657 1832 1702 caestus
1849 1646 1874 1701 i*
1894 1645 2079 1702 Pollux
2102 1647 2245 1701 enim

684 1743 811 1787 teste
827 1732 1065 1789 Arnohio
1079 1734 1354 1807 pugillator
1368 1733 1540 1788 bonus
1556 1744 1609 1789 et
1626 1734 1793 1789 crudo
1816 1736 2247 1807 inexsuperabilis

682 1831 869 1889 cestu,
900 1822 992 1893 qui
1020 1822 1200 1876 vicerit
1233 1824 1491 1894 Amycum
1516 1822 1769 1895 pugillatu
1792 1824 2035 1877 omnium
2072 1823 2244 1878 homi·

681 1926 811 1962 num
826 1924 933 1963 suae
952 1909 1112 1963 aetatis
1132 1910 1615 1982 praestantissimum
1630 1951 1651 1982 ,
1666 1926 1825 1982 quem
1841 1910 2085 1965 Valerius
2102 1910 2247 1965 Flac·

678 2014 770 2051 cus
794 2006 933 2051 recte
949 1996 1223 2070 appellavit
1243 1998 1529 2069 gigantem,
1559 2015 1737 2071 regem
1762 1998 2059 2073 Bebrycum
2076 2040 2091 2065 ,
2110 2016 2245 2072 quos

677 2084 919 2156 inheus
945 2084 1129 2140 scribit
1158 2078 1505 2159 ὑπερφιάλους
1522 2123 1540 2157 ,
1572 2104 1695 2141 cum
1723 2086 1795 2142 ob
1816 2105 2102 2159 corporum
2130 2106 2240 2144 ma·

674 2170 1001 2243 gnitudinem
1018 2212 1035 2238 ,
1062 2189 1167 2245 qua
1192 2172 1508 2247 prostabant
1534 2174 1719 2229 ceteris
1748 2192 1855 2229 ωε
1880 2176 2044 2231 aetatis
2069 2174 2244 2229 homi-

676 2258 858 2325 nibus,
886 2270 999 2315 tum
1027 2260 1098 2314 ob
1118 2262 1283 2315 animi
1308 2262 1589 2317 immanem
1612 2262 1907 2334 perfidiam.
1986 2264 2243 2318 Arrianus

675 2348 796 2419 (ap.
828 2346 1072 2400 Eustath.
1104 2344 1173 2401 ad
1208 2348 1372 2404 Dion.
1402 2348 1541 2420 805)
1572 2360 1747 2404 narrat
1766 2349 2053 2421 Bebrycem
2077 2353 2246 2405 Aran-

676 2442 785 2487 tam
812 2430 971 2486 fuisse
998 2432 1361 2504 magnitudine
1394 2445 1515 2489 octo
1539 2435 1870 2502 cubitorum,
1902 2434 2249 2491 crassitudine

680 2536 804 2575 vero
866 2520 1217 2593 respondente
1286 2525 1598 2595 symmetria
1662 2524 1971 2579 altitudinis.
2046 2524 2243 2579 Eadem

752 2694 800 2731 1.
832 2677 1057 2747 Figulus
1073 2679 1401 2753 nominatus]
1424 2682 1461 2736 i.
1476 2698 1525 2735 e.
1546 2681 1763 2739 ωλι-ινδ
1778 2681 1833 2737 ἐκ
1858 2682 2136 2755 Κεραμέων,
2158 2682 2247 2755 qui

678 2776 841 2832 pagus
858 2769 971 2813 emt
988 2758 1345 2815 Acamantidis
1368 2761 1554 2818 trihus.

746 2843 841 2893 Fr.
886 2840 976 2896 62.
1014 2842 1385 2913 MoucaporisJ
1416 2843 1623 2897 Nomen
1663 2842 1765 2898 hoc
1805 2855 1971 2900 exstat
2004 2845 2063 2899 in
2098 2842 2251 2899 titulo

676 2936 763 2990 ap.
790 2916 1011 2972 Boeclth.
1041 2919 1103 2973 C.
1145 2921 1315 2973 Inscr.
1349 2928 1390 2973 t.
1427 2937 1491 2986 a,
1529 2938 1585 2995 p.
1618 2927 1721 2993 974
1752 2940 1809 2977 n.
1843 2924 1981 2996 3795
2016 2940 2031 2977 :
2060 2922 2251 2986 Βουὸἄς

676 2996 1065 3070 Μοκαπόριβος]
1082 3036 1096 3062 ,
1126 2997 1419 3069 Γιγλίκηκος
1463 2998 1525 3073 (ἲ)
1560 3000 1935 3075 Δινδιπόριβος]
1959 3043 1974 3068 ,
2026 3002 2243 3076 χαίρετε.

683 3103 705 3123 ι
732 3077 987 3131 Homines
1014 3076 1071 3129 hi
1090 3088 1313 3149 possunt
1338 3078 1627 3151 Bosporani
1655 3078 1822 3133 videri
1859 3100 1890 3135 e
1921 3082 2248 3137 Chersoneso

675 3156 874 3209 taurica
890 3194 905 3222 ‚
936 3152 1082 3227 quod
1101 3155 1425 3210 simillimum
1449 3156 1755 3211 nominibus
1772 3157 1931 3229 hujus
1950 3160 2086 3214 tituli
2105 3160 2246 3215 binis

676 3244 751 3290 est
761 3252 955 3289 nomen
968 3235 1023 3287 in
1032 3236 1271 3307 Bosporo
1284 3234 1569 3291 Cimmerio
1578 3254 1861 3291 occurrens
1878 3239 2237 3312 Rhescuporis,

670 3315 739 3369 de
776 3333 883 3388 qua
918 3332 975 3368 re
1014 3316 1223 3370 monuit
1255 3313 1366 3386 jam
1406 3316 1711 3373 Franckius.
1755 3318 1857 3373 Sed
1900 3319 2243 3393 Rhescuporis

677 3395 853 3467 potius
879 3411 1071 3448 nomen
1098 3404 1177 3448 est
1212 3393 1281 3449 ad
1304 3412 1449 3466 reges
1470 3399 1801 3470 Bosporanos
1826 3410 2169 3471 propagatum
2190 3416 2245 3460 et

678 3473 791 3526 haec
820 3489 1031 3544 quoque
1068 3474 1235 3527 nostri
1274 3474 1411 3529 tituli
1452 3476 1670 3529 nomina
1704 3486 1829 3531 sunt
1865 3477 2131 3532 Thracum
2174 3476 2241 3531 ad

674 3567 903 3622 quorum
926 3561 1131 3621 gentem
1146 3552 1359 3625 Bithyni
1375 3554 1659 3625 pertinent.
1757 3554 1961 3609 Eodem
1979 3556 2241 3627 pertinere

684 3626 893 3683 videtur
918 3646 1113 3685 nomen
1134 3629 1415 3701 Μωιιάδιον,
1438 3630 1507 3686 de
1528 3650 1637 3705 quo
1665 3634 1957 3707 Procopius
1982 3635 2065 3689 De
2095 3632 2235 3691 edis.

678 3725 730 3775 1,
760 3727 793 3779 9
824 3727 841 3762 2
868 3706 989 3776 ἇιιτὴ
1018 3710 1071 3764 δέ
1096 3710 1167 3773 τίς
1188 3710 1290 3765 ἔστι
1314 3710 1575 3766 Μωκάδιον
1604 3712 1766 3785 ὄνομα
1783 3752 1800 3779 ,
1832 3716 1920 3765 τοῦ
1946 3712 2131 3785 χωρίου
2158 3710 2239 3785 ἔγ·

676 3789 765 3861 γὶις
800 3790 831 3842 ὃ
874 3789 959 3843 καὶ
996 3794 1081 3845 νῦν
1138 3790 1289 3864 Ἱερὸν
1320 3791 1635 3866 ὀνομάζεται.
1684 3794 1769 3849 Ad
1808 3810 2004 3847 nomen
2048 3794 2240 3855 Βουδᾶς

674 3868 745 3924 cf.
780 3887 973 3925 nomen
990 3872 1125 3943 regis
1144 3873 1492 3945 Bithynorum
1518 3874 1617 3937 Βᾶς
1644 3890 1729 3945 ap.
1754 3873 1911 3928 Pbot.
1935 3872 2075 3929 Bibl.
2112 3873 2235 3929 cod.

676 3953 781 4014 224
818 3968 876 4025 p.
907 3955 1009 4008 228
1036 3951 1121 4005 ed.
1159 3952 1323 4007 Bekk.
1352 3972 1417 4007 ex
1450 3954 1763 4019 Memnone,
1794 3954 1893 4007 nisi
1928 3952 2001 4007 ibi
2029 3972 2239 4027 quoque

670 4030 847 4103 potius
891 4030 1077 4093 Bous&
1112 4030 1411 4102 legendum.
1448 4058 1472 4081 ι
1517 4034 1842 4088 Boacxmos.
1892 4034 2131 4087 Fortasse
2170 4034 2237 4089 ad

671 4108 957 4167 Moeadion
993 4112 1237 4184 Procopii
1261 4112 1486 4185 pertinet
1516 4112 1724 4168 Μόιιατα
1741 4152 1756 4179 ,
1799 4112 1944 4183 quod
1986 4113 2243 4186 Bithyniae

671 4188 931 4261 oppidum
964 4208 1077 4245 esse
1098 4190 1233 4247 dicit
1256 4192 1565 4265 Stephanus.

736 4284 790 4326 2.
831 4267 1185 4344 Ἀετόρυγχον]
1206 4271 1420 4345 Aquila
1440 4284 1665 4327 rostrum
1688 4270 1926 4342 msereas.
1945 4262 2237 4344 Le‘gehatur

664 4347 939 4422 ἆττόρηχον
965 4352 1091 4405 etin
1115 4368 1263 4425 seqq.
1288 4353 1605 4417 aeeorecleoa,
1634 4370 1751 4425 qnae
1771 4369 1871 4408 vox
1894 4370 2049 4408 sensu
2075 4366 2233 4408 caret.

666 4428 979 4486 Emendavit
1017 4432 1297 4487 &amerm
1322 4433 1377 4486 in
1410 4433 1593 4508 steph.
1632 4432 1788 4489 Thes.
1818 4451 1871 4490 v,
1912 4433 2233 4507 ἀετόρυγχος,

666 4507 892 4563 conferri
911 4506 1103 4581 jubens
1119 4528 1173 4565 v.
1198 4509 1512 4585 ὄξῦρρυγχος.
1536 4513 1770 4583 Quinam
1796 4514 1905 4569 sint
1937 4515 2235 4588 Mocaporis

667 4589 811 4644 sinus
830 4598 883 4643 et
900 4588 1294 4663 Aetorynchum
1320 4609 1404 4667 pr.
1419 4592 1622 4664 Gyllius
1644 4590 1936 4664 dijudicare
1952 4610 2061 4649 non
2080 4611 2235 4650 ausus

668 4680 763 4723 est.
796 4671 1105 4725 Hammerus
1124 4670 1161 4725 l.
1190 4671 1228 4727 l.
1265 4688 1319 4739 τι,
1347 4688 1401 4745 p.
1424 4688 1523 4743 291
1555 4682 1609 4726 et
1642 4670 1897 4727 Moltltius
1922 4674 2233 4746 Mocaporin

668 4750 841 4803 sinum
878 4760 1165 4820 agnoscunt
1186 4751 1242 4805 in
1271 4750 1399 4807 hod.
1434 4750 1550 4805 baie
1574 4749 1638 4805 de
1666 4750 1907 4806 Chunkar
1926 4752 2036 4805 sive
2056 4754 2233 4825 Hunj-

668 4828 768 4882 kar
792 4828 997 4884 ish-lessi
1019 4830 1089 4899 (i.
1124 4848 1173 4884 e.
1206 4832 1351 4886 locus
1388 4830 1481 4887 ubi
1524 4848 1619 4885 rex
1662 4830 1919 4904 appellere
1959 4830 2150 4903 solet),
2180 4843 2234 4887 et

2339 783 2656 845 peratorcm.

3003 892 3100 951 Fr.
3149 872 3246 951 32.

2411 1034 2543 1091 Inde
2584 1038 2904 1110 Dionysius:
2937 1040 3090 1103 Post,
3133 1040 3334 1111 inquit,
3397 1044 3624 1096 Laurum
3665 1042 3904 1099 insanam

2337 1124 2578 1197 sequitur
2599 1123 2749 1179 sinus
2757 1123 3062 1200 profundus
3088 1124 3242 1185 valde
3255 1167 3271 1191 ,
3301 1124 3603 1182 nominatus
3629 1131 3905 1205 Houcapo·

2339 1210 2416 1266 ris
2465 1232 2502 1267 a
2543 1232 2655 1283 rege
2691 1212 2915 1286 quodam
2954 1212 3230 1286 Bithynice.
3305 1218 3501 1269 Portus
3539 1215 3596 1269 in
3638 1215 3754 1289 ipso
3781 1236 3904 1292 per-

2339 1302 2504 1357 bonus
2518 1345 2534 1367 ,
2575 1314 2704 1376 post
2750 1322 2898 1376 quem
2945 1313 3026 1357 est
3065 1302 3480 1376 promontorium
3515 1294 3568 1355 Ἀ
3577 1295 3856 1377 ετόρυγχον
3881 1308 3904 1336 ⁸

2337 1410 2372 1445 a
2384 1390 2578 1463 figura.
2594 1390 2917 1446 nominatum
2945 1410 2964 1445 .·
2986 1402 3067 1446 est
3099 1402 3272 1445 autem
3301 1403 3576 1467 petrosum
3623 1402 3792 1447 totum
3807 1434 3824 1461 ,
3852 1406 3906 1449 ee

2334 1478 2638 1553 proximum
2687 1478 2881 1533 habeas
2914 1497 3055 1533 mare
3093 1476 3418 1553 profundum
3455 1496 3616 1552 usque
3649 1478 3726 1533 ad
3757 1498 3904 1535 oram

2336 1563 2557 1619 littoris.
2631 1564 2762 1619 Inde
2785 1564 2936 1620 sinus
2965 1568 3190 1637 Annuus
3210 1564 3232 1602 ³
3256 1565 3558 1639 appellatus
3573 1606 3588 1629 ,
3623 1577 3675 1620 et
3703 1570 3901 1639 Grony-

2334 1649 2508 1716 chia⁴,
2527 1668 2746 1726 campus
2763 1650 2988 1726 supinus
3003 1662 3057 1706 et
3072 1650 3304 1726 planen,-
3321 1650 3377 1705 ia
3401 1650 3518 1725 ipso
3537 1664 3713 1707 autem
3735 1653 3899 1727 [sinu]

2331 1737 2654 1812 piscationes
2680 1749 2994 1793 ceraseorum
3008 1736 3282 1812 piscium‚·
3309 1736 3493 1791 deinde
3517 1738 3745 1794 Paludes
3763 1758 3799 1792 a
3827 1739 3902 1795 si-

2333 1823 2452 1877 mali
2478 1824 2874 1893 exaggeratione
2885 1821 3166 1897 paludum,
3197 1841 3312 1897 quoe
3336 1834 3462 1877 sant
3485 1824 3538 1877 ia
3555 1823 3898 1897 penitis-simo

2334 1912 2458 1967 sima
2484 1923 2784 1986 aitacupato
2811 1928 2968 1966 cornu
3005 1909 3267 1977 Brzantii.

2401 1998 2544 2053 Vide
2566 2018 2634 2055 an
2651 1999 2800 2054 littus
2814 2040 2830 2065 ,
2852 1998 2996 2071 quod
3017 2009 3252 2071 tempore
3277 1998 3520 2070 Procopii
3543 1997 3902 2071 appellabatur

2337 2086 2618 2141 Mocadion
2637 2126 2653 2153 ,
2689 2084 2848 2139 suerit
2876 2082 3006 2140 illud
3041 2082 3186 2156 quod
3225 2085 3502 2156 attingeret
3539 2086 3714 2139 sinum
3742 2088 3898 2142 Mou-

2330 2174 2650 2249 caporidem.
2682 2176 2968 2247 Procopius
2993 2174 3134 2229 enim
3162 2176 3282 2244 (De
3305 2172 3560 2239 edificiis,
3592 2169 3639 2239 ι’,
3673 2175 3746 2249 6)
3769 2194 3897 2231 con·

2333 2262 2503 2317 sentim
2530 2272 2652 2335 post
2673 2261 3078 2334 descriptionem
3112 2259 3237 2315 aedis
3265 2260 3680 2315 Panteleemonis
3705 2280 3863 2318 sacrae
3875 2303 3895 2329 ,

2333 2348 2390 2402 in
2427 2348 2724 2421 Argyronio
2760 2348 2897 2413 sito,
2943 2345 3092 2402 addit
3135 2345 3280 2401 littus
3323 2344 3595 2419 quoddam
3639 2366 3779 2415 esse,
3809 2350 3898 2404 cui

2333 2454 2527 2491 nomen
2553 2447 2686 2491 esset
2707 2435 2990 2491 Mocadion
3009 2434 3031 2475 ⁵
3053 2436 3281 2489 vicinum
3301 2434 3420 2489 loco
3433 2426 3612 2507 ,quod
3633 2454 3729 2491 sua
3750 2448 3898 2493 oetate

2333 2524 2678 2597 appellaretur
2703 2514 2894 2595 Ἱερόν,
2921 2524 3022 2577 boc
3045 2533 3124 2577 est
3149 2524 3370 2577 Fanum.
3444 2525 3508 2578 In
3535 2541 3644 2595 quo
3679 2522 3897 2597 quidem

2337 2680 2542 2754 Gyllius
2563 2680 2710 2737 dicit.
2739 2682 2908 2753 Eique
2932 2681 3197 2734 sententiae
3225 2679 3360 2734 favet
3385 2679 3530 2753 quod
3558 2679 3760 2753 Gyllius
3780 2699 3897 2736 mo·

2336 2772 2428 2816 net
2463 2779 2520 2816 se
2563 2760 2742 2833 legisse
2771 2762 2826 2814 in
2866 2761 3066 2814 incerto
3107 2771 3320 2815 auctore
3362 2760 3672 2832 Mooeporin
3717 2760 3894 2815 sinum

2335 2851 2516 2915 postea
2554 2844 2854 2915 Drepanum
2881 2839 3081 2893 dictum
3112 2856 3247 2906 esse3
3287 2837 3394 2893 hoc
3431 2840 3574 2893 enim
3599 2856 3792 2893 nomen
3839 2843 3896 2896 in

2335 2920 2495 2975 istum
2522 2920 2696 2974 sinum
2723 2920 2959 2993 apprime
2980 2917 3120 2975 cadit
3136 2960 3151 2985 ,
3173 2918 3366 2993 quippe
3382 2917 3474 2991 qui
3503 2916 3762 2991 μηνοειδὴς
3787 2922 3896 2976 sive

2336 2998 2648 3070 σεληνοειδῆς
2677 3012 2752 3054 est
2781 2998 3027 3071 sulcisque
3050 2998 3270 3054 sormam
3305 3008 3661 3071 repraesentat.
3707 3000 3896 3057 Nescio

2333 3099 2400 3135 an
2429 3082 2718 3135 Monocolos
2740 3098 2933 3135 nomen
2949 3119 2966 3145 ,
3000 3079 3143 3152 quod
3179 3079 3319 3153 apud
3361 3078 3591 3151 Gyllium
3627 3078 3818 3150 legitur
3842 3092 3898 3137 et

2333 3160 2386 3214 in
2415 3178 2524 3232 quo
2551 3178 2708 3233 supra
2733 3158 2839 3231 jam
2867 3158 3211 3225 offendimus,
3242 3168 3554 3230 corruptum
3595 3158 3664 3211 sit
3685 3174 3752 3211 ex
3779 3158 3894 3227 Μη-

2331 3238 2412 3301 νὸς
2455 3238 2655 3300 κόλπος.
2693 3238 2918 3291 Nomina
2956 3256 2988 3292 a
3027 3238 3153 3293 falce
3179 3249 3231 3293 et
3253 3255 3284 3291 a
3307 3236 3430 3292 luna
3473 3235 3694 3307 repetita
3719 3234 3893 3292 eidem

2327 3318 2466 3370 sinui
2506 3316 2585 3370 vel
2626 3318 2994 3389 promontorio
3037 3316 3148 3369 indi
3192 3326 3453 3389 poterant.
3503 3316 3589 3369 Sic
3628 3316 3685 3373 in
3714 3315 3893 3389 Libye

2327 3413 2421 3449 ora
2459 3398 2881 3468 promontorium
2927 3394 3070 3467 quod
3110 3395 3250 3467 apud
3293 3394 3604 3449 Strabonem
3647 3393 3891 3465 Δρίπανον

2327 3486 2566 3540 vocatur,
2603 3473 2742 3545 apud
2774 3473 3107 3529 Ptolemaeum
3131 3484 3182 3526 et
3207 3474 3261 3526 in
3283 3472 3576 3527 Stadiasmo
3592 3474 3755 3525 Maris
3777 3475 3889 3528 Ma·

2325 3555 2413 3625 gni
2442 3552 2646 3621 Σεληνίς
2671 3552 2956 3625 appellatur
2982 3553 3007 3621 (
3019 3569 3069 3607 v.
3103 3562 3233 3607 tom.
3269 3568 3318 3616 1,
3349 3568 3406 3623 p.
3429 3551 3534 3615 436
3558 3551 3588 3618 S
3611 3549 3679 3603 23
3711 3561 3820 3604 not.
3841 3552 3886 3625 ).

2326 3631 2531 3702 Quodsi
2559 3632 2784 3687 Gra-culi
2813 3631 2986 3703 Gyllio
3011 3628 3289 3684 narrabant
3311 3646 3504 3683 nomen
3532 3625 3755 3682 ductum
3780 3648 3892 3686 esse

2325 3728 2356 3766 a
2393 3711 2567 3785 lapide
2589 3730 2758 3785 nuper
2795 3710 2868 3765 ibi
2909 3720 3116 3785 reperto
3133 3750 3148 3775 ,
3177 3709 3405 3780 cogitare
3443 3707 3564 3762 licet
3589 3706 3658 3762 de
3690 3710 3893 3765 Luna-i

2325 3791 2502 3867 lapide
2530 3792 2844 3847 miraculoso
2877 3792 2984 3846 sive
3017 3789 3084 3845 de
3123 3787 3400 3845 Selenitide
3415 3830 3432 3855 ‚
3461 3788 3528 3843 de
3565 3806 3674 3861 quo
3701 3808 3754 3844 r.
3782 3791 3889 3847 Pli-

2326 3872 2442 3925 nius
2477 3873 2566 3943 37,
2599 3877 2665 3943 67
2693 3876 2723 3941 S
2761 3874 2851 3926 181
2875 3892 2890 3937 3
2921 3868 3129 3927 Solinus
3167 3869 3254 3938 37,
3286 3885 3350 3924 ιιι
3373 3888 3388 3934 ;
3415 3868 3742 3938 Augustinus
3768 3869 3884 3925 Cir.

2325 3953 2420 4006 Dei
2449 3969 2538 4018 αι,
2571 3951 2631 4019 5;
2660 3950 2846 4006 Isidor.
2882 3956 2963 4016 16,
2995 3955 3047 4016 4,
3079 3954 3129 4005 6.
3169 3966 3249 4013 ιο,
3281 3967 3344 4021 7;
3368 3948 3548 4002 Diosc.
3581 3948 3633 4013 5,
3665 3948 3764 4019 159
3788 3949 3889 4004 ibi·—

2323 4050 2426 4105 que
2451 4032 2745 4098 Marcellus,
2777 4030 3138 4104 Olympiodor.
3164 4028 3230 4083 ad
3257 4029 3462 4083 Platon.
3495 4026 3666 4088 Alcib.
3699 4046 3754 4100 p.
3791 4031 3884 4097 183

2321 4110 2516 4167 Psellus
2542 4114 2621 4167 Dc
2649 4109 2910 4183 lapidibus
2935 4110 2991 4162 in
3016 4106 3204 4162 Idcler.
3234 4108 3392 4180 Phys.
3421 4124 3468 4172 1,
3503 4124 3561 4180 p.
3598 4110 3748 4171 246ss

2393 4190 2446 4245 3.
2473 4189 2730 4261 Amycus]
2779 4186 2862 4243 Cs.
2889 4187 3085 4243 Plinius
3114 4186 3164 4251 5,
3205 4186 3270 4251 43
3311 4189 3341 4255 S
3371 4184 3468 4241 150
3503 4202 3516 4240 ε
3569 4184 3690 4238 dein
3723 4184 3886 4240 Nico·

2314 4269 2460 4342 polis
2489 4272 2596 4337 [sc.
2615 4268 2738 4338 suit
2753 4271 2790 4336 1,
2812 4286 2848 4321 a
2881 4285 2982 4342 quo
3002 4285 3179 4321 nomen
3197 4265 3482 4319 etiamnum
3497 4263 3649 4319 sinus
3676 4264 3880 4329 retinet,

2324 4346 2378 4401 iu
2417 4366 2520 4421 quo
2549 4359 2741 4421 portus
2787 4346 2987 4419 Amyci.
3033 4346 3208 4401 Alium
3251 4344 3436 4416 Amyci
3463 4344 3639 4397 sinum
3686 4343 3884 4398 Plinius

2322 4430 2447 4498 (16,
2472 4428 2571 4503 89)
2603 4428 2658 4481 in
2681 4429 2853 4483 Ponto
2886 4435 3167 4491 memorat,
3203 4434 3263 4479 ut
3285 4442 3444 4497 supra
3485 4441 3543 4495 p.
3570 4425 3638 4477 82
3671 4424 3882 4478 monui·

2322 4528 2457 4566 mus.
2491 4507 2650 4583 Apud
2694 4510 2973 4565 Arrianum
3012 4509 3170 4575 (Per.
3210 4507 3241 4574 5
3278 4506 3386 4576 37)
3415 4504 3468 4556 ἰιι
3509 4502 3613 4557 hoc
3637 4502 3758 4557 sinu
3783 4522 3882 4576 po-

2319 4590 2464 4643 nitur
2479 4600 2664 4663 portus
2690 4588 2878 4660 Δάφνης
2893 4586 3224 4658 Μαινομένης.

2388 4673 2443 4733 Ι..
2477 4668 2793 4740 Gronychia]
2819 4670 2924 4720 Vix
2941 4684 3124 4720 unum
3143 4663 3480 4719 vocabulum.
3507 4662 3690 4715 Fuerit
3717 4664 3882 4716 Acro-

2317 4748 2524 4818 ray-cleia,
2553 4746 2860 4820 Ἀκρωνυχία,
2881 4746 3041 4801 πεδίον
3061 4744 3225 4799 ὕπτιον
3247 4742 3329 4796 καὶ
3351 4741 3562 4815 ὁμαλόν,
3589 4750 3681 4794 aut
3710 4738 3882 4812 Ἄκρω-

2317 4827 2486 4898 νυχίας
2507 4825 2672 4880 πεδίον
2699 4837 2796 4880 ctc.
2825 4827 3002 4895 Quum
3031 4841 3144 4896 quae
3177 4821 3424 4893 deinceps
3445 4830 3744 4893 sequuntur
3769 4824 3875 4874 Pa·

666 4907 1067 4979 Aetorynchum
1094 4928 1174 4982 pr.
1200 4908 1395 4963 habent
1412 4907 1540 4966 hod.
1563 4910 1698 4965 Solvi
1724 4914 1963 4965 Bouroun
1990 4910 2101 4965 sive
2122 4914 2229 4965 Me-
2318 4906 2461 4962 ludes
2485 4904 2553 4960 ad
2580 4906 2844 4960 hodiernae
2873 4904 3107 4959 Saleaaie
3127 4901 3391 4977 planitiem
3413 4909 3626 4973 pei-apte
3650 4917 3679 4953 a
3706 4898 3881 4972 Gyllio

662 5002 761 5040 sar
802 4989 1076 5053 Boaroun,
1126 4987 1269 5061 quod
1312 4990 1483 5043 sinum
1526 4988 1687 5044 modo
1726 4987 1929 5045 dictum
1973 5010 2002 5045 a
2030 4990 2227 5046 boreali
2282 5020 2296 5033 ·
2315 4997 2366 5042 et
2401 4988 2689 5041 Hammero
2745 4984 3054 5050 referantur,
3098 4982 3426 5056 Acronychia
3473 4978 3758 5052 pertinebit
3811 4977 3880 5034 ad

662 5075 813 5137 parte
835 5065 1051 5121 claudit.
1078 5071 1147 5122 At
1162 5069 1398 5142 Dionysii
1422 5068 1577 5123 verba
1597 5070 1863 5143 postulant
1892 5082 1953 5125 ut
1979 5088 2229 5143 promon-
2304 5065 2430 5139 juga
2457 5079 2708 5122 montana
2734 5084 2849 5139 quae
2877 5064 3052 5119 Beicos
3087 5064 3202 5119 loco
3231 5064 3526 5117 imminent.

663 5144 861 5199 tot-ium
894 5146 1291 5217 Aetorynchum
1326 5146 1597 5202 meridiem
1626 5166 1800 5202 versus
1828 5150 2004 5203 sinum
2045 5151 2223 5203 termi-

2387 5146 2437 5200 5.
2491 5145 2798 5217 Mocadion]
2851 5144 3133 5198 Μωιιάδιον.
3192 5141 3351 5213 Apud
3392 5140 3627 5212 Gyllium
3681 5138 3876 5209 ubique

662 5233 769 5279 net.
805 5226 985 5294 Quare
1026 5224 1071 5279 si
1111 5225 1179 5280 de
1211 5228 1575 5300 promontorio
1619 5238 1755 5281 recte
1782 5226 1853 5281 illi
1890 5238 2187 5282 statuerunt
2204 5270 2218 5295 ,
2309 5224 2558 5280 scribitur
2577 5222 2928 5279 Mochadium.
2966 5219 3272 5292 Archangeli
3301 5218 3554 5291 templum
3587 5216 3876 5289 probabili-

660 5302 956 5377 Mocaporis
979 5304 1127 5359 sinus
1153 5324 1218 5359 ex
1242 5306 1479 5379 Dionysii
1515 5307 1769 5360 sententia
1796 5306 2109 5379 quaerendus
2145 5313 2222 5360 est
2313 5316 2392 5360 ter
2412 5304 2510 5358 suit
2533 5322 2585 5358 ιιι
2610 5304 2820 5357 Jouchae
2841 5302 3004 5372 Tagln
3025 5300 3116 5355 ubi
3137 5298 3371 5354 Herculis
3392 5297 3564 5365 κλίνην
3589 5294 3876 5367 Dionysius

664 5382 717 5436 in
741 5380 871 5438 hod.
902 5381 1021 5440 baie
1045 5381 1137 5438 des
1153 5384 1403 5438 carrieres
1424 5385 1531 5439 sive
1554 5386 1608 5438 in
1626 5384 1906 5439 Monocolo
1924 5386 2043 5439 sinu
2062 5400 2221 5455 quem
2313 5394 2588 5438 memorat.
2605 5383 2755 5437 Certe
2764 5380 3012 5453 templum
3030 5378 3237 5434 ibiolim
3255 5376 3412 5431 fuisse
3424 5385 3601 5430 censet
3612 5372 3869 5429 Clarkius.
