4584 6284
633 455 748 508 ⁶84

622 599 732 636 σεν.
818 563 996 652 ’Ἦρχε
1029 571 1082 631 δὲ
1109 575 1211 630 τῶν
1238 570 1415 630 τόπων
1446 571 1656 631 ἔκείνων
1675 615 1692 648 ,
1728 571 1849 630 ἔνθα
1875 576 1902 630 ὃ
1945 571 2172 649 Καμὸύ-

623 685 716 722 σου
741 660 957 742 στρατὸς
981 657 1296 739 κατεχώσθη
1327 659 1429 718 ὑπὸ
1462 663 1558 728 τῆς
1587 659 1769 736 ἄμμου
1797 658 1890 718 καὶ
1914 665 2000 718 τοῦ
2027 660 2174 720 νότου

619 747 932 818 πνεύσαντος
952 747 1154 829 βιαίως.

696 856 770 899 6³.
799 833 930 896 Ὅτι
953 832 1019 894 τὰ
1049 837 1154 894 τῶν
1193 834 1463 894 Αἰθιόπων
1495 833 1740 913 πρόὸατα
1783 833 1877 892 καὶ
1905 826 2043 912 αἶγες
2086 833 2176 893 καὶ

621 924 734 1006 βόες
761 923 851 984 καὶ
879 920 1026 990 κύνες
1075 921 1240 1001 μικρὰ
1281 924 1550 989 παντελῶς
1599 925 1725 981 εἰσι.
1822 919 1980 1000 Τάχα
2029 922 2074 979 δ’
2119 923 2178 980 ἐκ

616 1013 796 1074 τούτου
819 1009 912 1071 καὶ
935 1008 1055 1078 τοὺς
1076 1010 1392 1086 Πυγμαίους
1406 1009 1545 1077 τινὲς
1567 1007 1972 1088 ἐμυθολόγησαν·
1992 1011 2051 1068 οὗ
2075 1009 2178 1088 γάρ

619 1106 757 1164 ἐστιν
793 1099 981 1173 nnete
1001 1097 1062 1160 τὸ
1087 1102 1192 1157 τῶν
1219 1098 1540 1176 Πυγμαίων.

695 1209 772 1252 u.
813 1187 942 1248 Ὀτι
966 1184 1212 1254 Αἰθίοπες
1237 1185 1617 1254 σέὸονέαιτοὺς
1647 1185 1895 1266 βασιλέας
1921 1188 1989 1254 ὣς
2018 1183 2177 1252 θεούς·

617 1275 709 1339 καί
729 1280 831 1338 εἰσι
852 1275 1228 1337 κατάκλειστοι
1246 1271 1340 1334 καὶ
1360 1273 1608 1355 οἰκουροί.
1643 1274 1904 1354 Μέγιστον
1931 1271 1976 1333 δ’
2007 1275 2179 1342 αὖτοῖς

621 1363 886 1445 βασίλειον
921 1367 956 1436 ἡ
980 1361 1170 1444 Μερόη
1219 1362 1409 1442 πόλις,
1450 1361 1722 1439 ὁμώνυμος
1743 1366 1811 1441 τῇ
1839 1359 2002 1444 νήσῳ,
2047 1359 2177 1440 οὔσῃ

617 1451 677 1512 τὸ
704 1456 874 1531 μῆκος
900 1449 1131 1510 σταδίων
1159 1473 1229 1532 χ,
1263 1447 1324 1509 τὸ
1371 1449 1415 1510 δ’
1459 1439 1606 1530 εἶρος
1634 1473 1705 1532 ,α’
1750 1447 1862 1529 ἔχει
1900 1447 1956 1508 δὲ
2001 1447 2179 1514 πόλεις

619 1539 815 1619 συχνὰς
844 1537 936 1598 καὶ
975 1538 1072 1617 ὄρη
1096 1537 1190 1597 καὶ
1217 1535 1354 1609 δᾶση
1397 1536 1489 1596 καὶ
1523 1536 1754 1613 μέταλλα
1789 1539 2032 1597 παντοῖα.
2069 1537 2176 1594 Πε-

621 1627 858 1707 ριέχεται
887 1623 932 1684 δ’
969 1623 1074 1684 ἀπὸ
1111 1622 1207 1702 μὲν
1253 1629 1346 1696 τῆς
1373 1623 1575 1697 Διὸύης
1600 1629 1629 1685 ὁ
1655 1621 1822 1705 ταύτῃ
1852 1624 2037 1690 Νεῖλος
2073 1621 2180 1680 θισὶ

620 1713 905 1790 μεγάλαις,
931 1709 1038 1771 ἀπὸ
1067 1712 1124 1771 δὲ
1153 1716 1246 1784 τῆς
1268 1711 1515 1793 Ἆραὸίας
1533 1722 1782 1793 κρημνοῖς
1803 1708 2092 1792 συνεχέσιν·
2120 1713 2182 1769 ἐκ

621 1802 678 1862 δὲ
707 1800 858 1862 νότου
896 1799 1092 1859 ἄνωθεν
1124 1807 1234 1869 ταῖς
1252 1799 1542 1878 συμὸολαῖς
1567 1805 1671 1862 τῶν
1695 1803 1976 1880 ποταμῶν,
2008 1805 2099 1859 τοῦ
2122 1819 2180 1857 τε

622 1887 929 1971 Ἀσταὸάρα
969 1887 1063 1948 καὶ
1112 1893 1204 1949 τοῦ
1239 1887 1558 1957 Ἀστοίποδος
1604 1889 1697 1949 καὶ
1735 1894 1829 1948 τοῦ
1868 1886 2178 1948 Ἀστασόὸα·

622 1979 753 2060 πρὸς
785 1977 973 2058 ἄρκτον
1007 1974 1062 2036 δὲ
1090 1979 1124 2050 ἡ
1149 1981 1242 2038 τοῦ
1273 1977 1467 2041 Νείλου
1502 1977 1626 2058 ὀχή.

703 2087 778 2128 ιε.
817 2064 950 2127 Ὅτι
970 2064 1221 2133 Αἰθίοπες
1243 2065 1336 2125 καὶ
1374 2063 1466 2133 τὰς
1489 2075 1740 2143 γυναῖκας
1769 2063 2087 2137 ὁπλίζουσιν,
2106 2051 2182 2122 ὧν

623 2156 680 2213 αἱ
708 2152 916 2222 πλείους
941 2151 1283 2234 κεκρίκωνται
1310 2152 1370 2213 τδ
1394 2153 1574 2236 χεῖλος
1593 2157 1684 2213 τοῦ
1717 2150 1974 2229 στόματος
1992 2151 2182 2230 χαλκῷ

621 2242 812 2325 κρίκῳ.
863 2240 1194 2325 Κῳδιοφόροι
1223 2243 1272 2300 δ’
1301 2241 1453 2314 εἰσὶν,
1487 2239 1638 2322 ἐρέαν
1664 2244 1769 2302 τῶν
1803 2237 2081 2320 προὸάτων
2121 2240 2178 2298 οὗ

623 2329 902 2413 φερόντων,
926 2330 1046 2390 ἀλλ’
1076 2327 1534 2412 αἶγοτριχούντων·
1552 2331 1602 2388 οἱ
1631 2328 1686 2389 δὲ
1711 2328 1898 2396 τελέως
1924 2327 2179 2408 γυμνῆτές

623 2421 756 2496 εἱσι,
783 2415 1212 2498 περιεζωσμένοι.

701 2525 776 2569 ιο.
818 2503 953 2565 Ὅτι
999 2502 1247 2571 Αἰθίοπες
1291 2502 1559 2582 νομίζωσι
1607 2501 1720 2562 θεὸν
1752 2493 1910 2580 εἶναι,
1949 2503 2036 2564 τὸν
2081 2503 2176 2582 μὲν

621 2591 898 2670 ἀθάνατον,
923 2590 1011 2650 τὸν
1031 2591 1086 2650 δὲ
1114 2589 1320 2664 θνητόν·
1344 2590 1544 2652 τούτων
1567 2589 1623 2650 δὲ
1654 2589 1745 2652 τὸν
1766 2589 1863 2668 μὲν
1885 2589 2049 2651 αἴτιον
2073 2593 2176 2650 τῶν

616 2680 846 2757 πάντων,
895 2678 985 2739 τὸν
1012 2677 1068 2739 δὲ
1098 2676 1285 2753 θνητὸν
1329 2677 1601 2755 ἀνώνυμόν
1629 2700 1752 2738 τινα
1782 2677 1876 2762 καὶ
1901 2680 1960 2738 οὗ
2003 2683 2171 2761 σαφῆ.

615 2765 752 2834 Τοὺς
775 2765 820 2826 δ’
847 2765 1121 2847 εὐεργέτας
1151 2766 1244 2827 καὶ
1288 2768 1521 2846 βασιλεῖς
1563 2765 1708 2833 θεοὺς
1750 2763 2039 2844 νομίζωσι,
2081 2769 2174 2826 καὶ

614 2854 811 2916 τούτων
838 2853 956 2922 τοὺς
1005 2853 1102 2934 μὲν
1150 2854 1382 2934 βασιλεῖς
1424 2852 1645 2927 κοινοὺς,
1694 2851 1815 2922 τοὺς
1866 2853 1922 2914 δὲ
1967 2852 2176 2924 ἰδιώτας

615 2943 757 3010 ἰδίως
782 2946 891 3010 τοῖς
917 2933 976 3003 εὖ
1001 2948 1254 3004 παθοῦσιν
1288 2941 1380 3001 ὕπ’
1409 2943 1599 3002 αὐτῶν.
1712 2941 1853 3022 Πρδς
1892 2939 1947 3000 δὲ
1965 2945 2030 3021 τῇ
2060 2943 2172 3002 δια-

614 3029 914 3110 κεκαυμένῃ
943 3027 1078 3099 τινὲς
1118 3031 1210 3089 καὶ
1238 3029 1380 3090 ἄθεοί
1405 3031 1552 3089 εἰσιν·
1587 3028 1674 3098 οὕς
1701 3053 1761 3107 γε
1789 3029 1882 3089 καὶ
1912 3028 1998 3088 τὸν
2021 3029 2170 3102 ἥλιόν

616 3142 748 3202 φασι
801 3122 1239 3201 βλασφημοῦντας
1296 3121 1472 3184 κακῶς
1536 3118 1725 3196 λέγειν,
1781 3114 1990 3177 ἐπειδᾶν
2047 3117 2170 3178 ἀνί-

618 3229 815 3287 σχοντα
842 3205 1023 3279 ἴδοιεν,
1056 3210 1126 3273 ὣς
1148 3205 1364 3264 καίοντα
1393 3207 1484 3264 καὶ
1511 3207 1846 3284 πολεμοῦντα
1871 3205 2064 3273 αὓτοῖς.
2096 3208 2168 3268 Οἱ

617 3293 666 3356 δ’
690 3298 744 3355 ἐν
775 3295 963 3377 Μερόῃ
991 3294 1084 3356 καὶ
1121 3293 1394 3375 Ἡρακλέα
1435 3294 1526 3354 καὶ
1572 3297 1726 3354 Πᾶνα
1760 3293 1854 3352 καὶ
1900 3283 2040 3354 Ἶσιν
2074 3293 2169 3354 σέ-

620 3382 835 3456 ὃονται,
861 3383 988 3465 πρὸς
1023 3382 1170 3465 ἄλλῳ
1191 3381 1297 3443 τινὶ
1329 3382 1638 3465 βαρόαρικῷ
1663 3385 1781 3464 θεῷ·
1807 3380 1900 3442 καὶ
1921 3382 2171 3464 βασιλέας

618 3477 902 3532 καθιστᾶσι
929 3469 1048 3540 τοὺς
1066 3473 1252 3532 κάλλει
1287 3470 1626 3554 διαφέροντας
1649 3470 1687 3543 ἢ
1713 3474 1870 3553 ἀρετῇ
1897 3494 2174 3555 κτηνοτρο·

622 3559 796 3645 φίαςῆ
825 3559 1062 3641 ἀνδρείας
1087 3559 1124 3634 ἢ
1165 3559 1416 3622 πλούτου.

702 3669 773 3713 47-
811 3647 942 3711 Ὅτι
968 3650 1216 3716 Αἰθίοπες
1241 3646 1352 3716 ἔθος
1373 3645 1553 3728 ἔχουσι
1583 3653 1845 3709 τοιοῦτον·
1887 3645 1942 3716 ὃς
1985 3645 2048 3707 ἃν
2084 3651 2175 3726 βα·

625 3737 798 3806 σιλεῦς
813 3741 1034 3820 πηρωθῇ
1059 3737 1214 3818 μέρος
1240 3758 1293 3796 τι
1306 3740 1398 3798 τοῦ
1421 3734 1664 3814 σώματος
1689 3739 1944 3810 ὁπωσοῦν,
1971 3735 2031 3796 τδ
2049 3735 2176 3796 αὐτὸ

621 3825 915 3907 πάσχουσιν
942 3826 992 3885 οἱ
1010 3823 1247 3893 συνόντες
1281 3826 1426 3906 αὐτῷ
1452 3826 1718 3901 μάλιστα,
1755 3826 1805 3885 οἱ
1834 3825 1882 3884 δ’
1907 3823 2054 3884 αὐτοὶ
2083 3823 2176 3883 καὶ

623 3912 1151 3986 συναποθνήσκουσιν·
1183 3915 1242 3972 ἐκ
1275 3911 1330 3972 δὲ
1370 3912 1554 3972 τούτου
1589 3907 1794 3993 φυλακὴ
1831 3910 2050 3983 πλείστη
2083 3915 2174 3970 τοῦ

623 4003 879 4085 βασιλέως
899 4002 1010 4061 ἐστὶ
1030 4003 1160 4083 παρ’
1190 4002 1384 4062 aflectu».

698 4110 774 4151 «a.
816 4085 946 4152 'On
977 4091 1028 4148 ἐν
1053 4090 1128 4168 τῷ
1160 4085 1340 4168 Νείλῳ
1365 4088 1590 4167 ποταμῷ
1619 4086 1811 4167 ἰχθύων
1837 4085 1959 4164 γένη
1979 4083 2175 4166 [πολλὰ

622 4175 744 4257 μὲν]
781 4174 871 4234 καὶ
895 4173 1031 4234 ἄλλα
1047 4218 1062 4241 ,
1093 4173 1492 4252 γνωριμώτατοι
1519 4173 1574 4232 δὲ
1597 4172 1630 4233 ὅ
1645 4195 1702 4232 τε
1728 4172 2004 4253 ὀξύρυγχος
2033 4171 2124 4231 καὶ
2146 4175 2175 4231 ὁ

622 4262 906 4332 λεπιδωτὸς
932 4262 1022 4322 καὶ
1046 4261 1203 4330 λάτος
1227 4262 1319 4320 καὶ
1347 4259 1547 4336 ἅλάὸης
1563 4261 1654 4321 καὶ
1672 4269 1942 4342 κορακῖνος
1957 4259 2046 4320 καὶ
2060 4269 2174 4340 χοί·

627 4374 712 4434 ρος
731 4351 820 4411 καὶ
845 4349 1136 4432 φαγρῶριος
1151 4395 1168 4426 ,
1191 4347 1247 4409 ὃν
1269 4347 1362 4409 καὶ
1390 4349 1584 4432 φάγρον
1607 4351 1874 4420 καλοῦσιν,
1905 4347 2136 4426 σίλουρος
2151 4393 2168 4424 ,

622 4439 864 4519 κίθαρος,
891 4435 1093 4516 θρίσσα,
1113 4438 1376 4518 κεστρεὺς,
1399 4436 1687 4516 ὀστρακίων
1716 4437 1772 4496 δὲ
1790 4435 1996 4517 λύχνος,
2015 4442 2173 4517 φῦσα,

623 4526 748 4595 ὅοῦς
763 4573 780 4602 ,
813 4525 1024 4608 κοχλίαι
1051 4526 1269 4605 μεγάλοι
1288 4525 1462 4608 φωνὴν
1489 4523 1788 4603 ὀλολυγόσιν
1807 4523 1992 4601 ὁμοίαν
2021 4528 2174 4604 φθεγ-

619 4615 858 4694 γόμενοι.
940 4613 1027 4676 Τὰ
1057 4615 1101 4674 δ’
1137 4614 1404 4700 ,ίπιχώρια
1445 4619 1554 4693 ζῷα
1599 4614 1889 4694 ἰχνεύμων,
1929 4610 2115 4686 ἀσπὶς,
2136 4615 2171 4684 ἡ

621 4702 718 4782 μὲν
751 4702 1070 4782 σπιθαμιαία
1091 4747 1107 4776 ,
1147 4702 1286 4784 ἥπερ
1313 4702 1403 4762 καὶ
1447 4699 1903 4783 ὀξυθανατωτέρα,
1933 4705 1966 4774 ἡ
1999 4699 2051 4760 δὲ
2084 4703 2174 4781 ὀρ·

618 4791 822 4871 γυιαία·
847 4790 1001 4871 ὄρνεα
1031 4789 1086 4851 δὲ
1099 4781 1240 4864 ἶὸις,
1268 4791 1408 4871 ἱέραξ
1444 4795 1472 4850 ὁ
1505 4789 1790 4870 Αἰγύπτιος
1820 4789 2049 4870 (ἥμερος
2071 4789 2176 4870 γὰρ

618 5037 832 5108 Νεῖλος]
856 5036 1010 5110 ταύτῃ
1030 5036 1059 5088 ὃ
1077 5035 1260 5099 Νεῖλος
1279 5035 1399 5092 cod.
1425 5036 1584 5090 Paris,
1608 5037 1873 5090 Debcbat:
1897 5035 1928 5103 ἦ
1949 5040 2094 5104 νῆσος
2113 5040 2185 5107 τῷ

1911 442 2595 504 CHRESTOMATHIAE

2267 574 2353 628 sit.
2412 575 2699 646 Imperavit
2752 573 2876 628 locus
2919 575 2971 628 in
3012 574 3205 646 quibus
3234 575 3509 648 cambysis
3562 577 3813 634 exercitus

2269 700 2543 770 ingruente
2566 712 2745 754 austro
2762 718 2917 754 arena
2949 701 3172 754 obrutus
3201 701 3315 754 fuit.

2340 828 2429 892 43.
2486 829 2797 901 AEthiopum
2826 847 2949 883 oves
2982 838 3036 883 et
3069 847 3240 902 caprae
3276 841 3331 885 et
3374 831 3533 884 boves
3564 849 3627 885 ac
3670 851 3817 890 canes

2269 915 2417 985 parvi
2439 913 2724 970 admodum
2752 927 2893 970 sunt.
2926 918 3081 970 Forte
3106 935 3169 971 ex
3194 918 3293 972 hac
3320 919 3595 974 occasione
3616 921 3814 980 initium

2269 1013 2580 1073 acceperunt
2606 1002 2673 1056 de
2698 1005 2949 1075 Pygmaeis
2986 1002 3201 1072 fabulae3
3238 1024 3363 1060 nam
3398 1024 3517 1078 quae
3554 1006 3623 1060 de
3648 1009 3711 1062 iis
3738 1008 3820 1062 di·

2269 1097 2468 1142 cuntur
2501 1106 2621 1143 vera
2646 1107 2755 1142 non
2777 1100 2919 1144 sunt.

2341 1188 2430 1250 44.
2452 1186 2718 1258 AEthiopes
2734 1205 2881 1257 reges
2898 1186 3078 1242 colunt
3092 1200 3151 1242 ut
3169 1188 3315 1244 deos.
3330 1193 3494 1262 Reges
3507 1191 3667 1246 clausi
3678 1191 3819 1249 donn

2271 1279 2473 1336 sedent.
2500 1283 2663 1353 Regni
2698 1294 2855 1354 caput
2877 1294 2955 1337 est
2974 1285 3155 1339 Meroe
3191 1286 3372 1340 civitas
3396 1287 3583 1342 eodem
3609 1290 3825 1344 nomine

2272 1394 2382 1448 quo
2423 1377 2613 1433 insula.
2718 1377 2888 1450 Hujus
2916 1379 3098 1435 insula!
3130 1380 3406 1453 longitudo
3427 1395 3508 1439 est
3531 1384 3824 1440 stadiorum

2273 1474 2434 1538 3000,
2456 1473 2678 1529 latitudo
2700 1493 2834 1531 1000
2852 1497 2868 1541 ;
2884 1475 3040 1530 urbes
3058 1477 3217 1534 habet
3231 1478 3525 1551 frequentes
3548 1493 3602 1536 et
3622 1494 3827 1537 montet

2271 1581 2325 1623 et
2342 1589 2559 1624 nemora
2580 1582 2736 1643 atque
2763 1574 2933 1626 omnis
2953 1575 3155 1644 generis
3182 1575 3405 1630 metalla.
3465 1578 3711 1632 Ambitur
3737 1581 3822 1632 in-

2271 1666 2383 1721 sula
2425 1686 2603 1722 versus
2648 1670 2867 1740 Libyam
2900 1671 3099 1742 magnis
3147 1689 3317 1726 arenae
3364 1673 3617 1741 cumulis,
3648 1693 3828 1730 versus

2273 1765 2518 1820 Arabiam
2545 1785 2667 1821 vero
2686 1769 2948 1838 continuis
2975 1769 3307 1843 praecipitiis3
3331 1769 3399 1825 ab
3420 1781 3599 1826 austro
3620 1789 3827 1828 sursum

2273 1880 2450 1916 versus
2478 1863 2758 1918 fluminum
2798 1882 3089 1932 concursu,
3120 1865 3419 1933 Astahorae,
3449 1868 3729 1941 Astapodis
3772 1879 3829 1924 et

2272 1959 2570 2026 Astasobae3
2592 1979 2623 2014 a
2648 1963 3005 2034 septentrione
3026 1972 3105 2016 est
3124 1962 3231 2016 Nili
3252 1961 3523 2018 decursus.

2344 2057 2433 2121 45.
2466 2057 2734 2130 AEthiopoe
2752 2059 2909 2112 ctiam
2933 2057 3175 2113 mulieres·
3209 2069 3435 2125 armant,
3461 2077 3688 2131 quarum
3717 2062 3827 2136 ple-

2274 2163 2449 2216 raeque
2474 2147 2581 2200 oris
2618 2145 2813 2200 labium
2850 2165 2995 2200 oeneo
3036 2146 3237 2201 circulo
3283 2145 3561 2220 trajectum
3610 2149 3827 2208 babent.

2270 2234 2404 2287 Sunt
2426 2245 2596 2287 autem
2626 2233 2820 2306 pelliti;
2851 2252 2971 2288 nam
3000 2252 3124 2289 ovea
3166 2252 3353 2290 eorum
3390 2234 3559 2290 lanam
3610 2255 3721 2293 non
3749 2238 3825 2292 fe-

2271 2330 2422 2384 runt,
2448 2319 2537 2373 aed
2561 2337 2837 2392 caprarum
2858 2322 2911 2372 in
2940 2337 3140 2375 morem
3168 2319 3321 2375 birtae
3349 2332 3494 2376 sunt.
3575 2323 3827 2378 Nonnulli

2268 2404 2401 2459 nudi
2426 2404 2695 2470 incedunt,
2722 2404 2967 2460 brevibus
2988 2405 3211 2477 pellibus
3236 2407 3469 2461 incincti.

2339 2495 2427 2555 46.
2466 2489 2736 2563 AEthiopcs
2758 2500 2950 2563 putant
2974 2490 3135 2544 deum
3176 2490 3397 2545 alterum
3439 2491 3787 2548 immortalem
3806 2535 3824 2560 ,

2266 2568 2490 2625 alterum
2534 2569 2805 2624 mortalem
2838 2587 2987 2637 esse;
3016 2570 3365 2624 immortalem
3390 2587 3568 2624 rerum
3585 2573 3829 2626 omnium

2267 2667 2497 2713 causam,
2522 2647 2796 2703 mortalem
2818 2667 2941 2704 vero
2959 2649 3175 2704 nomine
3188 2667 3367 2704 carere
3384 2660 3439 2704 et
3455 2650 3673 2720 cognitu
3691 2649 3828 2705 diffi-

2267 2727 2417 2782 cilem
2434 2745 2563 2784 esse.
2584 2728 2902 2800 Plerumque
2923 2740 3099 2783 autem
3123 2747 3213 2782 eos
3233 2747 3447 2801 quoque
3461 2748 3493 2782 a
3514 2729 3711 2802 quibus
3731 2730 3825 2784 be·

2265 2806 2510 2861 neficium
2530 2807 2844 2881 acceperint.
2861 2816 2914 2861 et
2930 2825 3077 2878 reges
3099 2826 3197 2880 pro
3217 2808 3317 2862 diis
3346 2808 3578 2874 habent3
3608 2819 3663 2863 et
3682 2827 3825 2880 regoe

2265 2886 2482 2959 quidem
2522 2897 2772 2959 tanquam
2818 2905 3126 2942 communes
3166 2888 3437 2952 omnium,
3466 2899 3667 2943 ceteros
3704 2906 3827 2944 vero

2266 2977 2517 3038 tanquam
2536 2966 2767 3037 privatos
2778 2963 2905 3020 deos
2918 2983 3105 3020 eorum
3122 2966 3315 3038 quihus
3339 2965 3412 3020 illi
3431 2964 3821 3021 benefecerunt.

2266 3046 2346 3098 Ex
2368 3045 2432 3098 iis
2450 3046 2544 3116 qui
2570 3042 2639 3097 ad
2660 3043 2918 3099 torridam
2942 3063 3127 3100 zonam
3150 3044 3388 3100 habitant
3402 3085 3417 3108 ‚
3438 3044 3681 3098 nonnulli
3704 3057 3825 3098 sunt

2264 3123 2358 3194 qui
2382 3120 2513 3176 deos
2538 3140 2649 3177 non
2671 3121 2883 3189 colunt;
2904 3141 3037 3194 quos
3059 3123 3217 3178 etiam
3246 3122 3355 3178 Soli
3380 3121 3571 3177 dicunt
3596 3121 3825 3178 infensos

2263 3220 2401 3267 esse,
2429 3220 2493 3256 ac
2524 3202 2671 3256 illum
2692 3243 2708 3270 ,
2732 3220 2899 3274 quum
2933 3203 3125 3256 exoriri
3164 3203 3371 3268 vident,
3402 3200 3648 3256 detestari
3672 3221 3827 3275 prop-

2265 3292 2409 3338 terea
2433 3281 2582 3355 quod
2604 3300 2695 3336 eos
2724 3292 2849 3336 urat
2876 3292 2929 3336 et
2954 3282 3178 3339 infestet.
3213 3281 3450 3336 Meroitae
3479 3289 3657 3334 autem
3699 3281 3827 3333 Her-

2265 3363 2439 3416 culem
2455 3402 2471 3429 ,
2501 3364 2695 3416 Panem
2724 3371 2779 3415 et
2800 3362 2928 3414 Isim
2956 3361 3139 3417 colunt
3156 3403 3173 3430 ‚
3194 3379 3255 3414 ac
3281 3370 3532 3432 praeterea
3558 3357 3825 3431 quendam

2265 3439 2427 3495 deum
2461 3439 2818 3496 barbaricum.
2875 3441 3039 3511 Reges
3080 3441 3411 3495 constituunt
3448 3457 3569 3504 eos,
3618 3441 3714 3512 qui
3748 3439 3827 3495 vel

2267 3519 2440 3574 forma
2462 3518 2542 3573 vel
2586 3517 2897 3572 alendorum
2932 3536 3182 3592 pecorum
3204 3519 3400 3573 virtute
3424 3517 3519 3573 vel
3532 3518 3728 3576 robore
3750 3520 3826 3574 vel

2266 3599 2460 3672 opibus
2487 3597 2761 3655 excellant.

2338 3683 2429 3750 47.
2477 3677 2791 3752 AEthiopum
2819 3695 2935 3734 mos
2974 3689 3081 3746 est,
3108 3689 3197 3745 ιιι,-
3220 3678 3310 3732 ubi
3350 3697 3443 3733 rex
3470 3677 3651 3752 aliqua
3680 3691 3827 3752 parte

2264 3784 2504 3858 corporis
2532 3783 2822 3850 mutilatur,
2847 3783 3127 3838 familiares
3158 3782 3298 3838 idem
3326 3784 3598 3856 patiantur
3630 3795 3683 3838 et
3704 3803 3826 3839 cum

2265 3903 2333 3941 eo
2379 3885 2537 3940 etiam
2596 3887 2922 3952 moriantur3
2971 3884 3173 3940 idcirco
3220 3887 3450 3940 maxima
3492 3885 3561 3940 ab
3593 3885 3673 3939 bis
3718 3887 3826 3958 regi

2265 3989 2504 4045 custodia
2523 3987 2826 4046 adhibetur.

2336 4097 2427 4158 48.
2468 4095 2529 4147 In
2554 4093 2676 4148 Nilo
2701 4093 2925 4148 flumine
2960 4093 3183 4165 piscium
3220 4109 3409 4162 genera
3438 4091 3603 4148 multa
3620 4103 3743 4146 sunt
3762 4110 3826 4146 ac

2265 4161 2497 4229 divem5
2528 4163 2791 4218 notissimi
2815 4180 2943 4218 vero
2978 4173 3102 4216 sunt
3125 4161 3473 4234 oxyrynchus·
3492 4173 3543 4216 et
3564 4161 3824 4235 lepidotus

2266 4244 2321 4288 et
2344 4232 2479 4288 latus
2501 4244 2557 4288 et
2576 4233 2747 4288 alabca
2769 4244 2823 4287 et
2843 4233 3115 4291 coracinus
3133 4243 3187 4286 et
3204 4249 3396 4304 porcus
3415 4243 3471 4287 et
3490 4231 3819 4305 phagum-ius,

2266 4321 2423 4375 quem
2452 4305 2611 4358 etiam
2642 4304 2901 4376 phagrum
2934 4314 3123 4358 vocant
3142 4344 3159 4369 ,
3191 4303 3317 4356 item
3356 4303 3549 4357 silurus
3575 4313 3630 4356 et
3664 4303 3824 4355 citha·

2265 4391 2357 4428 rus
2384 4385 2436 4428 et
2476 4374 2665 4429 thu-issa
2708 4384 2762 4429 et
2788 4373 2984 4444 mugil;
3022 4391 3088 4427 ex
3128 4374 3375 4427 ostraceis
3418 4390 3545 4427 vero
3572 4371 3819 4444 lychnus,

2266 4444 2433 4517 physe
2451 4485 2467 4510 ,
2496 4444 2612 4509 bos,
2649 4445 2774 4498 item
2812 4443 3036 4498 cochleae
3058 4445 3293 4514 ingentes
3315 4457 3437 4514 quae
3456 4459 3637 4497 vocem
3659 4441 3823 4495 edunt

2267 4524 2328 4568 ut
2353 4514 2527 4570 ululae.
2560 4514 2819 4570 Animalia
2845 4513 2947 4568 sibi
2982 4513 3202 4585 propria
3233 4513 3486 4584 AEgyptus
3514 4511 3821 4566 ichneumo-

2267 4603 2390 4709 323?
2410 4582 3395 4724 zzsspss‘ffffifflaerss‘sssssaenr
3408 4581 3822 4707 3¹:22⁵&ss

2267 4695 2458 4781 ibin⁹et
2475 4727 2780 4799 accipitrem
2808 4724 3110 4797 AEgyptium
3141 4725 3269 4795 (qui
3296 4693 3622 4777 mansuetior
3642 4732 3721 4776 est
3759 4723 3823 4776 iis

2269 4797 2363 4867 qui
2404 4797 2526 4851 alibi
2569 4807 2713 4860 sunt,
2756 4793 3203 4867 quemadmodum
3233 4805 3286 4848 et
3318 4792 3473 4864 felis)
3508 4803 3559 4846 et
3602 4810 3820 4846 corvum

2276 5031 2529 5104 ἀνδρείᾳῆ
2558 5032 2757 5102 πλούτῳ
2778 5030 2984 5088 Strabo.
3018 5032 3040 5102 ss
3062 5061 3134 5072 —-
3154 5035 3241 5098 47.
3272 5048 3329 5102 p.
3361 5029 3497 5096 823,
3523 5033 3678 5086 ABG.
3710 5029 3732 5098 ΙΙ
3754 5057 3823 5069 -

619 5115 774 5190 ταύτῃ
793 5115 962 5190 Νείλῳ
975 5115 1060 5170 καὶ
1082 5116 1182 5170 θισὶ
1201 5127 1302 5172 etc.
1327 5117 1350 5188 ΙΙ
1372 5115 1537 5180 -45,
1555 5134 1608 5189 p.
1632 5119 1762 5181 822,
1781 5121 1935 5172 BCD.
1959 5117 1980 5188 ΙΙ
1996 5146 2069 5159 -
2087 5119 2175 5180 46.
2277 5114 2365 5175 48.
2395 5130 2452 5184 p.
2474 5113 2598 5177 823,
2628 5115 2697 5167 D.
2727 5110 2930 5183 θρίσσα]
2954 5104 3140 5183 θρῆσσα
3160 5107 3326 5164 codex
3344 5107 3401 5163 h.
3428 5108 3463 5162 Ι.
3490 5118 3542 5163 ct
3560 5127 3619 5165 n.
3646 5112 3743 5177 493
3774 5105 3827 5160 δὲ

620 5216 676 5271 p.
715 5199 839 5262 822,
867 5200 941 5250 D.
966 5195 1081 5260 τους
1106 5194 1388 5268 εὖεργετάς]
1422 5195 1489 5258 ὡς
1509 5196 1554 5248 δ’
1582 5195 1660 5250 ἐπὶ
1685 5196 1743 5250 τδ
1769 5195 1898 5250 πολὺ
1924 5195 2034 5252 τοὺς
2050 5195 2179 5266 εὗερ-
2272 5191 2484 5262 λύχνος]
2520 5191 2750 5262 ὃίλυχνος
2785 5189 2905 5245 cod.
2953 5212 2975 5240 ι
3000 5191 3249 5245 Ceterum
3287 5185 3531 5256 legendus
3569 5187 3657 5242 hic
3683 5185 3827 5239 locus

620 5277 768 5350 γέτας
801 5274 1020 5343 Strabo;
1056 5273 1253 5347 αὖτοῒς]
1278 5273 1451 5338 αὖτοὺς
1481 5273 1626 5340 cod.;
1653 5272 1871 5346 ἀνδρείας
1893 5273 1924 5341 ἢ
1947 5273 2179 5346 πλούτου]
2203 5311 2206 5314 -
2275 5270 2380 5324 ita:
2404 5269 2643 5341 κεστρεὺς,
2666 5274 2813 5342 φῦσα,
2832 5269 2969 5341 βοῦς·
2992 5267 3261 5341 ὀστρακίων
3280 5265 3334 5318 δὲ
3352 5265 3554 5338 κοχλίαι
3569 5265 3681 5322 κτλ.
3696 5263 3826 5317 Vid.
