<?xml version="1.0" encoding="UTF-8"?>
<!DOCTYPE html PUBLIC "-//W3C//DTD XHTML 1.0 Transitional//EN"
    "http://www.w3.org/TR/xhtml1/DTD/xhtml1-transitional.dtd">
<html xmlns="http://www.w3.org/1999/xhtml" xml:lang="en" lang="en">
 <head>
  <title>
</title>
<meta http-equiv="Content-Type" content="text/html;charset=utf-8" />
  <meta name='ocr-system' content='tesseract 3.04.00' />
  <meta name='ocr-capabilities' content='ocr_page ocr_carea ocr_par ocr_line ocrx_word'/>
</head>
<body>
  <div class='ocr_page' id='page_1' title='image "./geographigraeci05mlgoog_0214.png"; bbox 0 0 4584 6284; ppageno 0'>
   <div class='ocr_carea' id='block_1_1' title="bbox 694 534 810 588">
    <p class='ocr_par' dir='ltr' id='par_1_1' title="bbox 694 534 810 588">
     <span class='ocr_line' id='line_1_1' title="bbox 694 534 810 588; baseline -0.034 0"><span class='ocrx_word' id='word_1_1' title='bbox 694 534 810 588; x_wconf 73' lang='grc' dir='ltr'>ΗΟ</span> 
     </span>
    </p>
   </div>
   <div class='ocr_carea' id='block_1_2' title="bbox 725 652 2161 1612">
    <p class='ocr_par' dir='ltr' id='par_1_2' title="bbox 835 652 2161 911">
     <span class='ocr_line' id='line_1_2' title="bbox 843 652 2081 736; baseline 0 -21"><span class='ocrx_word' id='word_1_2' title='bbox 843 654 1008 733; x_wconf 77' lang='grc' dir='ltr'><strong>Ἱρὴν,</strong></span> <span class='ocrx_word' id='word_1_3' title='bbox 1041 654 1106 726; x_wconf 78' lang='grc' dir='ltr'>ἣν</span> <span class='ocrx_word' id='word_1_4' title='bbox 1128 652 1368 712; x_wconf 77' lang='grc' dir='ltr'><strong>ἐνέπουσι</strong></span> <span class='ocrx_word' id='word_1_5' title='bbox 1395 653 1565 736; x_wconf 70' lang='grc' dir='ltr'><strong>κάρ-ην</strong></span> <span class='ocrx_word' id='word_1_6' title='bbox 1588 652 1712 731; x_wconf 75' lang='grc' dir='ltr'><strong>ἔμεν</strong></span> <span class='ocrx_word' id='word_1_7' title='bbox 1745 656 2081 734; x_wconf 82' lang='grc' dir='ltr'><strong>Εὗρωπείης,</strong></span> 
     </span>
     <span class='ocr_line' id='line_1_3' title="bbox 835 740 2161 822; baseline 0.001 -20"><span class='ocrx_word' id='word_1_8' title='bbox 835 742 1026 815; x_wconf 80' lang='grc' dir='ltr'><strong>νήσους</strong></span> <span class='ocrx_word' id='word_1_9' title='bbox 1054 740 1404 822; x_wconf 77' lang='grc' dir='ltr'><strong>Ἑσπερίδας,</strong></span> <span class='ocrx_word' id='word_1_10' title='bbox 1437 740 1548 803; x_wconf 80' lang='grc' dir='ltr'><strong>τόθι</strong></span> <span class='ocrx_word' id='word_1_11' title='bbox 1575 742 1904 821; x_wconf 68' lang='grc' dir='ltr'><strong>κασσιτέροιο</strong></span> <span class='ocrx_word' id='word_1_12' title='bbox 1924 743 2161 821; x_wconf 69' lang='grc' dir='ltr'><strong>γενέθλη,</strong></span> 
     </span>
     <span class='ocr_line' id='line_1_4' title="bbox 838 826 2018 911; baseline 0 -22"><span class='ocrx_word' id='word_1_13' title='bbox 838 828 1039 911; x_wconf 78' lang='grc' dir='ltr'><strong>ἀφνειοὶ</strong></span> <span class='ocrx_word' id='word_1_14' title='bbox 1065 828 1298 888; x_wconf 77' lang='grc' dir='ltr'><strong>ναίουσιν</strong></span> <span class='ocrx_word' id='word_1_15' title='bbox 1329 831 1540 909; x_wconf 71' lang='grc' dir='ltr'><strong>ἀγαυῶν</strong></span> <span class='ocrx_word' id='word_1_16' title='bbox 1565 828 1750 896; x_wconf 81' lang='grc' dir='ltr'><strong>παῖδες</strong></span> <span class='ocrx_word' id='word_1_17' title='bbox 1775 826 2018 908; x_wconf 73' lang='grc' dir='ltr'><strong>Ἰὅήρων.</strong></span> 
     </span>
    </p>

    <p class='ocr_par' dir='ltr' id='par_1_3' title="bbox 729 914 2132 1351">
     <span class='ocr_line' id='line_1_5' title="bbox 729 914 2120 999; baseline -0.002 -20"><span class='ocrx_word' id='word_1_18' title='bbox 729 939 812 979; x_wconf 70' lang='lat' dir='ltr'>aas</span> <span class='ocrx_word' id='word_1_19' title='bbox 837 914 1027 979; x_wconf 80' lang='grc' dir='ltr'><strong>Ἄλλαι</strong></span> <span class='ocrx_word' id='word_1_20' title='bbox 1055 918 1104 976; x_wconf 84' lang='grc' dir='ltr'>δ’</span> <span class='ocrx_word' id='word_1_21' title='bbox 1127 916 1404 978; x_wconf 78' lang='grc' dir='ltr'><strong>Ὠκεανοῖο</strong></span> <span class='ocrx_word' id='word_1_22' title='bbox 1431 917 1598 996; x_wconf 75' lang='grc' dir='ltr'><strong>παραὶ</strong></span> <span class='ocrx_word' id='word_1_23' title='bbox 1625 916 1934 999; x_wconf 74' lang='grc' dir='ltr'><strong>βορεώτιδας</strong></span> <span class='ocrx_word' id='word_1_24' title='bbox 1961 916 2120 985; x_wconf 69' lang='grc' dir='ltr'><strong>ἀκτὰς</strong></span> 
     </span>
     <span class='ocr_line' id='line_1_6' title="bbox 837 1002 2116 1086; baseline -0.001 -21"><span class='ocrx_word' id='word_1_25' title='bbox 837 1005 1012 1067; x_wconf 73' lang='grc' dir='ltr'><strong>δισσαὶ</strong></span> <span class='ocrx_word' id='word_1_26' title='bbox 1041 1010 1192 1079; x_wconf 77' lang='grc' dir='ltr'><strong>νῆσοι</strong></span> <span class='ocrx_word' id='word_1_27' title='bbox 1217 1002 1339 1064; x_wconf 68' lang='grc' dir='ltr'><strong>ἔασι</strong></span> <span class='ocrx_word' id='word_1_28' title='bbox 1364 1004 1691 1086; x_wconf 80' lang='grc' dir='ltr'><strong>Βρετανίδες,</strong></span> <span class='ocrx_word' id='word_1_29' title='bbox 1722 1004 1873 1065; x_wconf 73' lang='grc' dir='ltr'><strong>ἀντία</strong></span> <span class='ocrx_word' id='word_1_30' title='bbox 1897 1004 2086 1077; x_wconf 73' lang='grc' dir='ltr'><strong>Ῥήνου</strong></span> <span class='ocrx_word' id='word_1_31' title='bbox 2103 1028 2116 1043; x_wconf 87' lang='grc'><em>·</em></span> 
     </span>
     <span class='ocr_line' id='line_1_7' title="bbox 833 1091 2132 1175; baseline -0.002 -23"><span class='ocrx_word' id='word_1_32' title='bbox 833 1093 966 1153; x_wconf 83' lang='grc' dir='ltr'><strong>κεῖθι</strong></span> <span class='ocrx_word' id='word_1_33' title='bbox 991 1092 1095 1169; x_wconf 75' lang='grc' dir='ltr'>γὰρ</span> <span class='ocrx_word' id='word_1_34' title='bbox 1123 1092 1374 1165; x_wconf 70' lang='grc' dir='ltr'><strong>ὕστατίην</strong></span> <span class='ocrx_word' id='word_1_35' title='bbox 1400 1091 1739 1175; x_wconf 77' lang='grc' dir='ltr'><strong>ἀπερεύγεται</strong></span> <span class='ocrx_word' id='word_1_36' title='bbox 1765 1096 1838 1161; x_wconf 85' lang='grc' dir='ltr'>εἰς</span> <span class='ocrx_word' id='word_1_37' title='bbox 1860 1092 1961 1153; x_wconf 74' lang='grc' dir='ltr'>ἅλα</span> <span class='ocrx_word' id='word_1_38' title='bbox 1991 1093 2132 1167; x_wconf 85' lang='grc' dir='ltr'><strong>δίνην</strong></span> 
     </span>
     <span class='ocr_line' id='line_1_8' title="bbox 834 1180 2092 1261; baseline -0.001 -18"><span class='ocrx_word' id='word_1_39' title='bbox 834 1184 998 1243; x_wconf 77' lang='grc' dir='ltr'>Τᾶων</span> <span class='ocrx_word' id='word_1_40' title='bbox 1032 1204 1112 1241; x_wconf 90' lang='grc' dir='ltr'>τοι</span> <span class='ocrx_word' id='word_1_41' title='bbox 1140 1180 1354 1259; x_wconf 77' lang='grc' dir='ltr'><strong>μέγεθος</strong></span> <span class='ocrx_word' id='word_1_42' title='bbox 1383 1180 1682 1261; x_wconf 81' lang='grc' dir='ltr'><strong>περιώσιον,</strong></span> <span class='ocrx_word' id='word_1_43' title='bbox 1709 1182 1826 1241; x_wconf 71' lang='grc' dir='ltr'><strong>οὐδέ</strong></span> <span class='ocrx_word' id='word_1_44' title='bbox 1853 1206 1930 1249; x_wconf 87' lang='grc' dir='ltr'>τις</span> <span class='ocrx_word' id='word_1_45' title='bbox 1957 1182 2092 1255; x_wconf 72' lang='grc' dir='ltr'><strong>ἄλλη</strong></span> 
     </span>
     <span class='ocr_line' id='line_1_9' title="bbox 834 1268 1988 1351; baseline -0.001 -20"><span class='ocrx_word' id='word_1_46' title='bbox 834 1269 1011 1343; x_wconf 79' lang='grc' dir='ltr'><strong>νήσοις</strong></span> <span class='ocrx_word' id='word_1_47' title='bbox 1040 1272 1092 1329; x_wconf 77' lang='grc' dir='ltr'>ἐν</span> <span class='ocrx_word' id='word_1_48' title='bbox 1115 1269 1322 1348; x_wconf 81' lang='grc' dir='ltr'><strong>πάσῃσι</strong></span> <span class='ocrx_word' id='word_1_49' title='bbox 1349 1268 1654 1346; x_wconf 83' lang='grc' dir='ltr'><strong>Βρετανίσιν</strong></span> <span class='ocrx_word' id='word_1_50' title='bbox 1679 1270 1988 1351; x_wconf 79' lang='grc' dir='ltr'><strong>ἰσοφαρίζει.</strong></span> 
     </span>
    </p>

    <p class='ocr_par' dir='ltr' id='par_1_4' title="bbox 725 1354 2154 1612">
     <span class='ocr_line' id='line_1_10' title="bbox 725 1354 2154 1437; baseline -0.001 -18"><span class='ocrx_word' id='word_1_51' title='bbox 725 1378 814 1421; x_wconf 68' lang='grc' dir='ltr'>εἳο</span> <span class='ocrx_word' id='word_1_52' title='bbox 834 1356 992 1437; x_wconf 80' lang='grc' dir='ltr'><strong>Ἄγχι</strong></span> <span class='ocrx_word' id='word_1_53' title='bbox 1017 1356 1073 1417; x_wconf 70' lang='grc' dir='ltr'>δὲ</span> <span class='ocrx_word' id='word_1_54' title='bbox 1100 1356 1326 1430; x_wconf 74' lang='grc' dir='ltr'><strong>νησίδων</strong></span> <span class='ocrx_word' id='word_1_55' title='bbox 1354 1356 1522 1437; x_wconf 78' lang='grc' dir='ltr'><strong>ἔτερος</strong></span> <span class='ocrx_word' id='word_1_56' title='bbox 1545 1355 1732 1437; x_wconf 84' lang='grc' dir='ltr'><strong>πόρος,</strong></span> <span class='ocrx_word' id='word_1_57' title='bbox 1764 1354 1886 1417; x_wconf 71' lang='grc' dir='ltr'><strong>ἔνθα</strong></span> <span class='ocrx_word' id='word_1_58' title='bbox 1913 1362 2154 1435; x_wconf 82' lang='grc' dir='ltr'><strong>γυναῖκες</strong></span> 
     </span>
     <span class='ocr_line' id='line_1_11' title="bbox 835 1443 1954 1525; baseline -0.001 -20"><span class='ocrx_word' id='word_1_59' title='bbox 835 1448 1036 1524; x_wconf 80' lang='grc' dir='ltr'><strong>ἀνδρῶν</strong></span> <span class='ocrx_word' id='word_1_60' title='bbox 1066 1444 1403 1525; x_wconf 71' lang='grc' dir='ltr'><strong>ἀντιπέρηθεν</strong></span> <span class='ocrx_word' id='word_1_61' title='bbox 1431 1447 1640 1523; x_wconf 81' lang='grc' dir='ltr'><strong>ἀγαυῶν</strong></span> <span class='ocrx_word' id='word_1_62' title='bbox 1666 1443 1954 1520; x_wconf 75' lang='grc' dir='ltr'><strong>Ἀμνιτάων</strong></span> 
     </span>
     <span class='ocr_line' id='line_1_12' title="bbox 833 1531 2126 1612; baseline 0 -23"><span class='ocrx_word' id='word_1_63' title='bbox 833 1532 1115 1611; x_wconf 72' lang='grc' dir='ltr'><strong>ὀρνύμεναι</strong></span> <span class='ocrx_word' id='word_1_64' title='bbox 1141 1532 1372 1591; x_wconf 71' lang='grc' dir='ltr'><strong>τελέουσι</strong></span> <span class='ocrx_word' id='word_1_65' title='bbox 1403 1531 1538 1591; x_wconf 73' lang='grc' dir='ltr'><strong>κατὰ</strong></span> <span class='ocrx_word' id='word_1_66' title='bbox 1567 1532 1724 1607; x_wconf 81' lang='grc' dir='ltr'><strong>νόμον</strong></span> <span class='ocrx_word' id='word_1_67' title='bbox 1749 1531 1862 1610; x_wconf 61' lang='grc' dir='ltr'><strong>ἱερὰ</strong></span> <span class='ocrx_word' id='word_1_68' title='bbox 1897 1531 2089 1612; x_wconf 64' lang='grc' dir='ltr'><strong>Βάκχῳ</strong></span> <span class='ocrx_word' id='word_1_69' title='bbox 2109 1578 2126 1597; x_wconf 81' lang='grc'>,</span> 
     </span>
    </p>
   </div>
   <div class='ocr_carea' id='block_1_3' title="bbox 885 1703 1032 1714">
    <p class='ocr_par' dir='ltr' id='par_1_5' title="bbox 885 1703 1032 1714">
     <span class='ocr_line' id='line_1_13' title="bbox 885 1703 1032 1714; baseline 0 0"><span class='ocrx_word' id='word_1_70' title='bbox 885 1703 1032 1714; x_wconf 95' lang='lat' dir='ltr'> </span> 
     </span>
    </p>
   </div>
   <div class='ocr_carea' id='block_1_4' title="bbox 1035 1702 1207 1714">
    <p class='ocr_par' dir='ltr' id='par_1_6' title="bbox 1035 1702 1207 1714">
     <span class='ocr_line' id='line_1_14' title="bbox 1035 1702 1207 1714; baseline 0 0"><span class='ocrx_word' id='word_1_71' title='bbox 1035 1702 1207 1714; x_wconf 95' lang='lat' dir='ltr'> </span> 
     </span>
    </p>
   </div>
   <div class='ocr_carea' id='block_1_5' title="bbox 635 1796 2229 5435">
    <p class='ocr_par' dir='ltr' id='par_1_7' title="bbox 635 1796 2229 5435">
     <span class='ocr_line' id='line_1_15' title="bbox 665 1796 2228 1869; baseline 0.001 -17"><span class='ocrx_word' id='word_1_72' title='bbox 665 1800 878 1869; x_wconf 82' lang='lat' dir='ltr'>rigitur,</span> <span class='ocrx_word' id='word_1_73' title='bbox 909 1796 1060 1851; x_wconf 84' lang='lat' dir='ltr'>facile</span> <span class='ocrx_word' id='word_1_74' title='bbox 1083 1796 1263 1851; x_wconf 86' lang='lat' dir='ltr'>induci</span> <span class='ocrx_word' id='word_1_75' title='bbox 1293 1798 1492 1869; x_wconf 82' lang='lat' dir='ltr'>potuit,</span> <span class='ocrx_word' id='word_1_76' title='bbox 1525 1808 1585 1849; x_wconf 88' lang='lat' dir='ltr'>ut</span> <span class='ocrx_word' id='word_1_77' title='bbox 1615 1796 1975 1851; x_wconf 83' lang='lat' dir='ltr'>occidentales</span> <span class='ocrx_word' id='word_1_78' title='bbox 2003 1800 2122 1851; x_wconf 80' lang='lat' dir='ltr'>istas</span> <span class='ocrx_word' id='word_1_79' title='bbox 2149 1800 2228 1853; x_wconf 90' lang='lat' dir='ltr'>in·</span> 
     </span>
     <span class='ocr_line' id='line_1_16' title="bbox 667 1873 2229 1949; baseline 0.002 -18"><span class='ocrx_word' id='word_1_80' title='bbox 667 1878 808 1931; x_wconf 86' lang='lat' dir='ltr'>sulas</span> <span class='ocrx_word' id='word_1_81' title='bbox 846 1873 916 1930; x_wconf 88' lang='lat' dir='ltr'>ad</span> <span class='ocrx_word' id='word_1_82' title='bbox 947 1876 1086 1930; x_wconf 87' lang='lat' dir='ltr'>banc</span> <span class='ocrx_word' id='word_1_83' title='bbox 1115 1875 1298 1930; x_wconf 76' lang='lat' dir='ltr'>lberioe</span> <span class='ocrx_word' id='word_1_84' title='bbox 1333 1878 1714 1931; x_wconf 75' lang='lat' dir='ltr'>extremitatem</span> <span class='ocrx_word' id='word_1_85' title='bbox 1748 1876 2068 1935; x_wconf 75' lang='lat' dir='ltr'>transferret.</span> <span class='ocrx_word' id='word_1_86' title='bbox 2103 1879 2126 1949; x_wconf 90' lang='grc' dir='ltr'>ΙΙ</span> <span class='ocrx_word' id='word_1_87' title='bbox 2155 1908 2229 1920; x_wconf 90' lang='grc'><strong>-</strong></span> 
     </span>
     <span class='ocr_line' id='line_1_17' title="bbox 665 1959 2226 2037; baseline 0 -21"><span class='ocrx_word' id='word_1_88' title='bbox 665 1962 793 2019; x_wconf 93' lang='grc'><strong>562.</strong></span> <span class='ocrx_word' id='word_1_89' title='bbox 824 1960 954 2034; x_wconf 76' lang='grc' dir='ltr'><strong>ἱρὴν]</strong></span> <span class='ocrx_word' id='word_1_90' title='bbox 980 1959 1113 2035; x_wconf 76' lang='grc' dir='ltr'><strong>ἱερὴν</strong></span> <span class='ocrx_word' id='word_1_91' title='bbox 1133 1966 1267 2027; x_wconf 70' lang='lat' dir='ltr'>Mt,-</span> <span class='ocrx_word' id='word_1_92' title='bbox 1293 1960 1538 2017; x_wconf 68' lang='grc' dir='ltr'><strong>ἔννίτεουσι</strong></span> <span class='ocrx_word' id='word_1_93' title='bbox 1568 1968 1624 2032; x_wconf 83' lang='grc'>0,·</span> <span class='ocrx_word' id='word_1_94' title='bbox 1655 1960 1795 2036; x_wconf 75' lang='grc' dir='ltr'><strong>ἔμεν]</strong></span> <span class='ocrx_word' id='word_1_95' title='bbox 1827 1960 1963 2035; x_wconf 73' lang='grc' dir='ltr'><strong>ῐμεν’</strong></span> <span class='ocrx_word' id='word_1_96' title='bbox 1986 1963 2038 2030; x_wconf 78' lang='lat' dir='ltr'>b,</span> <span class='ocrx_word' id='word_1_97' title='bbox 2070 1963 2226 2037; x_wconf 72' lang='grc' dir='ltr'><strong>ἔμμεν</strong></span> 
     </span>
     <span class='ocr_line' id='line_1_18' title="bbox 664 2039 2225 2114; baseline 0.001 -18"><span class='ocrx_word' id='word_1_98' title='bbox 664 2044 833 2107; x_wconf 82' lang='lat' dir='ltr'>AcD,</span> <span class='ocrx_word' id='word_1_99' title='bbox 873 2042 1080 2114; x_wconf 61' lang='grc' dir='ltr'><strong>ἔμμεναι</strong></span> <span class='ocrx_word' id='word_1_100' title='bbox 1104 2044 1288 2113; x_wconf 74' lang='lat' dir='ltr'>Beoqt.</span> <span class='ocrx_word' id='word_1_101' title='bbox 1316 2040 1339 2111; x_wconf 87' lang='grc' dir='ltr'>ΙΙ</span> <span class='ocrx_word' id='word_1_102' title='bbox 1364 2070 1440 2083; x_wconf 90' lang='lat'><em>-</em></span> <span class='ocrx_word' id='word_1_103' title='bbox 1461 2040 1587 2097; x_wconf 81' lang='grc'><strong>563.</strong></span> <span class='ocrx_word' id='word_1_104' title='bbox 1630 2040 1804 2108; x_wconf 80' lang='grc' dir='ltr'><strong>νήσους</strong></span> <span class='ocrx_word' id='word_1_105' title='bbox 1843 2039 1978 2113; x_wconf 62' lang='grc' dir='ltr'><strong>ἔστι]</strong></span> <span class='ocrx_word' id='word_1_106' title='bbox 2008 2042 2084 2096; x_wconf 87' lang='lat' dir='ltr'>sic</span> <span class='ocrx_word' id='word_1_107' title='bbox 2111 2059 2134 2096; x_wconf 90' lang='grc' dir='ltr'>ε</span> <span class='ocrx_word' id='word_1_108' title='bbox 2158 2060 2225 2097; x_wconf 84' lang='lat' dir='ltr'>ex</span> 
     </span>
     <span class='ocr_line' id='line_1_19' title="bbox 663 2119 2220 2193; baseline 0.001 -18"><span class='ocrx_word' id='word_1_109' title='bbox 663 2138 834 2193; x_wconf 88' lang='lat' dir='ltr'>eoque</span> <span class='ocrx_word' id='word_1_110' title='bbox 861 2119 1260 2193; x_wconf 67' lang='lat' dir='ltr'>Bernhardyusa</span> <span class='ocrx_word' id='word_1_111' title='bbox 1281 2119 1433 2187; x_wconf 79' lang='grc' dir='ltr'><strong>νήσου</strong></span> <span class='ocrx_word' id='word_1_112' title='bbox 1457 2121 1500 2174; x_wconf 88' lang='grc' dir='ltr'>θ’</span> <span class='ocrx_word' id='word_1_113' title='bbox 1527 2119 1636 2177; x_wconf 67' lang='lat' dir='ltr'>ion.</span> <span class='ocrx_word' id='word_1_114' title='bbox 1664 2124 1789 2191; x_wconf 74' lang='lat' dir='ltr'>Flt‘3</span> <span class='ocrx_word' id='word_1_115' title='bbox 1802 2119 1974 2187; x_wconf 77' lang='grc' dir='ltr'><strong>νήσους</strong></span> <span class='ocrx_word' id='word_1_116' title='bbox 1995 2121 2038 2175; x_wconf 86' lang='grc' dir='ltr'>θ’</span> <span class='ocrx_word' id='word_1_117' title='bbox 2058 2120 2220 2193; x_wconf 73' lang='grc' dir='ltr'><strong>ἕσπερ.</strong></span> 
     </span>
     <span class='ocr_line' id='line_1_20' title="bbox 663 2197 2224 2271; baseline 0.001 -17"><span class='ocrx_word' id='word_1_118' title='bbox 663 2209 789 2256; x_wconf 88' lang='lat' dir='ltr'>cett.</span> <span class='ocrx_word' id='word_1_119' title='bbox 838 2197 1002 2254; x_wconf 89' lang='lat' dir='ltr'>codd.</span> <span class='ocrx_word' id='word_1_120' title='bbox 1040 2200 1062 2269; x_wconf 81' lang='grc' dir='ltr'>ΙΙ</span> <span class='ocrx_word' id='word_1_121' title='bbox 1092 2229 1166 2241; x_wconf 93' lang='lat'>—</span> <span class='ocrx_word' id='word_1_122' title='bbox 1191 2198 1318 2271; x_wconf 83' lang='grc' dir='ltr'><strong>τόθι]</strong></span> <span class='ocrx_word' id='word_1_123' title='bbox 1361 2200 1440 2253; x_wconf 76' lang='grc' dir='ltr'>ὅθι</span> <span class='ocrx_word' id='word_1_124' title='bbox 1463 2199 2107 2263; x_wconf 69' lang='grc' dir='ltr'><strong>ΑΟθΕΧΝΟΥΧῠοεοες</strong></span> <span class='ocrx_word' id='word_1_125' title='bbox 2145 2202 2224 2255; x_wconf 77' lang='grc' dir='ltr'>ὅτι</span> 
     </span>
     <span class='ocr_line' id='line_1_21' title="bbox 660 2276 2216 2351; baseline -0.001 -16"><span class='ocrx_word' id='word_1_126' title='bbox 660 2276 808 2345; x_wconf 79' lang='lat' dir='ltr'>Ald.;</span> <span class='ocrx_word' id='word_1_127' title='bbox 829 2278 1102 2351; x_wconf 75' lang='grc' dir='ltr'><strong>κασιτίροιο</strong></span> <span class='ocrx_word' id='word_1_128' title='bbox 1127 2296 1186 2341; x_wconf 87' lang='lat'>0,-</span> <span class='ocrx_word' id='word_1_129' title='bbox 1212 2277 1450 2350; x_wconf 71' lang='grc' dir='ltr'><strong>γενίθλην</strong></span> <span class='ocrx_word' id='word_1_130' title='bbox 1476 2278 1849 2337; x_wconf 74' lang='lat' dir='ltr'>FNonekm.</span> <span class='ocrx_word' id='word_1_131' title='bbox 1874 2277 1959 2334; x_wconf 88' lang='lat' dir='ltr'>Cf.</span> <span class='ocrx_word' id='word_1_132' title='bbox 1987 2276 2138 2335; x_wconf 88' lang='lat' dir='ltr'>Iliad.</span> <span class='ocrx_word' id='word_1_133' title='bbox 2163 2294 2216 2346; x_wconf 94' lang='grc'>2,</span> 
     </span>
     <span class='ocr_line' id='line_1_22' title="bbox 659 2355 2218 2431; baseline -0.001 -18"><span class='ocrx_word' id='word_1_134' title='bbox 659 2356 766 2427; x_wconf 85' lang='grc'><strong>857</strong></span> <span class='ocrx_word' id='word_1_135' title='bbox 814 2374 830 2411; x_wconf 75' lang='grc' dir='ltr'><strong>ι</strong></span> <span class='ocrx_word' id='word_1_136' title='bbox 879 2358 994 2413; x_wconf 77' lang='grc' dir='ltr'><strong>ὅθεν</strong></span> <span class='ocrx_word' id='word_1_137' title='bbox 1041 2355 1250 2430; x_wconf 76' lang='grc' dir='ltr'><strong>ἀργύρου</strong></span> <span class='ocrx_word' id='word_1_138' title='bbox 1291 2355 1395 2412; x_wconf 64' lang='grc' dir='ltr'><strong>ἔστι</strong></span> <span class='ocrx_word' id='word_1_139' title='bbox 1434 2356 1663 2429; x_wconf 64' lang='grc' dir='ltr'><strong>γενέθλη.</strong></span> <span class='ocrx_word' id='word_1_140' title='bbox 1695 2357 1718 2428; x_wconf 88' lang='grc'>11</span> <span class='ocrx_word' id='word_1_141' title='bbox 1745 2384 1812 2397; x_wconf 84' lang='grc'>-·</span> <span class='ocrx_word' id='word_1_142' title='bbox 1836 2355 1960 2422; x_wconf 91' lang='grc'><strong>564.</strong></span> <span class='ocrx_word' id='word_1_143' title='bbox 2011 2356 2218 2431; x_wconf 66' lang='grc' dir='ltr'><strong>ἀφνειοὶ]</strong></span> 
     </span>
     <span class='ocr_line' id='line_1_23' title="bbox 657 2434 2214 2510; baseline 0.003 -20"><span class='ocrx_word' id='word_1_144' title='bbox 657 2434 852 2509; x_wconf 70' lang='grc' dir='ltr'><strong>ἀφνειὸν</strong></span> <span class='ocrx_word' id='word_1_145' title='bbox 894 2439 1091 2498; x_wconf 75' lang='lat'>1260.-</span> <span class='ocrx_word' id='word_1_146' title='bbox 1132 2437 1270 2501; x_wconf 67' lang='grc' dir='ltr'><strong>ἔθνος</strong></span> <span class='ocrx_word' id='word_1_147' title='bbox 1293 2434 1429 2508; x_wconf 81' lang='grc' dir='ltr'>Ἰὃὴρ</span> <span class='ocrx_word' id='word_1_148' title='bbox 1448 2436 1899 2510; x_wconf 71' lang='lat' dir='ltr'>Beacdgltkmoqn</span> <span class='ocrx_word' id='word_1_149' title='bbox 1936 2437 2214 2510; x_wconf 85' lang='lat' dir='ltr'>Paraphr.;</span> 
     </span>
     <span class='ocr_line' id='line_1_24' title="bbox 655 2514 2212 2588; baseline 0.001 -17"><span class='ocrx_word' id='word_1_150' title='bbox 655 2517 826 2580; x_wconf 81' lang='grc' dir='ltr'><strong>παῖδες</strong></span> <span class='ocrx_word' id='word_1_151' title='bbox 847 2519 1197 2587; x_wconf 78' lang='lat' dir='ltr'>AEGH1.LQ</span> <span class='ocrx_word' id='word_1_152' title='bbox 1219 2518 1359 2578; x_wconf 72' lang='lat' dir='ltr'>XYt</span> <span class='ocrx_word' id='word_1_153' title='bbox 1383 2514 1490 2569; x_wconf 84' lang='lat' dir='ltr'>alii.</span> <span class='ocrx_word' id='word_1_154' title='bbox 1521 2515 1544 2586; x_wconf 89' lang='grc'>11</span> <span class='ocrx_word' id='word_1_155' title='bbox 1576 2514 1700 2571; x_wconf 85' lang='grc'><strong>565.</strong></span> <span class='ocrx_word' id='word_1_156' title='bbox 1725 2514 1894 2588; x_wconf 77' lang='grc' dir='ltr'><strong>παραὶ]</strong></span> <span class='ocrx_word' id='word_1_157' title='bbox 1925 2514 2053 2588; x_wconf 78' lang='grc' dir='ltr'><strong>παρὰ</strong></span> <span class='ocrx_word' id='word_1_158' title='bbox 2074 2516 2212 2583; x_wconf 71' lang='lat' dir='ltr'>Mc,</span> 
     </span>
     <span class='ocr_line' id='line_1_25' title="bbox 653 2594 2215 2669; baseline 0 -19"><span class='ocrx_word' id='word_1_159' title='bbox 653 2594 765 2668; x_wconf 76' lang='grc' dir='ltr'><strong>περὶ</strong></span> <span class='ocrx_word' id='word_1_160' title='bbox 782 2614 819 2669; x_wconf 87' lang='lat' dir='ltr'>q</span> <span class='ocrx_word' id='word_1_161' title='bbox 841 2606 896 2651; x_wconf 86' lang='lat' dir='ltr'>et</span> <span class='ocrx_word' id='word_1_162' title='bbox 922 2613 1045 2666; x_wconf 87' lang='lat' dir='ltr'>mgo</span> <span class='ocrx_word' id='word_1_163' title='bbox 1065 2613 1093 2648; x_wconf 82' lang='grc' dir='ltr'>ε</span> <span class='ocrx_word' id='word_1_164' title='bbox 1097 2616 1123 2665; x_wconf 89' lang='lat'>‚·</span> <span class='ocrx_word' id='word_1_165' title='bbox 1161 2594 1447 2665; x_wconf 82' lang='grc' dir='ltr'><strong>βορεώτιδος</strong></span> <span class='ocrx_word' id='word_1_166' title='bbox 1469 2598 1626 2649; x_wconf 66' lang='lat' dir='ltr'>Rota</span> <span class='ocrx_word' id='word_1_167' title='bbox 1653 2605 1706 2649; x_wconf 92' lang='lat' dir='ltr'>et</span> <span class='ocrx_word' id='word_1_168' title='bbox 1745 2612 1830 2667; x_wconf 89' lang='lat' dir='ltr'>pr.</span> <span class='ocrx_word' id='word_1_169' title='bbox 1857 2612 2001 2651; x_wconf 89' lang='lat' dir='ltr'>man.</span> <span class='ocrx_word' id='word_1_170' title='bbox 2031 2596 2086 2661; x_wconf 85' lang='lat' dir='ltr'>b,</span> <span class='ocrx_word' id='word_1_171' title='bbox 2129 2596 2215 2668; x_wconf 85' lang='grc' dir='ltr'><strong>βο-</strong></span> 
     </span>
     <span class='ocr_line' id='line_1_26' title="bbox 653 2671 2218 2746; baseline -0.001 -19"><span class='ocrx_word' id='word_1_172' title='bbox 653 2675 889 2746; x_wconf 54' lang='lat' dir='ltr'>prolatae</span> <span class='ocrx_word' id='word_1_173' title='bbox 916 2677 983 2738; x_wconf 90' lang='lat'>0,</span> <span class='ocrx_word' id='word_1_174' title='bbox 1003 2672 1294 2745; x_wconf 79' lang='grc' dir='ltr'><strong>βορεοίτιδος</strong></span> <span class='ocrx_word' id='word_1_175' title='bbox 1316 2674 1399 2739; x_wconf 73' lang='grc' dir='ltr'>Μ,</span> <span class='ocrx_word' id='word_1_176' title='bbox 1427 2671 1702 2745; x_wconf 72' lang='grc' dir='ltr'><strong>βορεῆτιδος</strong></span> <span class='ocrx_word' id='word_1_177' title='bbox 1729 2692 1782 2739; x_wconf 87' lang='grc' dir='ltr'>ε,</span> <span class='ocrx_word' id='word_1_178' title='bbox 1807 2672 2086 2745; x_wconf 74' lang='grc' dir='ltr'><strong>βορεήτιδας</strong></span> <span class='ocrx_word' id='word_1_179' title='bbox 2113 2678 2218 2733; x_wconf 71' lang='grc' dir='ltr'>ΧΥ</span> 
     </span>
     <span class='ocr_line' id='line_1_27' title="bbox 648 2750 2215 2827; baseline 0.003 -22"><span class='ocrx_word' id='word_1_180' title='bbox 648 2751 816 2827; x_wconf 75' lang='lat' dir='ltr'>dgipq</span> <span class='ocrx_word' id='word_1_181' title='bbox 831 2750 979 2818; x_wconf 81' lang='lat' dir='ltr'>Ald.,</span> <span class='ocrx_word' id='word_1_182' title='bbox 1003 2750 1126 2809; x_wconf 86' lang='lat' dir='ltr'>fort.</span> <span class='ocrx_word' id='word_1_183' title='bbox 1147 2762 1306 2809; x_wconf 85' lang='lat' dir='ltr'>recte.</span> <span class='ocrx_word' id='word_1_184' title='bbox 1329 2750 1496 2822; x_wconf 75' lang='grc' dir='ltr'><strong>ἀκτὰς]</strong></span> <span class='ocrx_word' id='word_1_185' title='bbox 1523 2750 1678 2825; x_wconf 67' lang='grc' dir='ltr'><strong>ἀρχὰς</strong></span> <span class='ocrx_word' id='word_1_186' title='bbox 1698 2756 1752 2809; x_wconf 84' lang='lat' dir='ltr'><em>E</em></span> <span class='ocrx_word' id='word_1_187' title='bbox 1759 2752 2215 2811; x_wconf 75' lang='lat' dir='ltr'>GHNCXcdet&#39;km</span> 
     </span>
     <span class='ocr_line' id='line_1_28' title="bbox 646 2828 2214 2905; baseline 0.002 -21"><span class='ocrx_word' id='word_1_188' title='bbox 646 2840 701 2884; x_wconf 92' lang='lat' dir='ltr'>et</span> <span class='ocrx_word' id='word_1_189' title='bbox 723 2830 1062 2905; x_wconf 75' lang='lat' dir='ltr'>suprascript.</span> <span class='ocrx_word' id='word_1_190' title='bbox 1094 2833 1166 2897; x_wconf 71' lang='grc' dir='ltr'>ζς·</span> <span class='ocrx_word' id='word_1_191' title='bbox 1180 2828 1336 2903; x_wconf 75' lang='grc' dir='ltr'><strong>ἀρχάς</strong></span> <span class='ocrx_word' id='word_1_192' title='bbox 1350 2850 1417 2905; x_wconf 84' lang='lat' dir='ltr'>p.</span> <span class='ocrx_word' id='word_1_193' title='bbox 1467 2851 1492 2881; x_wconf 74' lang='lat'>«</span> <span class='ocrx_word' id='word_1_194' title='bbox 1522 2831 1768 2885; x_wconf 83' lang='lat' dir='ltr'>Ceterum</span> <span class='ocrx_word' id='word_1_195' title='bbox 1786 2848 1906 2904; x_wconf 67' lang='lat' dir='ltr'>qua</span> <span class='ocrx_word' id='word_1_196' title='bbox 1927 2832 2214 2905; x_wconf 77' lang='lat' dir='ltr'>Dionysius</span> 
     </span>
     <span class='ocr_line' id='line_1_29' title="bbox 649 2908 2214 2983; baseline 0.002 -19"><span class='ocrx_word' id='word_1_197' title='bbox 649 2909 718 2965; x_wconf 91' lang='lat' dir='ltr'>de</span> <span class='ocrx_word' id='word_1_198' title='bbox 736 2909 991 2965; x_wconf 86' lang='lat' dir='ltr'>ambabus</span> <span class='ocrx_word' id='word_1_199' title='bbox 1011 2911 1390 2965; x_wconf 84' lang='lat' dir='ltr'>Britannorum</span> <span class='ocrx_word' id='word_1_200' title='bbox 1414 2908 1599 2965; x_wconf 87' lang='lat' dir='ltr'>insulis</span> <span class='ocrx_word' id='word_1_201' title='bbox 1632 2909 1858 2966; x_wconf 84' lang='lat' dir='ltr'>Albione</span> <span class='ocrx_word' id='word_1_202' title='bbox 1883 2920 2040 2983; x_wconf 87' lang='lat' dir='ltr'>atque</span> <span class='ocrx_word' id='word_1_203' title='bbox 2054 2913 2214 2968; x_wconf 85' lang='lat' dir='ltr'>Jerna</span> 
     </span>
     <span class='ocr_line' id='line_1_30' title="bbox 644 2988 2212 3062; baseline 0.001 -17"><span class='ocrx_word' id='word_1_204' title='bbox 644 2990 918 3056; x_wconf 81' lang='lat' dir='ltr'>disseruit,</span> <span class='ocrx_word' id='word_1_205' title='bbox 950 2989 1118 3044; x_wconf 89' lang='lat' dir='ltr'>multo</span> <span class='ocrx_word' id='word_1_206' title='bbox 1146 2988 1430 3043; x_wconf 80' lang='lat' dir='ltr'>verborum</span> <span class='ocrx_word' id='word_1_207' title='bbox 1471 2988 1750 3062; x_wconf 78' lang='lat' dir='ltr'>splendore</span> <span class='ocrx_word' id='word_1_208' title='bbox 1787 2991 2058 3046; x_wconf 81' lang='lat' dir='ltr'>vetustatis</span> <span class='ocrx_word' id='word_1_209' title='bbox 2093 3009 2212 3047; x_wconf 89' lang='lat' dir='ltr'>sen·</span> 
     </span>
     <span class='ocr_line' id='line_1_31' title="bbox 645 3068 2212 3143; baseline 0.002 -18"><span class='ocrx_word' id='word_1_210' title='bbox 645 3072 862 3125; x_wconf 87' lang='lat' dir='ltr'>tentiam</span> <span class='ocrx_word' id='word_1_211' title='bbox 905 3070 980 3125; x_wconf 87' lang='lat' dir='ltr'>ita</span> <span class='ocrx_word' id='word_1_212' title='bbox 1024 3080 1421 3142; x_wconf 84' lang='lat' dir='ltr'>expresserunt,</span> <span class='ocrx_word' id='word_1_213' title='bbox 1473 3079 1536 3123; x_wconf 87' lang='lat' dir='ltr'>ut</span> <span class='ocrx_word' id='word_1_214' title='bbox 1573 3068 1706 3123; x_wconf 90' lang='lat' dir='ltr'>nihil</span> <span class='ocrx_word' id='word_1_215' title='bbox 1751 3070 1817 3124; x_wconf 88' lang='lat' dir='ltr'>iis</span> <span class='ocrx_word' id='word_1_216' title='bbox 1866 3070 2020 3136; x_wconf 87' lang='lat' dir='ltr'>insit,</span> <span class='ocrx_word' id='word_1_217' title='bbox 2065 3070 2212 3143; x_wconf 88' lang='lat' dir='ltr'>quod</span> 
     </span>
     <span class='ocr_line' id='line_1_32' title="bbox 644 3146 2210 3222; baseline 0.003 -19"><span class='ocrx_word' id='word_1_218' title='bbox 644 3148 856 3221; x_wconf 66' lang='lat' dir='ltr'>Pytheas</span> <span class='ocrx_word' id='word_1_219' title='bbox 881 3157 1094 3222; x_wconf 86' lang='lat' dir='ltr'>captum</span> <span class='ocrx_word' id='word_1_220' title='bbox 1111 3157 1272 3219; x_wconf 88' lang='lat' dir='ltr'>atque</span> <span class='ocrx_word' id='word_1_221' title='bbox 1289 3148 1647 3201; x_wconf 77' lang='lat' dir='ltr'>Eratosthenis</span> <span class='ocrx_word' id='word_1_222' title='bbox 1671 3146 1910 3205; x_wconf 83' lang='lat' dir='ltr'>excedat.</span> <span class='ocrx_word' id='word_1_223' title='bbox 1942 3172 1965 3196; x_wconf 80' lang='grc' dir='ltr'><strong>ι·</strong></span> <span class='ocrx_word' id='word_1_224' title='bbox 1999 3152 2210 3207; x_wconf 74' lang='lat' dir='ltr'>Banu.</span> 
     </span>
     <span class='ocr_line' id='line_1_33' title="bbox 651 3224 2210 3299; baseline 0.001 -18"><span class='ocrx_word' id='word_1_225' title='bbox 651 3228 674 3298; x_wconf 87' lang='grc' dir='ltr'>ΙΙ</span> <span class='ocrx_word' id='word_1_226' title='bbox 705 3257 778 3270; x_wconf 91' lang='grc'>-</span> <span class='ocrx_word' id='word_1_227' title='bbox 800 3230 923 3283; x_wconf 91' lang='grc'><strong>566.</strong></span> <span class='ocrx_word' id='word_1_228' title='bbox 954 3228 1268 3299; x_wconf 80' lang='grc' dir='ltr'><strong>Βρεταννίδες</strong></span> <span class='ocrx_word' id='word_1_229' title='bbox 1291 3230 1353 3281; x_wconf 86' lang='grc' dir='ltr'><strong>Β.</strong></span> <span class='ocrx_word' id='word_1_230' title='bbox 1373 3226 1457 3281; x_wconf 84' lang='lat' dir='ltr'>Cf.</span> <span class='ocrx_word' id='word_1_231' title='bbox 1477 3224 1728 3283; x_wconf 89' lang='lat' dir='ltr'>Dindorf.</span> <span class='ocrx_word' id='word_1_232' title='bbox 1757 3227 1814 3280; x_wconf 88' lang='lat' dir='ltr'>in</span> <span class='ocrx_word' id='word_1_233' title='bbox 1839 3228 2022 3299; x_wconf 79' lang='lat' dir='ltr'>steph.</span> <span class='ocrx_word' id='word_1_234' title='bbox 2045 3228 2210 3283; x_wconf 83' lang='lat' dir='ltr'>Thes.</span> 
     </span>
     <span class='ocr_line' id='line_1_34' title="bbox 647 3304 2214 3379; baseline 0.001 -20"><span class='ocrx_word' id='word_1_235' title='bbox 647 3324 701 3362; x_wconf 79' lang='grc' dir='ltr'>ν.</span> <span class='ocrx_word' id='word_1_236' title='bbox 729 3306 982 3379; x_wconf 73' lang='grc' dir='ltr'><strong>Βρετανοί.</strong></span> <span class='ocrx_word' id='word_1_237' title='bbox 1011 3308 1034 3377; x_wconf 81' lang='grc' dir='ltr'>ΙΙ</span> <span class='ocrx_word' id='word_1_238' title='bbox 1059 3337 1134 3349; x_wconf 94' lang='grc'><strong>-</strong></span> <span class='ocrx_word' id='word_1_239' title='bbox 1153 3306 1275 3362; x_wconf 83' lang='grc'><strong>568.</strong></span> <span class='ocrx_word' id='word_1_240' title='bbox 1297 3308 1394 3378; x_wconf 88' lang='grc' dir='ltr'><strong>τοι]</strong></span> <span class='ocrx_word' id='word_1_241' title='bbox 1418 3306 1476 3360; x_wconf 60' lang='lat' dir='ltr'>ab</span> <span class='ocrx_word' id='word_1_242' title='bbox 1499 3325 1550 3371; x_wconf 85' lang='lat' dir='ltr'>o,</span> <span class='ocrx_word' id='word_1_243' title='bbox 1573 3325 1622 3359; x_wconf 90' lang='grc' dir='ltr'>τι</span> <span class='ocrx_word' id='word_1_244' title='bbox 1644 3304 1765 3360; x_wconf 90' lang='lat' dir='ltr'>cod.</span> <span class='ocrx_word' id='word_1_245' title='bbox 1792 3308 1850 3371; x_wconf 72' lang='grc' dir='ltr'><strong>ζς</strong></span> <span class='ocrx_word' id='word_1_246' title='bbox 1880 3306 1990 3361; x_wconf 58' lang='lat' dir='ltr'>obst</span> <span class='ocrx_word' id='word_1_247' title='bbox 2015 3307 2106 3378; x_wconf 87' lang='grc' dir='ltr'><strong>τις]</strong></span> <span class='ocrx_word' id='word_1_248' title='bbox 2133 3306 2214 3361; x_wconf 73' lang='grc' dir='ltr'><strong>οὗ·</strong></span> 
     </span>
     <span class='ocr_line' id='line_1_35' title="bbox 647 3382 2214 3455; baseline 0.001 -17"><span class='ocrx_word' id='word_1_249' title='bbox 647 3385 772 3447; x_wconf 63' lang='grc' dir='ltr'><strong>κει-,ις</strong></span> <span class='ocrx_word' id='word_1_250' title='bbox 799 3389 872 3449; x_wconf 83' lang='lat' dir='ltr'>A,</span> <span class='ocrx_word' id='word_1_251' title='bbox 899 3382 1061 3439; x_wconf 70' lang='grc' dir='ltr'><strong>οὖκίτι</strong></span> <span class='ocrx_word' id='word_1_252' title='bbox 1081 3388 1154 3441; x_wconf 80' lang='grc' dir='ltr'><strong>Η.</strong></span> <span class='ocrx_word' id='word_1_253' title='bbox 1185 3384 1208 3454; x_wconf 78' lang='grc' dir='ltr'>ΙΙ</span> <span class='ocrx_word' id='word_1_254' title='bbox 1234 3384 1359 3455; x_wconf 92' lang='grc'><strong>569.</strong></span> <span class='ocrx_word' id='word_1_255' title='bbox 1380 3386 1526 3451; x_wconf 82' lang='grc' dir='ltr'><strong>νῆσος</strong></span> <span class='ocrx_word' id='word_1_256' title='bbox 1547 3384 1714 3454; x_wconf 82' lang='lat' dir='ltr'>Neso;</span> <span class='ocrx_word' id='word_1_257' title='bbox 1735 3384 1934 3439; x_wconf 81' lang='grc' dir='ltr'><strong>πάσαισι</strong></span> <span class='ocrx_word' id='word_1_258' title='bbox 1962 3390 2015 3450; x_wconf 85' lang='lat' dir='ltr'>C,</span> <span class='ocrx_word' id='word_1_259' title='bbox 2040 3386 2214 3447; x_wconf 79' lang='grc' dir='ltr'><strong>πάσαις</strong></span> 
     </span>
     <span class='ocr_line' id='line_1_36' title="bbox 648 3462 2207 3537; baseline 0.002 -19"><span class='ocrx_word' id='word_1_260' title='bbox 648 3467 723 3529; x_wconf 87' lang='lat' dir='ltr'>D,</span> <span class='ocrx_word' id='word_1_261' title='bbox 743 3464 875 3531; x_wconf 77' lang='grc' dir='ltr'><strong>πάση</strong></span> <span class='ocrx_word' id='word_1_262' title='bbox 903 3481 965 3533; x_wconf 79' lang='lat' dir='ltr'>s,-</span> <span class='ocrx_word' id='word_1_263' title='bbox 989 3462 1264 3533; x_wconf 75' lang='grc' dir='ltr'><strong>Βρετανίων</strong></span> <span class='ocrx_word' id='word_1_264' title='bbox 1277 3466 1379 3518; x_wconf 85' lang='lat' dir='ltr'>BH</span> <span class='ocrx_word' id='word_1_265' title='bbox 1385 3465 1486 3529; x_wconf 79' lang='grc' dir='ltr'>Οζ,</span> <span class='ocrx_word' id='word_1_266' title='bbox 1501 3464 1603 3517; x_wconf 90' lang='lat' dir='ltr'>nisi</span> <span class='ocrx_word' id='word_1_267' title='bbox 1619 3462 1767 3535; x_wconf 87' lang='lat' dir='ltr'>quod</span> <span class='ocrx_word' id='word_1_268' title='bbox 1787 3463 1842 3516; x_wconf 88' lang='lat' dir='ltr'>in</span> <span class='ocrx_word' id='word_1_269' title='bbox 1862 3466 1909 3517; x_wconf 84' lang='lat' dir='ltr'><em>B</em></span> <span class='ocrx_word' id='word_1_270' title='bbox 1923 3480 2084 3537; x_wconf 86' lang='lat' dir='ltr'>supra</span> <span class='ocrx_word' id='word_1_271' title='bbox 2104 3482 2207 3521; x_wconf 82' lang='lat' dir='ltr'>scr.</span> 
     </span>
     <span class='ocr_line' id='line_1_37' title="bbox 647 3544 2208 3619; baseline 0.001 -18"><span class='ocrx_word' id='word_1_272' title='bbox 647 3546 956 3619; x_wconf 78' lang='grc' dir='ltr'><strong>Βρεταννῑων</strong></span> <span class='ocrx_word' id='word_1_273' title='bbox 975 3566 992 3613; x_wconf 88' lang='lat'>;</span> <span class='ocrx_word' id='word_1_274' title='bbox 1013 3546 1350 3618; x_wconf 77' lang='grc' dir='ltr'><strong>Βρεττάννισιν</strong></span> <span class='ocrx_word' id='word_1_275' title='bbox 1379 3550 1458 3611; x_wconf 73' lang='lat' dir='ltr'>M,-</span> <span class='ocrx_word' id='word_1_276' title='bbox 1495 3544 1766 3619; x_wconf 73' lang='grc' dir='ltr'><strong>ἰσοφαρίζοι</strong></span> <span class='ocrx_word' id='word_1_277' title='bbox 1786 3549 1891 3603; x_wconf 84' lang='lat' dir='ltr'>Ao.</span> <span class='ocrx_word' id='word_1_278' title='bbox 1921 3548 1943 3618; x_wconf 85' lang='grc' dir='ltr'>ΙΙ</span> <span class='ocrx_word' id='word_1_279' title='bbox 1978 3577 2051 3590; x_wconf 91' lang='grc'>-</span> <span class='ocrx_word' id='word_1_280' title='bbox 2081 3548 2208 3619; x_wconf 83' lang='grc'><strong>570.</strong></span> 
     </span>
     <span class='ocr_line' id='line_1_38' title="bbox 650 3626 2207 3698; baseline 0.002 -19"><span class='ocrx_word' id='word_1_281' title='bbox 650 3626 885 3698; x_wconf 70' lang='grc' dir='ltr'><strong>νησίδων]</strong></span> <span class='ocrx_word' id='word_1_282' title='bbox 912 3626 990 3680; x_wconf 82' lang='grc' dir='ltr'>εἰσ</span> <span class='ocrx_word' id='word_1_283' title='bbox 1016 3626 1150 3687; x_wconf 79' lang='grc' dir='ltr'>6Ηζ</span> <span class='ocrx_word' id='word_1_284' title='bbox 1165 3635 1218 3680; x_wconf 90' lang='lat' dir='ltr'>et</span> <span class='ocrx_word' id='word_1_285' title='bbox 1238 3642 1324 3698; x_wconf 88' lang='lat' dir='ltr'>pr.</span> <span class='ocrx_word' id='word_1_286' title='bbox 1345 3643 1490 3680; x_wconf 87' lang='lat' dir='ltr'>man.</span> <span class='ocrx_word' id='word_1_287' title='bbox 1513 3630 1586 3689; x_wconf 81' lang='lat' dir='ltr'>E,-</span> <span class='ocrx_word' id='word_1_288' title='bbox 1609 3626 1852 3693; x_wconf 76' lang='grc' dir='ltr'><strong>νησιάδων</strong></span> <span class='ocrx_word' id='word_1_289' title='bbox 1877 3636 2000 3681; x_wconf 86' lang='lat' dir='ltr'>cett.</span> <span class='ocrx_word' id='word_1_290' title='bbox 2026 3626 2207 3697; x_wconf 87' lang='lat' dir='ltr'>codd.;</span> 
     </span>
     <span class='ocr_line' id='line_1_39' title="bbox 652 3700 2206 3779; baseline 0.004 -20"><span class='ocrx_word' id='word_1_291' title='bbox 652 3704 791 3776; x_wconf 74' lang='grc' dir='ltr'><strong>ἔνθα]</strong></span> <span class='ocrx_word' id='word_1_292' title='bbox 812 3700 903 3779; x_wconf 82' lang='grc' dir='ltr'>ᾗχι</span> <span class='ocrx_word' id='word_1_293' title='bbox 931 3707 1197 3763; x_wconf 81' lang='grc' dir='ltr'><strong>ΑΕ6ΗΝ</strong></span> <span class='ocrx_word' id='word_1_294' title='bbox 1211 3704 1734 3778; x_wconf 70' lang='grc' dir='ltr'><strong>ὶΧεΙεὶμν.ΙΙ-571.</strong></span> <span class='ocrx_word' id='word_1_295' title='bbox 1756 3705 2088 3778; x_wconf 77' lang='grc' dir='ltr'><strong>ἅντιπάροιθεν</strong></span> <span class='ocrx_word' id='word_1_296' title='bbox 2101 3726 2206 3765; x_wconf 78' lang='lat' dir='ltr'>sec.</span> 
     </span>
     <span class='ocr_line' id='line_1_40' title="bbox 653 3782 2208 3857; baseline 0.002 -18"><span class='ocrx_word' id='word_1_297' title='bbox 653 3803 794 3841; x_wconf 90' lang='lat' dir='ltr'>man.</span> <span class='ocrx_word' id='word_1_298' title='bbox 810 3784 870 3853; x_wconf 80' lang='lat' dir='ltr'>d,·</span> <span class='ocrx_word' id='word_1_299' title='bbox 893 3783 1181 3857; x_wconf 76' lang='grc' dir='ltr'><strong>Ἀμνιτάων]</strong></span> <span class='ocrx_word' id='word_1_300' title='bbox 1205 3782 1476 3857; x_wconf 77' lang='grc' dir='ltr'><strong>Ἀμνητάων</strong></span> <span class='ocrx_word' id='word_1_301' title='bbox 1495 3787 1890 3852; x_wconf 62' lang='lat' dir='ltr'>multat-st,</span> <span class='ocrx_word' id='word_1_302' title='bbox 1905 3787 1961 3839; x_wconf 89' lang='lat' dir='ltr'>in</span> <span class='ocrx_word' id='word_1_303' title='bbox 1984 3791 2208 3842; x_wconf 85' lang='lat' dir='ltr'>Ctamen</span> 
     </span>
     <span class='ocr_line' id='line_1_41' title="bbox 647 3863 2211 3938; baseline 0.001 -19"><span class='ocrx_word' id='word_1_304' title='bbox 647 3866 906 3937; x_wconf 86' lang='lat' dir='ltr'>scriptum</span> <span class='ocrx_word' id='word_1_305' title='bbox 931 3882 948 3916; x_wconf 93' lang='grc' dir='ltr'>ι</span> <span class='ocrx_word' id='word_1_306' title='bbox 964 3880 1122 3935; x_wconf 86' lang='lat' dir='ltr'>supra</span> <span class='ocrx_word' id='word_1_307' title='bbox 1135 3884 1188 3932; x_wconf 89' lang='grc' dir='ltr'><strong>η.</strong></span> <span class='ocrx_word' id='word_1_308' title='bbox 1211 3863 1400 3919; x_wconf 89' lang='lat' dir='ltr'>Strabo</span> <span class='ocrx_word' id='word_1_309' title='bbox 1413 3882 1470 3937; x_wconf 87' lang='lat' dir='ltr'>p.</span> <span class='ocrx_word' id='word_1_310' title='bbox 1494 3867 1592 3936; x_wconf 83' lang='lat'>198</span> <span class='ocrx_word' id='word_1_311' title='bbox 1610 3865 1850 3938; x_wconf 86' lang='lat' dir='ltr'>pluribus</span> <span class='ocrx_word' id='word_1_312' title='bbox 1867 3863 1935 3919; x_wconf 88' lang='lat' dir='ltr'>de</span> <span class='ocrx_word' id='word_1_313' title='bbox 1951 3864 2032 3919; x_wconf 87' lang='lat' dir='ltr'>bis</span> <span class='ocrx_word' id='word_1_314' title='bbox 2053 3883 2211 3938; x_wconf 83' lang='lat' dir='ltr'>expo·</span> 
     </span>
     <span class='ocr_line' id='line_1_42' title="bbox 651 3942 2208 4017; baseline 0.001 -20"><span class='ocrx_word' id='word_1_315' title='bbox 651 3961 784 3998; x_wconf 88' lang='lat' dir='ltr'>nens</span> <span class='ocrx_word' id='word_1_316' title='bbox 801 3952 1010 4014; x_wconf 81' lang='lat' dir='ltr'>gentem</span> <span class='ocrx_word' id='word_1_317' title='bbox 1026 3942 1270 4013; x_wconf 81' lang='grc' dir='ltr'><strong>Σαμνίτας</strong></span> <span class='ocrx_word' id='word_1_318' title='bbox 1295 3953 1466 4007; x_wconf 76' lang='lat' dir='ltr'>vocat,</span> <span class='ocrx_word' id='word_1_319' title='bbox 1495 3944 1633 3998; x_wconf 89' lang='lat' dir='ltr'>sicut</span> <span class='ocrx_word' id='word_1_320' title='bbox 1663 3943 1970 3998; x_wconf 74' lang='lat' dir='ltr'>Ptolemaeus</span> <span class='ocrx_word' id='word_1_321' title='bbox 1996 3962 2208 4017; x_wconf 88' lang='lat' dir='ltr'>quoque</span> 
     </span>
     <span class='ocr_line' id='line_1_43' title="bbox 648 4020 2206 4094; baseline -0.001 -18"><span class='ocrx_word' id='word_1_322' title='bbox 648 4038 703 4087; x_wconf 84' lang='grc'>2,</span> <span class='ocrx_word' id='word_1_323' title='bbox 729 4038 782 4091; x_wconf 90' lang='grc'>7,</span> <span class='ocrx_word' id='word_1_324' title='bbox 807 4039 872 4075; x_wconf 89' lang='lat' dir='ltr'>ex</span> <span class='ocrx_word' id='word_1_325' title='bbox 890 4038 1061 4093; x_wconf 81' lang='lat' dir='ltr'>eoque</span> <span class='ocrx_word' id='word_1_326' title='bbox 1077 4020 1376 4073; x_wconf 77' lang='lat' dir='ltr'>Marcianus</span> <span class='ocrx_word' id='word_1_327' title='bbox 1402 4036 1453 4084; x_wconf 89' lang='grc'>2,</span> <span class='ocrx_word' id='word_1_328' title='bbox 1479 4036 1542 4074; x_wconf 81' lang='grc'>21</span> <span class='ocrx_word' id='word_1_329' title='bbox 1569 4024 1640 4090; x_wconf 81' lang='lat' dir='ltr'>(v.</span> <span class='ocrx_word' id='word_1_330' title='bbox 1663 4031 1793 4076; x_wconf 91' lang='lat' dir='ltr'>tom.</span> <span class='ocrx_word' id='word_1_331' title='bbox 1820 4037 1869 4084; x_wconf 89' lang='lat'>1,</span> <span class='ocrx_word' id='word_1_332' title='bbox 1899 4038 1956 4094; x_wconf 84' lang='lat' dir='ltr'>p.</span> <span class='ocrx_word' id='word_1_333' title='bbox 1987 4020 2112 4089; x_wconf 85' lang='grc'><strong>552)</strong></span> <span class='ocrx_word' id='word_1_334' title='bbox 2137 4020 2206 4075; x_wconf 88' lang='lat' dir='ltr'>ad</span> 
     </span>
     <span class='ocr_line' id='line_1_44' title="bbox 649 4097 2206 4172; baseline 0.001 -18"><span class='ocrx_word' id='word_1_335' title='bbox 649 4099 848 4171; x_wconf 86' lang='lat' dir='ltr'>Ligeris</span> <span class='ocrx_word' id='word_1_336' title='bbox 888 4099 1022 4154; x_wconf 87' lang='lat' dir='ltr'>ostia</span> <span class='ocrx_word' id='word_1_337' title='bbox 1055 4097 1314 4153; x_wconf 82' lang='lat' dir='ltr'>Samnitas</span> <span class='ocrx_word' id='word_1_338' title='bbox 1349 4098 1600 4166; x_wconf 88' lang='lat' dir='ltr'>collocat,</span> <span class='ocrx_word' id='word_1_339' title='bbox 1642 4118 1673 4156; x_wconf 84' lang='lat' dir='ltr'>a</span> <span class='ocrx_word' id='word_1_340' title='bbox 1716 4098 1908 4172; x_wconf 89' lang='lat' dir='ltr'>quibus</span> <span class='ocrx_word' id='word_1_341' title='bbox 1933 4099 2206 4171; x_wconf 75' lang='lat' dir='ltr'>distinguit</span> 
     </span>
     <span class='ocr_line' id='line_1_45' title="bbox 644 4176 2202 4237; baseline 0.001 -4"><span class='ocrx_word' id='word_1_342' title='bbox 644 4182 926 4235; x_wconf 78' lang='lat' dir='ltr'>Namnetes</span> <span class='ocrx_word' id='word_1_343' title='bbox 949 4178 1006 4232; x_wconf 85' lang='lat' dir='ltr'>in</span> <span class='ocrx_word' id='word_1_344' title='bbox 1031 4176 1426 4232; x_wconf 76' lang='lat' dir='ltr'>mediterraneis</span> <span class='ocrx_word' id='word_1_345' title='bbox 1459 4178 1771 4237; x_wconf 74' lang='lat' dir='ltr'>habitantes.</span> <span class='ocrx_word' id='word_1_346' title='bbox 1813 4178 2005 4235; x_wconf 79' lang='lat' dir='ltr'>Strabo</span> <span class='ocrx_word' id='word_1_347' title='bbox 2031 4190 2202 4235; x_wconf 80' lang='lat' dir='ltr'>tamen</span> 
     </span>
     <span class='ocr_line' id='line_1_46' title="bbox 641 4254 2203 4329; baseline -0.001 -18"><span class='ocrx_word' id='word_1_348' title='bbox 641 4256 744 4311; x_wconf 88' lang='lat' dir='ltr'>alio</span> <span class='ocrx_word' id='word_1_349' title='bbox 768 4256 885 4311; x_wconf 88' lang='lat' dir='ltr'>loeo</span> <span class='ocrx_word' id='word_1_350' title='bbox 911 4273 969 4328; x_wconf 87' lang='lat' dir='ltr'>p.</span> <span class='ocrx_word' id='word_1_351' title='bbox 1014 4270 1115 4325; x_wconf 85' lang='lat'>190</span> <span class='ocrx_word' id='word_1_352' title='bbox 1154 4254 1382 4325; x_wconf 84' lang='lat' dir='ltr'>Ligerim</span> <span class='ocrx_word' id='word_1_353' title='bbox 1409 4255 1553 4309; x_wconf 75' lang='lat' dir='ltr'>exire</span> <span class='ocrx_word' id='word_1_354' title='bbox 1579 4254 1712 4311; x_wconf 90' lang='lat' dir='ltr'>dicit</span> <span class='ocrx_word' id='word_1_355' title='bbox 1749 4254 1925 4329; x_wconf 65' lang='grc' dir='ltr'><strong>μεταξὺ</strong></span> <span class='ocrx_word' id='word_1_356' title='bbox 1953 4255 2203 4312; x_wconf 77' lang='grc' dir='ltr'><strong>Πικτόνων</strong></span> 
     </span>
     <span class='ocr_line' id='line_1_47' title="bbox 642 4333 2200 4407; baseline 0 -17"><span class='ocrx_word' id='word_1_357' title='bbox 642 4356 696 4390; x_wconf 82' lang='grc' dir='ltr'>τε</span> <span class='ocrx_word' id='word_1_358' title='bbox 720 4335 803 4389; x_wconf 71' lang='grc' dir='ltr'>καὶ</span> <span class='ocrx_word' id='word_1_359' title='bbox 824 4334 911 4389; x_wconf 88' lang='grc' dir='ltr'>Να</span> <span class='ocrx_word' id='word_1_360' title='bbox 927 4351 1004 4406; x_wconf 90' lang='grc' dir='ltr'>μν</span> <span class='ocrx_word' id='word_1_361' title='bbox 1023 4340 1170 4389; x_wconf 85' lang='grc' dir='ltr'><strong>ιτῶν</strong></span> <span class='ocrx_word' id='word_1_362' title='bbox 1189 4372 1204 4399; x_wconf 96' lang='grc'>,</span> <span class='ocrx_word' id='word_1_363' title='bbox 1235 4334 1309 4388; x_wconf 87' lang='lat' dir='ltr'>ita</span> <span class='ocrx_word' id='word_1_364' title='bbox 1337 4343 1396 4387; x_wconf 89' lang='lat' dir='ltr'>ut</span> <span class='ocrx_word' id='word_1_365' title='bbox 1421 4333 1563 4407; x_wconf 88' lang='lat' dir='ltr'>apud</span> <span class='ocrx_word' id='word_1_366' title='bbox 1595 4335 1742 4390; x_wconf 88' lang='lat' dir='ltr'>hune</span> <span class='ocrx_word' id='word_1_367' title='bbox 1767 4345 1906 4390; x_wconf 88' lang='lat' dir='ltr'>certe</span> <span class='ocrx_word' id='word_1_368' title='bbox 1937 4346 2200 4391; x_wconf 72' lang='lat' dir='ltr'>auctorem</span> 
     </span>
     <span class='ocr_line' id='line_1_48' title="bbox 642 4411 2197 4486; baseline -0.001 -16"><span class='ocrx_word' id='word_1_369' title='bbox 642 4416 898 4470; x_wconf 82' lang='lat' dir='ltr'>Namnitae</span> <span class='ocrx_word' id='word_1_370' title='bbox 923 4433 956 4467; x_wconf 86' lang='lat' dir='ltr'>a</span> <span class='ocrx_word' id='word_1_371' title='bbox 981 4414 1226 4469; x_wconf 85' lang='lat' dir='ltr'>Samnitis</span> <span class='ocrx_word' id='word_1_372' title='bbox 1261 4430 1369 4468; x_wconf 92' lang='lat' dir='ltr'>non</span> <span class='ocrx_word' id='word_1_373' title='bbox 1397 4411 1591 4468; x_wconf 81' lang='lat' dir='ltr'>diversi</span> <span class='ocrx_word' id='word_1_374' title='bbox 1615 4416 1750 4481; x_wconf 88' lang='lat' dir='ltr'>sint,</span> <span class='ocrx_word' id='word_1_375' title='bbox 1779 4425 1834 4469; x_wconf 88' lang='lat' dir='ltr'>et</span> <span class='ocrx_word' id='word_1_376' title='bbox 1858 4413 2000 4486; x_wconf 87' lang='lat' dir='ltr'>apud</span> <span class='ocrx_word' id='word_1_377' title='bbox 2029 4415 2197 4470; x_wconf 90' lang='lat' dir='ltr'>Ptole·</span> 
     </span>
     <span class='ocr_line' id='line_1_49' title="bbox 645 4490 2198 4567; baseline -0.002 -18"><span class='ocrx_word' id='word_1_378' title='bbox 645 4512 836 4549; x_wconf 76' lang='lat' dir='ltr'>tnaeuru</span> <span class='ocrx_word' id='word_1_379' title='bbox 867 4511 1025 4567; x_wconf 83' lang='lat' dir='ltr'>prave</span> <span class='ocrx_word' id='word_1_380' title='bbox 1048 4492 1298 4562; x_wconf 76' lang='lat' dir='ltr'>distingui</span> <span class='ocrx_word' id='word_1_381' title='bbox 1334 4491 1634 4559; x_wconf 84' lang='lat' dir='ltr'>videantur;</span> <span class='ocrx_word' id='word_1_382' title='bbox 1666 4493 1842 4565; x_wconf 89' lang='lat' dir='ltr'>itaque</span> <span class='ocrx_word' id='word_1_383' title='bbox 1885 4490 2026 4564; x_wconf 87' lang='lat' dir='ltr'>apud</span> <span class='ocrx_word' id='word_1_384' title='bbox 2065 4492 2198 4547; x_wconf 87' lang='lat' dir='ltr'>Dio-</span> 
     </span>
     <span class='ocr_line' id='line_1_50' title="bbox 643 4568 2200 4647; baseline -0.001 -20"><span class='ocrx_word' id='word_1_385' title='bbox 643 4574 850 4647; x_wconf 79' lang='lat' dir='ltr'>nysium</span> <span class='ocrx_word' id='word_1_386' title='bbox 868 4576 1080 4646; x_wconf 72' lang='lat' dir='ltr'>quoque</span> <span class='ocrx_word' id='word_1_387' title='bbox 1100 4589 1200 4645; x_wconf 87' lang='lat' dir='ltr'>pro</span> <span class='ocrx_word' id='word_1_388' title='bbox 1223 4569 1512 4644; x_wconf 78' lang='grc' dir='ltr'><strong>Ἆμνιτάων,</strong></span> <span class='ocrx_word' id='word_1_389' title='bbox 1532 4581 1760 4626; x_wconf 88' lang='lat' dir='ltr'>assumta</span> <span class='ocrx_word' id='word_1_390' title='bbox 1777 4589 1844 4625; x_wconf 85' lang='lat' dir='ltr'>ex</span> <span class='ocrx_word' id='word_1_391' title='bbox 1860 4568 2200 4625; x_wconf 77' lang='lat' dir='ltr'>antecedente</span> 
     </span>
     <span class='ocr_line' id='line_1_51' title="bbox 646 4648 2198 4723; baseline -0.001 -16"><span class='ocrx_word' id='word_1_392' title='bbox 646 4652 897 4709; x_wconf 77' lang='lat' dir='ltr'>vocabulo</span> <span class='ocrx_word' id='word_1_393' title='bbox 925 4652 1074 4707; x_wconf 83' lang='lat' dir='ltr'>litera</span> <span class='ocrx_word' id='word_1_394' title='bbox 1101 4670 1146 4717; x_wconf 88' lang='grc' dir='ltr'>ν,</span> <span class='ocrx_word' id='word_1_395' title='bbox 1177 4649 1473 4723; x_wconf 77' lang='grc' dir='ltr'><strong>Ναμνιτάων</strong></span> <span class='ocrx_word' id='word_1_396' title='bbox 1499 4650 1656 4705; x_wconf 89' lang='lat' dir='ltr'>scribi</span> <span class='ocrx_word' id='word_1_397' title='bbox 1697 4650 1974 4705; x_wconf 80' lang='lat' dir='ltr'>voluerunt</span> <span class='ocrx_word' id='word_1_398' title='bbox 1999 4648 2198 4705; x_wconf 81' lang='lat' dir='ltr'>Holstc-</span> 
     </span>
     <span class='ocr_line' id='line_1_52' title="bbox 642 4728 2193 4801; baseline -0.002 -14"><span class='ocrx_word' id='word_1_399' title='bbox 642 4734 790 4797; x_wconf 89' lang='lat' dir='ltr'>nius,</span> <span class='ocrx_word' id='word_1_400' title='bbox 835 4730 1124 4797; x_wconf 84' lang='lat' dir='ltr'>Brunkius,</span> <span class='ocrx_word' id='word_1_401' title='bbox 1172 4729 1491 4797; x_wconf 77' lang='lat' dir='ltr'>Boedovius,</span> <span class='ocrx_word' id='word_1_402' title='bbox 1538 4729 1756 4794; x_wconf 83' lang='lat' dir='ltr'>Hillius,</span> <span class='ocrx_word' id='word_1_403' title='bbox 1805 4728 2193 4801; x_wconf 82' lang='lat' dir='ltr'>Bernhardyus.</span> 
     </span>
     <span class='ocr_line' id='line_1_53' title="bbox 641 4808 2193 4883; baseline -0.003 -16"><span class='ocrx_word' id='word_1_404' title='bbox 641 4813 842 4867; x_wconf 84' lang='lat' dir='ltr'>Contra</span> <span class='ocrx_word' id='word_1_405' title='bbox 865 4811 1236 4878; x_wconf 76' lang='lat' dir='ltr'>casaubonus,</span> <span class='ocrx_word' id='word_1_406' title='bbox 1273 4809 1531 4883; x_wconf 85' lang='lat' dir='ltr'>probante</span> <span class='ocrx_word' id='word_1_407' title='bbox 1567 4808 1770 4874; x_wconf 85' lang='lat' dir='ltr'>Ulterto</span> <span class='ocrx_word' id='word_1_408' title='bbox 1809 4810 2024 4880; x_wconf 82' lang='lat' dir='ltr'>(Gcogr.</span> <span class='ocrx_word' id='word_1_409' title='bbox 2053 4824 2108 4878; x_wconf 87' lang='grc'>2,</span> <span class='ocrx_word' id='word_1_410' title='bbox 2139 4826 2193 4874; x_wconf 88' lang='grc'><strong>2,</strong></span> 
     </span>
     <span class='ocr_line' id='line_1_54' title="bbox 643 4887 2196 4964; baseline -0.003 -17"><span class='ocrx_word' id='word_1_411' title='bbox 643 4908 699 4964; x_wconf 87' lang='lat' dir='ltr'>p.</span> <span class='ocrx_word' id='word_1_412' title='bbox 730 4893 857 4961; x_wconf 87' lang='lat'>555)</span> <span class='ocrx_word' id='word_1_413' title='bbox 883 4900 938 4946; x_wconf 90' lang='lat' dir='ltr'>et</span> <span class='ocrx_word' id='word_1_414' title='bbox 957 4889 1199 4962; x_wconf 70' lang='grc' dir='ltr'><strong>Σαμνίτας</strong></span> <span class='ocrx_word' id='word_1_415' title='bbox 1218 4900 1272 4944; x_wconf 85' lang='lat' dir='ltr'>et</span> <span class='ocrx_word' id='word_1_416' title='bbox 1303 4887 1522 4962; x_wconf 70' lang='grc' dir='ltr'><strong>Ἆμνῐτας</strong></span> <span class='ocrx_word' id='word_1_417' title='bbox 1546 4887 1650 4943; x_wconf 91' lang='lat' dir='ltr'>dici</span> <span class='ocrx_word' id='word_1_418' title='bbox 1691 4898 1869 4943; x_wconf 88' lang='lat' dir='ltr'>censet</span> <span class='ocrx_word' id='word_1_419' title='bbox 1891 4889 2027 4943; x_wconf 85' lang='lat' dir='ltr'>sicut</span> <span class='ocrx_word' id='word_1_420' title='bbox 2057 4888 2196 4943; x_wconf 86' lang='lat' dir='ltr'>Ede·</span> 
     </span>
     <span class='ocr_line' id='line_1_55' title="bbox 642 4966 2192 5035; baseline -0.001 -10"><span class='ocrx_word' id='word_1_421' title='bbox 642 4980 792 5025; x_wconf 86' lang='lat' dir='ltr'>tanos</span> <span class='ocrx_word' id='word_1_422' title='bbox 818 4981 873 5024; x_wconf 89' lang='lat' dir='ltr'>et</span> <span class='ocrx_word' id='word_1_423' title='bbox 911 4968 1222 5035; x_wconf 85' lang='lat' dir='ltr'>Sedetanos,</span> <span class='ocrx_word' id='word_1_424' title='bbox 1253 4970 1502 5023; x_wconf 85' lang='lat' dir='ltr'>Exitanos</span> <span class='ocrx_word' id='word_1_425' title='bbox 1538 4979 1592 5023; x_wconf 91' lang='lat' dir='ltr'>et</span> <span class='ocrx_word' id='word_1_426' title='bbox 1636 4968 1906 5023; x_wconf 79' lang='lat' dir='ltr'>Sexitanus</span> <span class='ocrx_word' id='word_1_427' title='bbox 1931 4966 2192 5025; x_wconf 89' lang='lat' dir='ltr'>dicebant.</span> 
     </span>
     <span class='ocr_line' id='line_1_56' title="bbox 640 5045 2195 5120; baseline -0.001 -17"><span class='ocrx_word' id='word_1_428' title='bbox 640 5048 806 5103; x_wconf 86' lang='lat' dir='ltr'>Nobis</span> <span class='ocrx_word' id='word_1_429' title='bbox 833 5065 1047 5120; x_wconf 88' lang='lat' dir='ltr'>quoque</span> <span class='ocrx_word' id='word_1_430' title='bbox 1074 5048 1274 5103; x_wconf 84' lang='lat' dir='ltr'>etiamsi</span> <span class='ocrx_word' id='word_1_431' title='bbox 1302 5051 1582 5102; x_wconf 78' lang='lat' dir='ltr'>Namnetes</span> <span class='ocrx_word' id='word_1_432' title='bbox 1605 5046 1686 5101; x_wconf 80' lang='lat' dir='ltr'>vel</span> <span class='ocrx_word' id='word_1_433' title='bbox 1722 5046 1999 5101; x_wconf 78' lang='lat' dir='ltr'>Namnites</span> <span class='ocrx_word' id='word_1_434' title='bbox 2026 5045 2195 5102; x_wconf 87' lang='lat' dir='ltr'>forma</span> 
     </span>
     <span class='ocr_line' id='line_1_57' title="bbox 641 5125 2196 5199; baseline -0.001 -17"><span class='ocrx_word' id='word_1_435' title='bbox 641 5129 796 5183; x_wconf 89' lang='lat' dir='ltr'>unice</span> <span class='ocrx_word' id='word_1_436' title='bbox 840 5144 963 5181; x_wconf 80' lang='lat' dir='ltr'>vera</span> <span class='ocrx_word' id='word_1_437' title='bbox 994 5144 1106 5182; x_wconf 74' lang='lat' dir='ltr'>ease</span> <span class='ocrx_word' id='word_1_438' title='bbox 1133 5125 1360 5191; x_wconf 79' lang='lat' dir='ltr'>videtur,</span> <span class='ocrx_word' id='word_1_439' title='bbox 1391 5128 1445 5180; x_wconf 88' lang='lat' dir='ltr'>in</span> <span class='ocrx_word' id='word_1_440' title='bbox 1484 5126 1738 5199; x_wconf 79' lang='lat' dir='ltr'>Dionysio</span> <span class='ocrx_word' id='word_1_441' title='bbox 1763 5136 1938 5179; x_wconf 89' lang='lat' dir='ltr'>tamen</span> <span class='ocrx_word' id='word_1_442' title='bbox 1965 5126 2196 5181; x_wconf 88' lang='lat' dir='ltr'>nominis</span> 
     </span>
     <span class='ocr_line' id='line_1_58' title="bbox 639 5204 2195 5277; baseline -0.001 -16"><span class='ocrx_word' id='word_1_443' title='bbox 639 5206 808 5261; x_wconf 77' lang='lat' dir='ltr'>forma</span> <span class='ocrx_word' id='word_1_444' title='bbox 840 5204 1004 5262; x_wconf 86' lang='lat' dir='ltr'>codd.</span> <span class='ocrx_word' id='word_1_445' title='bbox 1038 5205 1253 5269; x_wconf 88' lang='lat' dir='ltr'>tradita,</span> <span class='ocrx_word' id='word_1_446' title='bbox 1286 5222 1549 5277; x_wconf 86' lang='lat' dir='ltr'>quamque</span> <span class='ocrx_word' id='word_1_447' title='bbox 1574 5214 1630 5259; x_wconf 88' lang='lat' dir='ltr'>et</span> <span class='ocrx_word' id='word_1_448' title='bbox 1653 5206 1949 5259; x_wconf 75' lang='lat' dir='ltr'>Priscianus</span> <span class='ocrx_word' id='word_1_449' title='bbox 1973 5213 2025 5257; x_wconf 89' lang='lat' dir='ltr'>et</span> <span class='ocrx_word' id='word_1_450' title='bbox 2049 5222 2195 5276; x_wconf 87' lang='lat' dir='ltr'>para·</span> 
     </span>
     <span class='ocr_line' id='line_1_59' title="bbox 636 5283 2198 5357; baseline -0.001 -19"><span class='ocrx_word' id='word_1_451' title='bbox 636 5284 873 5357; x_wconf 74' lang='lat' dir='ltr'>phraates</span> <span class='ocrx_word' id='word_1_452' title='bbox 899 5296 954 5339; x_wconf 93' lang='lat' dir='ltr'>et</span> <span class='ocrx_word' id='word_1_453' title='bbox 987 5285 1291 5339; x_wconf 85' lang='lat' dir='ltr'>Eustathius</span> <span class='ocrx_word' id='word_1_454' title='bbox 1318 5295 1638 5355; x_wconf 83' lang='lat' dir='ltr'>agnoscunt,</span> <span class='ocrx_word' id='word_1_455' title='bbox 1667 5294 1816 5337; x_wconf 88' lang='lat' dir='ltr'>tanto</span> <span class='ocrx_word' id='word_1_456' title='bbox 1847 5285 2020 5338; x_wconf 85' lang='lat' dir='ltr'>minus</span> <span class='ocrx_word' id='word_1_457' title='bbox 2058 5283 2198 5338; x_wconf 85' lang='lat' dir='ltr'>solli·</span> 
     </span>
     <span class='ocr_line' id='line_1_60' title="bbox 635 5362 2195 5435; baseline -0.001 -19"><span class='ocrx_word' id='word_1_458' title='bbox 635 5362 845 5417; x_wconf 85' lang='lat' dir='ltr'>citanda</span> <span class='ocrx_word' id='word_1_459' title='bbox 884 5381 998 5417; x_wconf 78' lang='lat' dir='ltr'>csse</span> <span class='ocrx_word' id='word_1_460' title='bbox 1031 5363 1259 5428; x_wconf 81' lang='lat' dir='ltr'>videtur,</span> <span class='ocrx_word' id='word_1_461' title='bbox 1292 5382 1456 5435; x_wconf 88' lang='lat' dir='ltr'>quum</span> <span class='ocrx_word' id='word_1_462' title='bbox 1491 5374 1700 5435; x_wconf 86' lang='lat' dir='ltr'>poetam</span> <span class='ocrx_word' id='word_1_463' title='bbox 1739 5372 1976 5416; x_wconf 80' lang='lat' dir='ltr'>nostrum</span> <span class='ocrx_word' id='word_1_464' title='bbox 2005 5363 2195 5415; x_wconf 85' lang='lat' dir='ltr'>multas</span> 
     </span>
    </p>
   </div>
   <div class='ocr_carea' id='block_1_6' title="bbox 2125 523 2492 590">
    <p class='ocr_par' dir='ltr' id='par_1_8' title="bbox 2125 523 2492 590">
     <span class='ocr_line' id='line_1_61' title="bbox 2125 523 2492 590; baseline 0.016 -7"><span class='ocrx_word' id='word_1_465' title='bbox 2125 523 2492 590; x_wconf 78' lang='lat' dir='ltr'>moNst.</span> 
     </span>
    </p>
   </div>
   <div class='ocr_carea' id='block_1_7' title="bbox 2317 666 3841 1610">
    <p class='ocr_par' dir='ltr' id='par_1_9' title="bbox 2327 666 3643 833">
     <span class='ocr_line' id='line_1_62' title="bbox 2328 666 3643 753; baseline 0.011 -33"><span class='ocrx_word' id='word_1_466' title='bbox 2328 666 2568 733; x_wconf 73' lang='lat' dir='ltr'>sacr-um,</span> <span class='ocrx_word' id='word_1_467' title='bbox 2598 670 2739 741; x_wconf 85' lang='lat' dir='ltr'>quod</span> <span class='ocrx_word' id='word_1_468' title='bbox 2768 673 2993 744; x_wconf 68' lang='lat' dir='ltr'>Europ-‘e</span> <span class='ocrx_word' id='word_1_469' title='bbox 3014 690 3123 727; x_wconf 77' lang='lat' dir='ltr'>esse</span> <span class='ocrx_word' id='word_1_470' title='bbox 3148 686 3305 747; x_wconf 83' lang='lat' dir='ltr'>caput</span> <span class='ocrx_word' id='word_1_471' title='bbox 3328 678 3581 748; x_wconf 84' lang='lat' dir='ltr'>perhiben</span> <span class='ocrx_word' id='word_1_472' title='bbox 3619 718 3643 753; x_wconf 84' lang='lat'>,</span> 
     </span>
     <span class='ocr_line' id='line_1_63' title="bbox 2327 752 3441 833; baseline 0.012 -29"><span class='ocrx_word' id='word_1_473' title='bbox 2327 752 2515 809; x_wconf 86' lang='lat' dir='ltr'>insulas</span> <span class='ocrx_word' id='word_1_474' title='bbox 2536 754 2894 811; x_wconf 78' lang='lat' dir='ltr'>occidentales</span> <span class='ocrx_word' id='word_1_475' title='bbox 2912 796 2927 823; x_wconf 89' lang='lat'>,</span> <span class='ocrx_word' id='word_1_476' title='bbox 2957 758 3049 812; x_wconf 90' lang='lat' dir='ltr'>ubi</span> <span class='ocrx_word' id='word_1_477' title='bbox 3076 761 3247 815; x_wconf 90' lang='lat' dir='ltr'>stanni</span> <span class='ocrx_word' id='word_1_478' title='bbox 3271 764 3441 833; x_wconf 83' lang='lat' dir='ltr'>origo,</span> 
     </span>
    </p>

    <p class='ocr_par' dir='ltr' id='par_1_10' title="bbox 2328 839 3482 912">
     <span class='ocr_line' id='line_1_64' title="bbox 2328 839 3482 912; baseline 0.011 -20"><span class='ocrx_word' id='word_1_479' title='bbox 2328 839 2571 911; x_wconf 87' lang='lat' dir='ltr'>opulenta</span> <span class='ocrx_word' id='word_1_480' title='bbox 2599 859 2723 912; x_wconf 83' lang='lat' dir='ltr'>gens</span> <span class='ocrx_word' id='word_1_481' title='bbox 2748 842 3001 897; x_wconf 81' lang='lat' dir='ltr'>nobilium</span> <span class='ocrx_word' id='word_1_482' title='bbox 3033 844 3231 901; x_wconf 84' lang='lat' dir='ltr'>habitat</span> <span class='ocrx_word' id='word_1_483' title='bbox 3246 848 3482 905; x_wconf 88' lang='lat' dir='ltr'>Iberum.</span> 
     </span>
    </p>

    <p class='ocr_par' dir='ltr' id='par_1_11' title="bbox 2324 926 3694 1095">
     <span class='ocr_line' id='line_1_65' title="bbox 2325 926 3694 1006; baseline 0.011 -28"><span class='ocrx_word' id='word_1_484' title='bbox 2325 926 2454 979; x_wconf 79' lang='lat' dir='ltr'>Duae</span> <span class='ocrx_word' id='word_1_485' title='bbox 2474 932 2649 983; x_wconf 76' lang='lat' dir='ltr'>autem</span> <span class='ocrx_word' id='word_1_486' title='bbox 2672 928 2783 982; x_wconf 78' lang='lat' dir='ltr'>aliae</span> <span class='ocrx_word' id='word_1_487' title='bbox 2802 928 2869 983; x_wconf 91' lang='lat' dir='ltr'>ad</span> <span class='ocrx_word' id='word_1_488' title='bbox 2890 932 3070 985; x_wconf 87' lang='lat' dir='ltr'>oceani</span> <span class='ocrx_word' id='word_1_489' title='bbox 3098 933 3251 987; x_wconf 85' lang='lat' dir='ltr'>litora</span> <span class='ocrx_word' id='word_1_490' title='bbox 3271 937 3694 1006; x_wconf 80' lang='lat' dir='ltr'>septentrionalia</span> 
     </span>
     <span class='ocr_line' id='line_1_66' title="bbox 2324 1014 3615 1095; baseline 0.011 -31"><span class='ocrx_word' id='word_1_491' title='bbox 2324 1022 2523 1067; x_wconf 84' lang='lat' dir='ltr'>exstant</span> <span class='ocrx_word' id='word_1_492' title='bbox 2548 1014 2727 1069; x_wconf 76' lang='lat' dir='ltr'>insulae</span> <span class='ocrx_word' id='word_1_493' title='bbox 2748 1018 3058 1073; x_wconf 72' lang='lat' dir='ltr'>Britannice</span> <span class='ocrx_word' id='word_1_494' title='bbox 3074 1057 3089 1084; x_wconf 89' lang='lat'>,</span> <span class='ocrx_word' id='word_1_495' title='bbox 3120 1020 3287 1074; x_wconf 85' lang='lat' dir='ltr'>Rheni</span> <span class='ocrx_word' id='word_1_496' title='bbox 3310 1039 3341 1075; x_wconf 90' lang='lat' dir='ltr'>e</span> <span class='ocrx_word' id='word_1_497' title='bbox 3362 1024 3575 1093; x_wconf 78' lang='lat' dir='ltr'>regione</span> <span class='ocrx_word' id='word_1_498' title='bbox 3594 1065 3615 1095; x_wconf 92' lang='lat'>,</span> 
     </span>
    </p>

    <p class='ocr_par' dir='ltr' id='par_1_12' title="bbox 2322 1100 3505 1171">
     <span class='ocr_line' id='line_1_67' title="bbox 2322 1100 3505 1171; baseline 0.009 -18"><span class='ocrx_word' id='word_1_499' title='bbox 2322 1100 2413 1171; x_wconf 89' lang='lat' dir='ltr'>qui</span> <span class='ocrx_word' id='word_1_500' title='bbox 2444 1100 2548 1155; x_wconf 90' lang='lat' dir='ltr'>illic</span> <span class='ocrx_word' id='word_1_501' title='bbox 2574 1101 2787 1157; x_wconf 89' lang='lat' dir='ltr'>ultimos</span> <span class='ocrx_word' id='word_1_502' title='bbox 2810 1106 3027 1159; x_wconf 82' lang='lat' dir='ltr'>vertices</span> <span class='ocrx_word' id='word_1_503' title='bbox 3051 1106 3103 1160; x_wconf 90' lang='lat' dir='ltr'>in</span> <span class='ocrx_word' id='word_1_504' title='bbox 3128 1124 3271 1161; x_wconf 89' lang='lat' dir='ltr'>mare</span> <span class='ocrx_word' id='word_1_505' title='bbox 3292 1110 3505 1165; x_wconf 85' lang='lat' dir='ltr'>emittit.</span> 
     </span>
    </p>

    <p class='ocr_par' dir='ltr' id='par_1_13' title="bbox 2317 1186 3841 1610">
     <span class='ocr_line' id='line_1_68' title="bbox 2325 1186 3705 1268; baseline 0.01 -29"><span class='ocrx_word' id='word_1_506' title='bbox 2325 1186 2520 1241; x_wconf 85' lang='lat' dir='ltr'>Harum</span> <span class='ocrx_word' id='word_1_507' title='bbox 2544 1189 2723 1260; x_wconf 90' lang='lat' dir='ltr'>utique</span> <span class='ocrx_word' id='word_1_508' title='bbox 2750 1190 3006 1245; x_wconf 87' lang='lat' dir='ltr'>immensa</span> <span class='ocrx_word' id='word_1_509' title='bbox 3028 1193 3333 1263; x_wconf 76' lang='lat' dir='ltr'>magnitudo</span> <span class='ocrx_word' id='word_1_510' title='bbox 3348 1234 3365 1260; x_wconf 89' lang='lat'>,</span> <span class='ocrx_word' id='word_1_511' title='bbox 3400 1214 3571 1268; x_wconf 84' lang='lat' dir='ltr'>neque</span> <span class='ocrx_word' id='word_1_512' title='bbox 3600 1198 3705 1253; x_wconf 89' lang='lat' dir='ltr'>ulla</span> 
     </span>
     <span class='ocr_line' id='line_1_69' title="bbox 2321 1274 3525 1355; baseline 0.011 -28"><span class='ocrx_word' id='word_1_513' title='bbox 2321 1274 2377 1327; x_wconf 90' lang='lat' dir='ltr'>in</span> <span class='ocrx_word' id='word_1_514' title='bbox 2405 1276 2588 1329; x_wconf 86' lang='lat' dir='ltr'>ceteris</span> <span class='ocrx_word' id='word_1_515' title='bbox 2613 1276 2792 1330; x_wconf 88' lang='lat' dir='ltr'>insulis</span> <span class='ocrx_word' id='word_1_516' title='bbox 2814 1278 2913 1331; x_wconf 84' lang='lat' dir='ltr'>alia</span> <span class='ocrx_word' id='word_1_517' title='bbox 2938 1279 3244 1335; x_wconf 82' lang='lat' dir='ltr'>Britannicis</span> <span class='ocrx_word' id='word_1_518' title='bbox 3272 1294 3525 1355; x_wconf 51' lang='lat' dir='ltr'>mquam&amp;</span> 
     </span>
     <span class='ocr_line' id='line_1_70' title="bbox 2320 1362 3841 1445; baseline 0.009 -30"><span class='ocrx_word' id='word_1_519' title='bbox 2320 1362 2650 1435; x_wconf 84' lang='lat' dir='ltr'>Propinquus</span> <span class='ocrx_word' id='word_1_520' title='bbox 2670 1382 2792 1419; x_wconf 84' lang='lat' dir='ltr'>vero</span> <span class='ocrx_word' id='word_1_521' title='bbox 2813 1365 2943 1419; x_wconf 87' lang='lat' dir='ltr'>alius</span> <span class='ocrx_word' id='word_1_522' title='bbox 2968 1367 3253 1423; x_wconf 84' lang='lat' dir='ltr'>insularum</span> <span class='ocrx_word' id='word_1_523' title='bbox 3280 1374 3447 1437; x_wconf 87' lang='lat' dir='ltr'>ordo,</span> <span class='ocrx_word' id='word_1_524' title='bbox 3476 1372 3567 1425; x_wconf 90' lang='lat' dir='ltr'>ubi</span> <span class='ocrx_word' id='word_1_525' title='bbox 3594 1390 3841 1445; x_wconf 73' lang='lat' dir='ltr'>conjuges</span> 
     </span>
     <span class='ocr_line' id='line_1_71' title="bbox 2322 1448 3773 1529; baseline 0.01 -27"><span class='ocrx_word' id='word_1_526' title='bbox 2322 1448 2533 1503; x_wconf 88' lang='lat' dir='ltr'>fortium</span> <span class='ocrx_word' id='word_1_527' title='bbox 2560 1452 2883 1506; x_wconf 80' lang='lat' dir='ltr'>Amnitarum</span> <span class='ocrx_word' id='word_1_528' title='bbox 2902 1492 2917 1519; x_wconf 89' lang='lat'>,</span> <span class='ocrx_word' id='word_1_529' title='bbox 2947 1456 3039 1525; x_wconf 89' lang='lat' dir='ltr'>qui</span> <span class='ocrx_word' id='word_1_530' title='bbox 3068 1460 3357 1528; x_wconf 86' lang='lat' dir='ltr'>oppositam</span> <span class='ocrx_word' id='word_1_531' title='bbox 3385 1468 3567 1513; x_wconf 83' lang='lat' dir='ltr'>tenent</span> <span class='ocrx_word' id='word_1_532' title='bbox 3591 1477 3737 1515; x_wconf 86' lang='lat' dir='ltr'>oram</span> <span class='ocrx_word' id='word_1_533' title='bbox 3755 1502 3773 1529; x_wconf 94' lang='lat'>,</span> 
     </span>
     <span class='ocr_line' id='line_1_72' title="bbox 2317 1538 3549 1610; baseline 0.008 -21"><span class='ocrx_word' id='word_1_534' title='bbox 2317 1538 2583 1591; x_wconf 78' lang='lat' dir='ltr'>concitatae</span> <span class='ocrx_word' id='word_1_535' title='bbox 2616 1538 2714 1591; x_wconf 86' lang='lat' dir='ltr'>rite</span> <span class='ocrx_word' id='word_1_536' title='bbox 2734 1539 2981 1593; x_wconf 84' lang='lat' dir='ltr'>Bacchica</span> <span class='ocrx_word' id='word_1_537' title='bbox 2998 1559 3140 1596; x_wconf 84' lang='lat' dir='ltr'>sacra</span> <span class='ocrx_word' id='word_1_538' title='bbox 3158 1543 3549 1610; x_wconf 81' lang='lat' dir='ltr'>concelebrant,</span> 
     </span>
    </p>
   </div>
   <div class='ocr_carea' id='block_1_8' title="bbox 3590 1716 3855 1729">
    <p class='ocr_par' dir='ltr' id='par_1_14' title="bbox 3590 1716 3855 1729">
     <span class='ocr_line' id='line_1_73' title="bbox 3590 1716 3855 1729; baseline 0 4555"><span class='ocrx_word' id='word_1_539' title='bbox 3590 1716 3855 1729; x_wconf 95' lang='lat' dir='ltr'> </span> 
     </span>
    </p>
   </div>
   <div class='ocr_carea' id='block_1_9' title="bbox 2288 1802 3878 4089">
    <p class='ocr_par' dir='ltr' id='par_1_15' title="bbox 2288 1802 3878 4089">
     <span class='ocr_line' id='line_1_74' title="bbox 2315 1802 3877 1881; baseline 0.006 -26"><span class='ocrx_word' id='word_1_540' title='bbox 2315 1803 2593 1857; x_wconf 88' lang='lat' dir='ltr'>nominum</span> <span class='ocrx_word' id='word_1_541' title='bbox 2622 1802 2816 1857; x_wconf 88' lang='lat' dir='ltr'>formas</span> <span class='ocrx_word' id='word_1_542' title='bbox 2840 1804 2939 1857; x_wconf 90' lang='lat' dir='ltr'>sibi</span> <span class='ocrx_word' id='word_1_543' title='bbox 2967 1806 3207 1876; x_wconf 87' lang='lat' dir='ltr'>proprias</span> <span class='ocrx_word' id='word_1_544' title='bbox 3239 1805 3434 1861; x_wconf 85' lang='lat' dir='ltr'>habere</span> <span class='ocrx_word' id='word_1_545' title='bbox 3457 1809 3646 1879; x_wconf 81' lang='lat' dir='ltr'>saepius</span> <span class='ocrx_word' id='word_1_546' title='bbox 3663 1808 3775 1881; x_wconf 88' lang='lat' dir='ltr'>jam</span> <span class='ocrx_word' id='word_1_547' title='bbox 3800 1813 3877 1865; x_wconf 83' lang='lat' dir='ltr'>vi·</span> 
     </span>
     <span class='ocr_line' id='line_1_75' title="bbox 2312 1879 3878 1963; baseline 0.006 -29"><span class='ocrx_word' id='word_1_548' title='bbox 2312 1879 2564 1936; x_wconf 86' lang='lat' dir='ltr'>derimus.</span> <span class='ocrx_word' id='word_1_549' title='bbox 2586 1882 2831 1935; x_wconf 86' lang='lat' dir='ltr'>Ceterum</span> <span class='ocrx_word' id='word_1_550' title='bbox 2850 1882 2922 1935; x_wconf 86' lang='lat' dir='ltr'>ita</span> <span class='ocrx_word' id='word_1_551' title='bbox 2938 1882 3127 1937; x_wconf 86' lang='lat' dir='ltr'>Strabo</span> <span class='ocrx_word' id='word_1_552' title='bbox 3143 1901 3201 1956; x_wconf 88' lang='lat' dir='ltr'>p.</span> <span class='ocrx_word' id='word_1_553' title='bbox 3223 1887 3322 1955; x_wconf 85' lang='lat'>198</span> <span class='ocrx_word' id='word_1_554' title='bbox 3345 1902 3358 1938; x_wconf 92' lang='lat'>:</span> <span class='ocrx_word' id='word_1_555' title='bbox 3389 1884 3475 1938; x_wconf 84' lang='grc' dir='ltr'>Ἐν</span> <span class='ocrx_word' id='word_1_556' title='bbox 3490 1886 3543 1941; x_wconf 79' lang='grc' dir='ltr'>δὲ</span> <span class='ocrx_word' id='word_1_557' title='bbox 3561 1892 3631 1960; x_wconf 77' lang='grc' dir='ltr'>τῷ</span> <span class='ocrx_word' id='word_1_558' title='bbox 3655 1886 3878 1963; x_wconf 79' lang='grc' dir='ltr'><strong>Ὠκεανῷ</strong></span> 
     </span>
     <span class='ocr_line' id='line_1_76' title="bbox 2310 1958 3871 2038; baseline 0.006 -27"><span class='ocrx_word' id='word_1_559' title='bbox 2310 1977 2455 2031; x_wconf 80' lang='grc' dir='ltr'><strong>φησιν</strong></span> <span class='ocrx_word' id='word_1_560' title='bbox 2484 1959 2843 2029; x_wconf 86' lang='lat' dir='ltr'>(Posidonius)</span> <span class='ocrx_word' id='word_1_561' title='bbox 2866 1958 2997 2015; x_wconf 77' lang='grc' dir='ltr'><strong>εἶναι</strong></span> <span class='ocrx_word' id='word_1_562' title='bbox 3017 1964 3167 2029; x_wconf 80' lang='grc' dir='ltr'><strong>νῆσον</strong></span> <span class='ocrx_word' id='word_1_563' title='bbox 3188 1961 3362 2035; x_wconf 70' lang='grc' dir='ltr'><strong>μικρὰν</strong></span> <span class='ocrx_word' id='word_1_564' title='bbox 3386 1962 3442 2017; x_wconf 78' lang='grc' dir='ltr'><strong>οὗ</strong></span> <span class='ocrx_word' id='word_1_565' title='bbox 3464 1966 3588 2019; x_wconf 76' lang='grc' dir='ltr'><strong>πάνυ</strong></span> <span class='ocrx_word' id='word_1_566' title='bbox 3610 1965 3871 2038; x_wconf 75' lang='grc' dir='ltr'><strong>πελαγίαν,</strong></span> 
     </span>
     <span class='ocr_line' id='line_1_77' title="bbox 2310 2037 3875 2116; baseline 0.004 -23"><span class='ocrx_word' id='word_1_567' title='bbox 2310 2041 2631 2113; x_wconf 69' lang='grc' dir='ltr'><strong>προκειμένην</strong></span> <span class='ocrx_word' id='word_1_568' title='bbox 2656 2043 2741 2108; x_wconf 82' lang='grc' dir='ltr'><strong>τῆς</strong></span> <span class='ocrx_word' id='word_1_569' title='bbox 2767 2037 2973 2107; x_wconf 59' lang='lat' dir='ltr'>&amp;nsok-15</span> <span class='ocrx_word' id='word_1_570' title='bbox 2997 2046 3085 2094; x_wconf 79' lang='grc' dir='ltr'><strong>τοῦ</strong></span> <span class='ocrx_word' id='word_1_571' title='bbox 3112 2042 3346 2114; x_wconf 70' lang='grc' dir='ltr'><strong>Δεῑγηρος</strong></span> <span class='ocrx_word' id='word_1_572' title='bbox 3374 2048 3615 2116; x_wconf 74' lang='grc' dir='ltr'><strong>ποταμοῦ·</strong></span> <span class='ocrx_word' id='word_1_573' title='bbox 3640 2044 3795 2099; x_wconf 80' lang='grc' dir='ltr'><strong>οἰκεῖν</strong></span> <span class='ocrx_word' id='word_1_574' title='bbox 3820 2046 3875 2101; x_wconf 76' lang='grc' dir='ltr'>δὲ</span> 
     </span>
     <span class='ocr_line' id='line_1_78' title="bbox 2309 2118 3875 2195; baseline 0.004 -23"><span class='ocrx_word' id='word_1_575' title='bbox 2309 2118 2488 2186; x_wconf 76' lang='grc' dir='ltr'><strong>ταύτην</strong></span> <span class='ocrx_word' id='word_1_576' title='bbox 2514 2118 2601 2182; x_wconf 77' lang='grc' dir='ltr'><strong>τὰς</strong></span> <span class='ocrx_word' id='word_1_577' title='bbox 2622 2124 2719 2172; x_wconf 79' lang='grc' dir='ltr'>τῶν</span> <span class='ocrx_word' id='word_1_578' title='bbox 2745 2118 3002 2191; x_wconf 74' lang='grc' dir='ltr'><strong>Σαμνιτῶν</strong></span> <span class='ocrx_word' id='word_1_579' title='bbox 3025 2123 3288 2192; x_wconf 75' lang='grc' dir='ltr'><strong>γυναῖκας,</strong></span> <span class='ocrx_word' id='word_1_580' title='bbox 3307 2122 3526 2195; x_wconf 75' lang='grc' dir='ltr'><strong>Διονύσῳ</strong></span> <span class='ocrx_word' id='word_1_581' title='bbox 3545 2126 3875 2195; x_wconf 70' lang='grc' dir='ltr'><strong>κατεχομένας</strong></span> 
     </span>
     <span class='ocr_line' id='line_1_79' title="bbox 2307 2196 3874 2271; baseline 0.003 -20"><span class='ocrx_word' id='word_1_582' title='bbox 2307 2196 2391 2251; x_wconf 79' lang='grc' dir='ltr'>καὶ</span> <span class='ocrx_word' id='word_1_583' title='bbox 2428 2198 2751 2271; x_wconf 77' lang='grc' dir='ltr'><strong>ἱλασκομένας</strong></span> <span class='ocrx_word' id='word_1_584' title='bbox 2790 2198 2876 2253; x_wconf 74' lang='grc' dir='ltr'>τὸν</span> <span class='ocrx_word' id='word_1_585' title='bbox 2912 2197 3021 2253; x_wconf 72' lang='grc' dir='ltr'><strong>θεὸν</strong></span> <span class='ocrx_word' id='word_1_586' title='bbox 3049 2203 3221 2254; x_wconf 80' lang='grc' dir='ltr'><strong>τοῦτον</strong></span> <span class='ocrx_word' id='word_1_587' title='bbox 3255 2200 3477 2265; x_wconf 76' lang='grc' dir='ltr'><strong>τελεταῖς</strong></span> <span class='ocrx_word' id='word_1_588' title='bbox 3513 2222 3566 2255; x_wconf 89' lang='grc' dir='ltr'>τε</span> <span class='ocrx_word' id='word_1_589' title='bbox 3592 2202 3677 2255; x_wconf 76' lang='grc' dir='ltr'>καὶ</span> <span class='ocrx_word' id='word_1_590' title='bbox 3698 2202 3874 2267; x_wconf 76' lang='grc' dir='ltr'><strong>ἄλλαις</strong></span> 
     </span>
     <span class='ocr_line' id='line_1_80' title="bbox 2306 2278 3872 2355; baseline 0.004 -24"><span class='ocrx_word' id='word_1_591' title='bbox 2306 2278 2602 2350; x_wconf 73' lang='grc' dir='ltr'><strong>ἱεροποιίαις.</strong></span> <span class='ocrx_word' id='word_1_592' title='bbox 2634 2299 2657 2328; x_wconf 78' lang='grc' dir='ltr'>α</span> <span class='ocrx_word' id='word_1_593' title='bbox 2682 2279 2779 2333; x_wconf 84' lang='lat' dir='ltr'>His</span> <span class='ocrx_word' id='word_1_594' title='bbox 2802 2278 3150 2353; x_wconf 83' lang='lat' dir='ltr'>(Bernhardyi</span> <span class='ocrx_word' id='word_1_595' title='bbox 3180 2280 3337 2335; x_wconf 80' lang='lat' dir='ltr'>verba</span> <span class='ocrx_word' id='word_1_596' title='bbox 3358 2284 3505 2351; x_wconf 88' lang='lat' dir='ltr'>sunt)</span> <span class='ocrx_word' id='word_1_597' title='bbox 3530 2282 3629 2336; x_wconf 84' lang='lat' dir='ltr'>alia</span> <span class='ocrx_word' id='word_1_598' title='bbox 3651 2282 3872 2355; x_wconf 80' lang='lat' dir='ltr'>subjun-</span> 
     </span>
     <span class='ocr_line' id='line_1_81' title="bbox 2304 2356 3868 2428; baseline 0.002 -16"><span class='ocrx_word' id='word_1_599' title='bbox 2304 2358 2379 2428; x_wconf 89' lang='lat' dir='ltr'>git</span> <span class='ocrx_word' id='word_1_600' title='bbox 2403 2356 2489 2413; x_wconf 86' lang='lat' dir='ltr'>ille</span> <span class='ocrx_word' id='word_1_601' title='bbox 2531 2357 2600 2411; x_wconf 92' lang='lat' dir='ltr'>de</span> <span class='ocrx_word' id='word_1_602' title='bbox 2628 2356 2909 2412; x_wconf 85' lang='lat' dir='ltr'>mulierum</span> <span class='ocrx_word' id='word_1_603' title='bbox 2952 2358 3235 2414; x_wconf 88' lang='lat' dir='ltr'>solitudine</span> <span class='ocrx_word' id='word_1_604' title='bbox 3268 2370 3323 2415; x_wconf 91' lang='lat' dir='ltr'>et</span> <span class='ocrx_word' id='word_1_605' title='bbox 3366 2371 3590 2415; x_wconf 79' lang='lat' dir='ltr'>cruento</span> <span class='ocrx_word' id='word_1_606' title='bbox 3640 2361 3835 2416; x_wconf 86' lang='lat' dir='ltr'>laniatu</span> <span class='ocrx_word' id='word_1_607' title='bbox 3852 2403 3868 2428; x_wconf 96' lang='lat'>,</span> 
     </span>
     <span class='ocr_line' id='line_1_82' title="bbox 2302 2436 3871 2513; baseline 0.003 -22"><span class='ocrx_word' id='word_1_608' title='bbox 2302 2454 2419 2509; x_wconf 67' lang='lat' dir='ltr'>quat</span> <span class='ocrx_word' id='word_1_609' title='bbox 2443 2438 2643 2510; x_wconf 86' lang='lat' dir='ltr'>priscos</span> <span class='ocrx_word' id='word_1_610' title='bbox 2678 2436 2919 2492; x_wconf 89' lang='lat' dir='ltr'>redolent</span> <span class='ocrx_word' id='word_1_611' title='bbox 2944 2438 3083 2493; x_wconf 87' lang='lat' dir='ltr'>inter</span> <span class='ocrx_word' id='word_1_612' title='bbox 3109 2439 3321 2495; x_wconf 78' lang='lat' dir='ltr'>Graecos</span> <span class='ocrx_word' id='word_1_613' title='bbox 3347 2440 3693 2513; x_wconf 86' lang='lat' dir='ltr'>omophagia,</span> <span class='ocrx_word' id='word_1_614' title='bbox 3722 2440 3871 2495; x_wconf 85' lang='lat' dir='ltr'>addi-</span> 
     </span>
     <span class='ocr_line' id='line_1_83' title="bbox 2303 2516 3871 2590; baseline 0.003 -20"><span class='ocrx_word' id='word_1_615' title='bbox 2303 2518 2369 2570; x_wconf 88' lang='lat' dir='ltr'>tis</span> <span class='ocrx_word' id='word_1_616' title='bbox 2384 2535 2501 2589; x_wconf 77' lang='lat' dir='ltr'>quae</span> <span class='ocrx_word' id='word_1_617' title='bbox 2516 2516 2880 2572; x_wconf 77' lang='lat' dir='ltr'>Artemidorus</span> <span class='ocrx_word' id='word_1_618' title='bbox 2895 2528 3207 2589; x_wconf 82' lang='lat' dir='ltr'>exposuerat</span> <span class='ocrx_word' id='word_1_619' title='bbox 3222 2517 3290 2571; x_wconf 91' lang='lat' dir='ltr'>de</span> <span class='ocrx_word' id='word_1_620' title='bbox 3304 2518 3643 2590; x_wconf 74' lang='lat' dir='ltr'>religionibus</span> <span class='ocrx_word' id='word_1_621' title='bbox 3666 2520 3871 2575; x_wconf 82' lang='lat' dir='ltr'>Cereris</span> 
     </span>
     <span class='ocr_line' id='line_1_84' title="bbox 2300 2594 3869 2669; baseline 0.004 -22"><span class='ocrx_word' id='word_1_622' title='bbox 2300 2611 2361 2649; x_wconf 87' lang='lat' dir='ltr'>ac</span> <span class='ocrx_word' id='word_1_623' title='bbox 2388 2594 2591 2650; x_wconf 76' lang='lat' dir='ltr'>Liberat</span> <span class='ocrx_word' id='word_1_624' title='bbox 2618 2594 2714 2665; x_wconf 85' lang='lat' dir='ltr'>(cf.</span> <span class='ocrx_word' id='word_1_625' title='bbox 2740 2594 2808 2649; x_wconf 92' lang='lat' dir='ltr'>de</span> <span class='ocrx_word' id='word_1_626' title='bbox 2835 2596 3018 2649; x_wconf 86' lang='lat' dir='ltr'>insulis</span> <span class='ocrx_word' id='word_1_627' title='bbox 3044 2598 3269 2664; x_wconf 86' lang='lat' dir='ltr'>Oceani,</span> <span class='ocrx_word' id='word_1_628' title='bbox 3294 2615 3425 2669; x_wconf 86' lang='lat' dir='ltr'>quas</span> <span class='ocrx_word' id='word_1_629' title='bbox 3446 2599 3712 2653; x_wconf 86' lang='lat' dir='ltr'>rarissima</span> <span class='ocrx_word' id='word_1_630' title='bbox 3732 2597 3869 2653; x_wconf 85' lang='lat' dir='ltr'>fama</span> 
     </span>
     <span class='ocr_line' id='line_1_85' title="bbox 2299 2672 3863 2749; baseline 0.005 -24"><span class='ocrx_word' id='word_1_631' title='bbox 2299 2672 2401 2729; x_wconf 88' lang='lat' dir='ltr'>diis</span> <span class='ocrx_word' id='word_1_632' title='bbox 2442 2675 2679 2746; x_wconf 82' lang='lat' dir='ltr'>utrisque</span> <span class='ocrx_word' id='word_1_633' title='bbox 2712 2672 3019 2742; x_wconf 85' lang='lat' dir='ltr'>dedicabat,</span> <span class='ocrx_word' id='word_1_634' title='bbox 3050 2675 3217 2748; x_wconf 79' lang='lat' dir='ltr'>Orplt.</span> <span class='ocrx_word' id='word_1_635' title='bbox 3260 2679 3391 2749; x_wconf 80' lang='lat' dir='ltr'>Arg.</span> <span class='ocrx_word' id='word_1_636' title='bbox 3430 2677 3564 2749; x_wconf 88' lang='grc'><strong>1195</strong></span> <span class='ocrx_word' id='word_1_637' title='bbox 3594 2689 3649 2732; x_wconf 92' lang='lat' dir='ltr'>et</span> <span class='ocrx_word' id='word_1_638' title='bbox 3690 2678 3863 2733; x_wconf 81' lang='lat' dir='ltr'>Procl.</span> 
     </span>
     <span class='ocr_line' id='line_1_86' title="bbox 2299 2751 3866 2825; baseline 0.004 -19"><span class='ocrx_word' id='word_1_639' title='bbox 2299 2751 2369 2806; x_wconf 90' lang='lat' dir='ltr'>ad</span> <span class='ocrx_word' id='word_1_640' title='bbox 2393 2752 2526 2810; x_wconf 85' lang='lat' dir='ltr'>Plat.</span> <span class='ocrx_word' id='word_1_641' title='bbox 2554 2754 2696 2810; x_wconf 88' lang='lat' dir='ltr'>Tim.</span> <span class='ocrx_word' id='word_1_642' title='bbox 2730 2770 2786 2825; x_wconf 88' lang='lat' dir='ltr'>p.</span> <span class='ocrx_word' id='word_1_643' title='bbox 2831 2753 2898 2818; x_wconf 86' lang='grc'><strong>54</strong></span> <span class='ocrx_word' id='word_1_644' title='bbox 2925 2753 3111 2825; x_wconf 60' lang='lat' dir='ltr'>extu),</span> <span class='ocrx_word' id='word_1_645' title='bbox 3155 2754 3212 2808; x_wconf 90' lang='lat' dir='ltr'>in</span> <span class='ocrx_word' id='word_1_646' title='bbox 3250 2755 3651 2811; x_wconf 87' lang='lat' dir='ltr'>similitudinem</span> <span class='ocrx_word' id='word_1_647' title='bbox 3681 2758 3866 2812; x_wconf 88' lang='lat' dir='ltr'>Samo·</span> 
     </span>
     <span class='ocr_line' id='line_1_87' title="bbox 2298 2832 3865 2891; baseline 0.003 -4"><span class='ocrx_word' id='word_1_648' title='bbox 2298 2832 2621 2887; x_wconf 84' lang='lat' dir='ltr'>thraciorum</span> <span class='ocrx_word' id='word_1_649' title='bbox 2646 2850 2917 2887; x_wconf 88' lang='lat' dir='ltr'>sacrorum</span> <span class='ocrx_word' id='word_1_650' title='bbox 2946 2832 3112 2887; x_wconf 85' lang='lat' dir='ltr'>solitis</span> <span class='ocrx_word' id='word_1_651' title='bbox 3138 2834 3512 2891; x_wconf 86' lang='lat' dir='ltr'>concelebrari.</span> <span class='ocrx_word' id='word_1_652' title='bbox 3541 2835 3701 2890; x_wconf 88' lang='lat' dir='ltr'>Unde</span> <span class='ocrx_word' id='word_1_653' title='bbox 3746 2836 3865 2891; x_wconf 90' lang='lat' dir='ltr'>licet</span> 
     </span>
     <span class='ocr_line' id='line_1_88' title="bbox 2298 2910 3863 2986; baseline 0.003 -21"><span class='ocrx_word' id='word_1_654' title='bbox 2298 2913 2353 2966; x_wconf 89' lang='lat' dir='ltr'>in</span> <span class='ocrx_word' id='word_1_655' title='bbox 2373 2912 2629 2984; x_wconf 76' lang='lat' dir='ltr'>Dionysio</span> <span class='ocrx_word' id='word_1_656' title='bbox 2644 2910 2829 2983; x_wconf 74' lang='grc' dir='ltr'><strong>ἀνδρῶν</strong></span> <span class='ocrx_word' id='word_1_657' title='bbox 2844 2911 2915 2966; x_wconf 90' lang='lat' dir='ltr'>de</span> <span class='ocrx_word' id='word_1_658' title='bbox 2928 2913 3131 2967; x_wconf 88' lang='lat' dir='ltr'>maritis</span> <span class='ocrx_word' id='word_1_659' title='bbox 3152 2912 3475 2967; x_wconf 85' lang='lat' dir='ltr'>Baccharum</span> <span class='ocrx_word' id='word_1_660' title='bbox 3494 2914 3829 2986; x_wconf 86' lang='lat' dir='ltr'>interpretari</span> <span class='ocrx_word' id='word_1_661' title='bbox 3845 2936 3863 2981; x_wconf 68' lang='grc' dir='ltr'><strong>ς</strong></span> 
     </span>
     <span class='ocr_line' id='line_1_89' title="bbox 2298 2990 3865 3064; baseline 0.003 -20"><span class='ocrx_word' id='word_1_662' title='bbox 2298 2990 2355 3044; x_wconf 88' lang='lat' dir='ltr'>id</span> <span class='ocrx_word' id='word_1_663' title='bbox 2382 3001 2557 3045; x_wconf 88' lang='lat' dir='ltr'>tamen</span> <span class='ocrx_word' id='word_1_664' title='bbox 2584 2990 2905 3047; x_wconf 85' lang='lat' dir='ltr'>discriminis</span> <span class='ocrx_word' id='word_1_665' title='bbox 2924 2991 3064 3045; x_wconf 89' lang='lat' dir='ltr'>inter</span> <span class='ocrx_word' id='word_1_666' title='bbox 3084 3002 3371 3064; x_wconf 85' lang='lat' dir='ltr'>utrumque</span> <span class='ocrx_word' id='word_1_667' title='bbox 3389 2990 3696 3055; x_wconf 85' lang='lat' dir='ltr'>intercedit,</span> <span class='ocrx_word' id='word_1_668' title='bbox 3718 2992 3865 3063; x_wconf 88' lang='lat' dir='ltr'>quod</span> 
     </span>
     <span class='ocr_line' id='line_1_90' title="bbox 2298 3070 3864 3142; baseline 0.001 -17"><span class='ocrx_word' id='word_1_669' title='bbox 2298 3070 2484 3125; x_wconf 87' lang='lat' dir='ltr'>Strabo</span> <span class='ocrx_word' id='word_1_670' title='bbox 2524 3070 2839 3142; x_wconf 79' lang='lat' dir='ltr'>singularem</span> <span class='ocrx_word' id='word_1_671' title='bbox 2878 3071 3037 3126; x_wconf 88' lang='lat' dir='ltr'>habet</span> <span class='ocrx_word' id='word_1_672' title='bbox 3078 3090 3360 3127; x_wconf 88' lang='lat' dir='ltr'>numerum</span> <span class='ocrx_word' id='word_1_673' title='bbox 3377 3111 3394 3136; x_wconf 95' lang='lat'>,</span> <span class='ocrx_word' id='word_1_674' title='bbox 3421 3090 3546 3126; x_wconf 89' lang='lat' dir='ltr'>cum</span> <span class='ocrx_word' id='word_1_675' title='bbox 3574 3072 3732 3126; x_wconf 89' lang='lat' dir='ltr'>etiam</span> <span class='ocrx_word' id='word_1_676' title='bbox 3760 3072 3864 3127; x_wconf 88' lang='lat' dir='ltr'>Pli-</span> 
     </span>
     <span class='ocr_line' id='line_1_91' title="bbox 2298 3151 3865 3224; baseline 0.003 -21"><span class='ocrx_word' id='word_1_677' title='bbox 2298 3151 2417 3203; x_wconf 88' lang='lat' dir='ltr'>nius</span> <span class='ocrx_word' id='word_1_678' title='bbox 2446 3167 2578 3222; x_wconf 86' lang='lat' dir='ltr'>quas</span> <span class='ocrx_word' id='word_1_679' title='bbox 2602 3152 2791 3205; x_wconf 84' lang='lat' dir='ltr'>Noster</span> <span class='ocrx_word' id='word_1_680' title='bbox 2818 3152 3060 3205; x_wconf 79' lang='lat' dir='ltr'>tractavit</span> <span class='ocrx_word' id='word_1_681' title='bbox 3085 3151 3279 3206; x_wconf 87' lang='lat' dir='ltr'>insulas</span> <span class='ocrx_word' id='word_1_682' title='bbox 3301 3152 3567 3224; x_wconf 88' lang='lat' dir='ltr'>impertiat</span> <span class='ocrx_word' id='word_1_683' title='bbox 3586 3152 3865 3207; x_wconf 86' lang='lat' dir='ltr'>‘Venetica-</span> 
     </span>
     <span class='ocr_line' id='line_1_92' title="bbox 2298 3227 3864 3301; baseline 0.001 -18"><span class='ocrx_word' id='word_1_684' title='bbox 2298 3246 2420 3283; x_wconf 89' lang='lat' dir='ltr'>rum</span> <span class='ocrx_word' id='word_1_685' title='bbox 2448 3240 2819 3298; x_wconf 89' lang='lat' dir='ltr'>cognomento.</span> <span class='ocrx_word' id='word_1_686' title='bbox 2851 3227 2954 3284; x_wconf 88' lang='lat' dir='ltr'>Sed</span> <span class='ocrx_word' id='word_1_687' title='bbox 2981 3239 3136 3301; x_wconf 87' lang='lat' dir='ltr'>poeta</span> <span class='ocrx_word' id='word_1_688' title='bbox 3168 3240 3339 3284; x_wconf 87' lang='lat' dir='ltr'>tamen</span> <span class='ocrx_word' id='word_1_689' title='bbox 3366 3228 3587 3283; x_wconf 88' lang='lat' dir='ltr'>eandem</span> <span class='ocrx_word' id='word_1_690' title='bbox 3620 3230 3676 3284; x_wconf 89' lang='lat' dir='ltr'>in</span> <span class='ocrx_word' id='word_1_691' title='bbox 3702 3232 3864 3285; x_wconf 87' lang='lat' dir='ltr'>socie-</span> 
     </span>
     <span class='ocr_line' id='line_1_93' title="bbox 2300 3306 3863 3380; baseline 0.002 -21"><span class='ocrx_word' id='word_1_692' title='bbox 2300 3317 2459 3361; x_wconf 88' lang='lat' dir='ltr'>tatem</span> <span class='ocrx_word' id='word_1_693' title='bbox 2490 3306 2698 3361; x_wconf 80' lang='lat' dir='ltr'>videtur</span> <span class='ocrx_word' id='word_1_694' title='bbox 2714 3308 2905 3361; x_wconf 87' lang='lat' dir='ltr'>Senam</span> <span class='ocrx_word' id='word_1_695' title='bbox 2924 3308 3049 3361; x_wconf 86' lang='lat' dir='ltr'>satis</span> <span class='ocrx_word' id='word_1_696' title='bbox 3074 3307 3299 3361; x_wconf 84' lang='lat' dir='ltr'>vicinam</span> <span class='ocrx_word' id='word_1_697' title='bbox 3318 3306 3632 3379; x_wconf 84' lang='lat' dir='ltr'>compulisse</span> <span class='ocrx_word' id='word_1_698' title='bbox 3644 3347 3659 3371; x_wconf 94' lang='lat'>,</span> <span class='ocrx_word' id='word_1_699' title='bbox 3680 3308 3735 3361; x_wconf 91' lang='lat' dir='ltr'>in</span> <span class='ocrx_word' id='word_1_700' title='bbox 3757 3326 3863 3380; x_wconf 83' lang='lat' dir='ltr'>qua</span> 
     </span>
     <span class='ocr_line' id='line_1_94' title="bbox 2297 3383 3863 3457; baseline 0.003 -19"><span class='ocrx_word' id='word_1_701' title='bbox 2297 3384 2433 3439; x_wconf 84' lang='lat' dir='ltr'>Mela</span> <span class='ocrx_word' id='word_1_702' title='bbox 2456 3385 2510 3448; x_wconf 84' lang='lat'>3,</span> <span class='ocrx_word' id='word_1_703' title='bbox 2539 3390 2593 3449; x_wconf 91' lang='grc'><strong>6,</strong></span> <span class='ocrx_word' id='word_1_704' title='bbox 2616 3385 2646 3437; x_wconf 89' lang='grc'>3</span> <span class='ocrx_word' id='word_1_705' title='bbox 2668 3384 2808 3453; x_wconf 92' lang='lat' dir='ltr'>(coll.</span> <span class='ocrx_word' id='word_1_706' title='bbox 2830 3385 2965 3441; x_wconf 89' lang='lat' dir='ltr'>Plin.</span> <span class='ocrx_word' id='word_1_707' title='bbox 2992 3389 3046 3449; x_wconf 87' lang='grc'>4,</span> <span class='ocrx_word' id='word_1_708' title='bbox 3068 3387 3161 3455; x_wconf 87' lang='grc'><strong>36)</strong></span> <span class='ocrx_word' id='word_1_709' title='bbox 3184 3402 3329 3457; x_wconf 85' lang='lat' dir='ltr'>sagas</span> <span class='ocrx_word' id='word_1_710' title='bbox 3351 3383 3587 3439; x_wconf 84' lang='lat' dir='ltr'>fatidicas</span> <span class='ocrx_word' id='word_1_711' title='bbox 3604 3384 3863 3442; x_wconf 84' lang='lat' dir='ltr'>habitasse</span> 
     </span>
     <span class='ocr_line' id='line_1_95' title="bbox 2299 3460 3863 3536; baseline 0.003 -22"><span class='ocrx_word' id='word_1_712' title='bbox 2299 3460 2573 3526; x_wconf 82' lang='lat' dir='ltr'>fabulatur,</span> <span class='ocrx_word' id='word_1_713' title='bbox 2602 3480 2721 3533; x_wconf 69' lang='lat' dir='ltr'>qum</span> <span class='ocrx_word' id='word_1_714' title='bbox 2760 3464 3039 3535; x_wconf 88' lang='lat' dir='ltr'>imperium</span> <span class='ocrx_word' id='word_1_715' title='bbox 3067 3463 3123 3516; x_wconf 91' lang='lat' dir='ltr'>in</span> <span class='ocrx_word' id='word_1_716' title='bbox 3152 3473 3332 3517; x_wconf 78' lang='lat' dir='ltr'>ventos</span> <span class='ocrx_word' id='word_1_717' title='bbox 3368 3472 3673 3516; x_wconf 85' lang='lat' dir='ltr'>exercerent</span> <span class='ocrx_word' id='word_1_718' title='bbox 3698 3464 3863 3536; x_wconf 86' lang='lat' dir='ltr'>inque</span> 
     </span>
     <span class='ocr_line' id='line_1_96' title="bbox 2298 3538 3861 3615; baseline 0.002 -22"><span class='ocrx_word' id='word_1_719' title='bbox 2298 3542 2465 3596; x_wconf 83' lang='lat' dir='ltr'>varias</span> <span class='ocrx_word' id='word_1_720' title='bbox 2494 3553 2709 3615; x_wconf 86' lang='lat' dir='ltr'>possent</span> <span class='ocrx_word' id='word_1_721' title='bbox 2729 3541 2922 3612; x_wconf 82' lang='lat' dir='ltr'>figuras</span> <span class='ocrx_word' id='word_1_722' title='bbox 2946 3541 3305 3596; x_wconf 87' lang='lat' dir='ltr'>transformari</span> <span class='ocrx_word' id='word_1_723' title='bbox 3336 3557 3351 3594; x_wconf 74' lang='grc' dir='ltr'>ι</span> <span class='ocrx_word' id='word_1_724' title='bbox 3381 3538 3522 3595; x_wconf 89' lang='lat' dir='ltr'>haud</span> <span class='ocrx_word' id='word_1_725' title='bbox 3540 3557 3688 3593; x_wconf 88' lang='lat' dir='ltr'>secus</span> <span class='ocrx_word' id='word_1_726' title='bbox 3705 3550 3861 3613; x_wconf 87' lang='lat' dir='ltr'>atque</span> 
     </span>
     <span class='ocr_line' id='line_1_97' title="bbox 2296 3617 3861 3694; baseline -0.001 -18"><span class='ocrx_word' id='word_1_727' title='bbox 2296 3638 2381 3676; x_wconf 82' lang='lat' dir='ltr'>eas</span> <span class='ocrx_word' id='word_1_728' title='bbox 2409 3622 2601 3676; x_wconf 86' lang='lat' dir='ltr'>Neuris</span> <span class='ocrx_word' id='word_1_729' title='bbox 2628 3620 2957 3694; x_wconf 84' lang='lat' dir='ltr'>imputabant</span> <span class='ocrx_word' id='word_1_730' title='bbox 2977 3622 3288 3692; x_wconf 64' lang='lat' dir='ltr'>prestigias,</span> <span class='ocrx_word' id='word_1_731' title='bbox 3320 3617 3642 3691; x_wconf 87' lang='lat' dir='ltr'>utluporum</span> <span class='ocrx_word' id='word_1_732' title='bbox 3666 3617 3861 3675; x_wconf 85' lang='lat' dir='ltr'>formas</span> 
     </span>
     <span class='ocr_line' id='line_1_98' title="bbox 2297 3698 3859 3773; baseline 0.001 -19"><span class='ocrx_word' id='word_1_733' title='bbox 2297 3703 2359 3755; x_wconf 85' lang='lat' dir='ltr'>iis</span> <span class='ocrx_word' id='word_1_734' title='bbox 2386 3701 2564 3757; x_wconf 89' lang='lat' dir='ltr'>liceret</span> <span class='ocrx_word' id='word_1_735' title='bbox 2590 3700 2841 3768; x_wconf 78' lang='lat' dir='ltr'>induere3</span> <span class='ocrx_word' id='word_1_736' title='bbox 2872 3700 2939 3756; x_wconf 90' lang='lat' dir='ltr'>de</span> <span class='ocrx_word' id='word_1_737' title='bbox 2970 3719 3079 3773; x_wconf 90' lang='lat' dir='ltr'>quo</span> <span class='ocrx_word' id='word_1_738' title='bbox 3118 3700 3239 3755; x_wconf 81' lang='lat' dir='ltr'>vide</span> <span class='ocrx_word' id='word_1_739' title='bbox 3263 3718 3381 3772; x_wconf 74' lang='lat' dir='ltr'>qua».</span> <span class='ocrx_word' id='word_1_740' title='bbox 3409 3698 3751 3773; x_wconf 83' lang='lat' dir='ltr'>disputarunt</span> <span class='ocrx_word' id='word_1_741' title='bbox 3775 3701 3859 3755; x_wconf 84' lang='lat' dir='ltr'>in·</span> 
     </span>
     <span class='ocr_line' id='line_1_99' title="bbox 2294 3778 3860 3853; baseline 0 -18"><span class='ocrx_word' id='word_1_742' title='bbox 2294 3791 2456 3853; x_wconf 80' lang='lat' dir='ltr'>tet-pr.</span> <span class='ocrx_word' id='word_1_743' title='bbox 2490 3781 2639 3835; x_wconf 79' lang='lat' dir='ltr'>Melae</span> <span class='ocrx_word' id='word_1_744' title='bbox 2677 3797 2731 3843; x_wconf 88' lang='grc'><strong>2,</strong></span> <span class='ocrx_word' id='word_1_745' title='bbox 2780 3797 2829 3846; x_wconf 90' lang='grc'>1,</span> <span class='ocrx_word' id='word_1_746' title='bbox 2868 3782 2951 3836; x_wconf 86' lang='grc'><strong>13.</strong></span> <span class='ocrx_word' id='word_1_747' title='bbox 2984 3778 3138 3835; x_wconf 80' lang='lat' dir='ltr'>Adde</span> <span class='ocrx_word' id='word_1_748' title='bbox 3163 3780 3307 3852; x_wconf 89' lang='lat' dir='ltr'>quod</span> <span class='ocrx_word' id='word_1_749' title='bbox 3328 3781 3384 3834; x_wconf 91' lang='lat' dir='ltr'>in</span> <span class='ocrx_word' id='word_1_750' title='bbox 3415 3790 3654 3833; x_wconf 81' lang='lat' dir='ltr'>extremo</span> <span class='ocrx_word' id='word_1_751' title='bbox 3679 3780 3860 3835; x_wconf 72' lang='lat' dir='ltr'>Gallie</span> 
     </span>
     <span class='ocr_line' id='line_1_100' title="bbox 2291 3859 3859 3931; baseline 0 -18"><span class='ocrx_word' id='word_1_752' title='bbox 2291 3859 2473 3925; x_wconf 88' lang='lat' dir='ltr'>litore,</span> <span class='ocrx_word' id='word_1_753' title='bbox 2504 3859 2649 3931; x_wconf 88' lang='lat' dir='ltr'>quod</span> <span class='ocrx_word' id='word_1_754' title='bbox 2675 3859 2997 3913; x_wconf 84' lang='lat' dir='ltr'>Britanniam</span> <span class='ocrx_word' id='word_1_755' title='bbox 3036 3868 3260 3930; x_wconf 83' lang='lat' dir='ltr'>spectat.</span> <span class='ocrx_word' id='word_1_756' title='bbox 3298 3860 3562 3914; x_wconf 82' lang='lat' dir='ltr'>recentior</span> <span class='ocrx_word' id='word_1_757' title='bbox 3587 3868 3713 3912; x_wconf 75' lang='lat' dir='ltr'>aetas</span> <span class='ocrx_word' id='word_1_758' title='bbox 3747 3860 3859 3913; x_wconf 87' lang='lat' dir='ltr'>ani-</span> 
     </span>
     <span class='ocr_line' id='line_1_101' title="bbox 2295 3936 3853 4010; baseline -0.001 -16"><span class='ocrx_word' id='word_1_759' title='bbox 2295 3958 2499 3995; x_wconf 87' lang='lat' dir='ltr'>marum</span> <span class='ocrx_word' id='word_1_760' title='bbox 2528 3938 2676 3993; x_wconf 73' lang='lat' dir='ltr'>sedes</span> <span class='ocrx_word' id='word_1_761' title='bbox 2702 3948 2755 3993; x_wconf 90' lang='lat' dir='ltr'>et</span> <span class='ocrx_word' id='word_1_762' title='bbox 2795 3940 3146 4010; x_wconf 79' lang='grc' dir='ltr'><strong>νεκρομαντεῗα</strong></span> <span class='ocrx_word' id='word_1_763' title='bbox 3186 3936 3473 4010; x_wconf 85' lang='lat' dir='ltr'>reponebat</span> <span class='ocrx_word' id='word_1_764' title='bbox 3503 3954 3518 3991; x_wconf 73' lang='grc' dir='ltr'>ε</span> <span class='ocrx_word' id='word_1_765' title='bbox 3553 3956 3605 3993; x_wconf 82' lang='lat' dir='ltr'>v.</span> <span class='ocrx_word' id='word_1_766' title='bbox 3633 3938 3853 3993; x_wconf 85' lang='lat' dir='ltr'>Gesner.</span> 
     </span>
     <span class='ocr_line' id='line_1_102' title="bbox 2288 4015 3857 4089; baseline -0.002 -14"><span class='ocrx_word' id='word_1_767' title='bbox 2288 4019 2357 4075; x_wconf 91' lang='lat' dir='ltr'>ad</span> <span class='ocrx_word' id='word_1_768' title='bbox 2376 4018 2657 4075; x_wconf 78' lang='lat' dir='ltr'>claudian.</span> <span class='ocrx_word' id='word_1_769' title='bbox 2684 4019 2739 4073; x_wconf 89' lang='lat' dir='ltr'>in</span> <span class='ocrx_word' id='word_1_770' title='bbox 2764 4016 2891 4075; x_wconf 81' lang='lat' dir='ltr'>Ruf.</span> <span class='ocrx_word' id='word_1_771' title='bbox 2928 4036 2977 4081; x_wconf 89' lang='lat'>1,</span> <span class='ocrx_word' id='word_1_772' title='bbox 3014 4018 3133 4082; x_wconf 87' lang='grc'><strong>123,</strong></span> <span class='ocrx_word' id='word_1_773' title='bbox 3165 4034 3323 4089; x_wconf 85' lang='lat' dir='ltr'>quem</span> <span class='ocrx_word' id='word_1_774' title='bbox 3350 4015 3600 4087; x_wconf 85' lang='lat' dir='ltr'>fugerunt</span> <span class='ocrx_word' id='word_1_775' title='bbox 3622 4015 3857 4072; x_wconf 85' lang='lat' dir='ltr'>disertis-</span> 
     </span>
    </p>
   </div>
   <div class='ocr_carea' id='block_1_10' title="bbox 2273 4086 3849 4163">
    <p class='ocr_par' dir='ltr' id='par_1_16' title="bbox 2273 4086 3849 4163">
     <span class='ocr_line' id='line_1_103' title="bbox 2273 4086 3849 4163; baseline -0.001 -10"><span class='ocrx_word' id='word_1_776' title='bbox 2273 4086 2407 4153; x_wconf 72' lang='lat' dir='ltr'>⁰sinti</span> <span class='ocrx_word' id='word_1_777' title='bbox 2451 4109 2628 4163; x_wconf 69' lang='lat' dir='ltr'>testes,</span> <span class='ocrx_word' id='word_1_778' title='bbox 2672 4096 2871 4152; x_wconf 86' lang='lat' dir='ltr'>Plinius</span> <span class='ocrx_word' id='word_1_779' title='bbox 2920 4098 3008 4163; x_wconf 84' lang='lat'>30,</span> <span class='ocrx_word' id='word_1_780' title='bbox 3053 4100 3083 4159; x_wconf 91' lang='grc'><strong>4</strong></span> <span class='ocrx_word' id='word_1_781' title='bbox 3127 4106 3181 4150; x_wconf 87' lang='lat' dir='ltr'>et</span> <span class='ocrx_word' id='word_1_782' title='bbox 3204 4094 3517 4149; x_wconf 86' lang='lat' dir='ltr'>Plutarchus</span> <span class='ocrx_word' id='word_1_783' title='bbox 3546 4098 3629 4150; x_wconf 86' lang='lat' dir='ltr'>De</span> <span class='ocrx_word' id='word_1_784' title='bbox 3662 4094 3849 4153; x_wconf 87' lang='lat' dir='ltr'>defect.</span> 
     </span>
    </p>
   </div>
   <div class='ocr_carea' id='block_1_11' title="bbox 2279 4174 3854 5119">
    <p class='ocr_par' dir='ltr' id='par_1_17' title="bbox 2279 4174 3854 5119">
     <span class='ocr_line' id='line_1_104' title="bbox 2287 4174 3853 4250; baseline -0.001 -19"><span class='ocrx_word' id='word_1_785' title='bbox 2287 4196 2429 4234; x_wconf 87' lang='lat' dir='ltr'>orac.</span> <span class='ocrx_word' id='word_1_786' title='bbox 2460 4195 2516 4250; x_wconf 83' lang='lat' dir='ltr'>p.</span> <span class='ocrx_word' id='word_1_787' title='bbox 2549 4181 2653 4247; x_wconf 79' lang='grc'>419</span> <span class='ocrx_word' id='word_1_788' title='bbox 2685 4186 2740 4231; x_wconf 86' lang='lat' dir='ltr'>et</span> <span class='ocrx_word' id='word_1_789' title='bbox 2763 4175 3024 4248; x_wconf 86' lang='lat' dir='ltr'>imprimis</span> <span class='ocrx_word' id='word_1_790' title='bbox 3046 4174 3285 4229; x_wconf 86' lang='lat' dir='ltr'>Clemens</span> <span class='ocrx_word' id='word_1_791' title='bbox 3315 4174 3467 4227; x_wconf 81' lang='lat' dir='ltr'>Alex.</span> <span class='ocrx_word' id='word_1_792' title='bbox 3495 4174 3691 4230; x_wconf 86' lang='lat' dir='ltr'>Strom.</span> <span class='ocrx_word' id='word_1_793' title='bbox 3722 4179 3775 4239; x_wconf 81' lang='lat'>6,</span> <span class='ocrx_word' id='word_1_794' title='bbox 3798 4195 3853 4250; x_wconf 89' lang='lat' dir='ltr'>p.</span> 
     </span>
     <span class='ocr_line' id='line_1_105' title="bbox 2285 4252 3851 4325; baseline -0.001 -14"><span class='ocrx_word' id='word_1_795' title='bbox 2285 4261 2410 4325; x_wconf 84' lang='grc'><strong>268,</strong></span> <span class='ocrx_word' id='word_1_796' title='bbox 2440 4256 2583 4312; x_wconf 88' lang='lat' dir='ltr'>unde</span> <span class='ocrx_word' id='word_1_797' title='bbox 2609 4255 3012 4311; x_wconf 83' lang='lat' dir='ltr'>fundamentum</span> <span class='ocrx_word' id='word_1_798' title='bbox 3040 4254 3201 4309; x_wconf 87' lang='lat' dir='ltr'>totius</span> <span class='ocrx_word' id='word_1_799' title='bbox 3245 4252 3433 4307; x_wconf 79' lang='lat' dir='ltr'>fabulae</span> <span class='ocrx_word' id='word_1_800' title='bbox 3458 4254 3797 4324; x_wconf 84' lang='lat' dir='ltr'>cognoscitur</span> <span class='ocrx_word' id='word_1_801' title='bbox 3836 4273 3851 4309; x_wconf 73' lang='grc' dir='ltr'>ε</span> 
     </span>
     <span class='ocr_line' id='line_1_106' title="bbox 2285 4332 3853 4408; baseline -0.002 -18"><span class='ocrx_word' id='word_1_802' title='bbox 2285 4354 2409 4391; x_wconf 84' lang='lat' dir='ltr'>nam</span> <span class='ocrx_word' id='word_1_803' title='bbox 2434 4337 2498 4390; x_wconf 88' lang='lat' dir='ltr'>iis</span> <span class='ocrx_word' id='word_1_804' title='bbox 2527 4353 2645 4408; x_wconf 78' lang='lat' dir='ltr'>quae</span> <span class='ocrx_word' id='word_1_805' title='bbox 2670 4333 2925 4390; x_wconf 82' lang='lat' dir='ltr'>Schedius</span> <span class='ocrx_word' id='word_1_806' title='bbox 2951 4336 3032 4388; x_wconf 88' lang='lat' dir='ltr'>De</span> <span class='ocrx_word' id='word_1_807' title='bbox 3054 4332 3157 4387; x_wconf 87' lang='lat' dir='ltr'>diis</span> <span class='ocrx_word' id='word_1_808' title='bbox 3183 4335 3369 4389; x_wconf 88' lang='lat' dir='ltr'>Germ.</span> <span class='ocrx_word' id='word_1_809' title='bbox 3395 4350 3445 4389; x_wconf 91' lang='lat' dir='ltr'>c.</span> <span class='ocrx_word' id='word_1_810' title='bbox 3477 4337 3547 4397; x_wconf 88' lang='grc'>42</span> <span class='ocrx_word' id='word_1_811' title='bbox 3578 4350 3696 4405; x_wconf 87' lang='lat' dir='ltr'>sqq.</span> <span class='ocrx_word' id='word_1_812' title='bbox 3726 4351 3853 4387; x_wconf 86' lang='lat' dir='ltr'>eon·</span> 
     </span>
     <span class='ocr_line' id='line_1_107' title="bbox 2283 4410 3854 4487; baseline -0.004 -17"><span class='ocrx_word' id='word_1_813' title='bbox 2283 4416 2439 4486; x_wconf 86' lang='lat' dir='ltr'>gessit</span> <span class='ocrx_word' id='word_1_814' title='bbox 2458 4416 2637 4469; x_wconf 87' lang='lat' dir='ltr'>minus</span> <span class='ocrx_word' id='word_1_815' title='bbox 2662 4412 2957 4487; x_wconf 79' lang='lat' dir='ltr'>proficitur.</span> <span class='ocrx_word' id='word_1_816' title='bbox 2987 4410 3133 4468; x_wconf 87' lang='lat' dir='ltr'>Nihil</span> <span class='ocrx_word' id='word_1_817' title='bbox 3148 4410 3233 4465; x_wconf 79' lang='lat' dir='ltr'>his</span> <span class='ocrx_word' id='word_1_818' title='bbox 3260 4410 3466 4475; x_wconf 83' lang='lat' dir='ltr'>subest,</span> <span class='ocrx_word' id='word_1_819' title='bbox 3499 4410 3630 4482; x_wconf 90' lang='lat' dir='ltr'>quin</span> <span class='ocrx_word' id='word_1_820' title='bbox 3650 4410 3719 4465; x_wconf 90' lang='lat' dir='ltr'>de</span> <span class='ocrx_word' id='word_1_821' title='bbox 3736 4412 3854 4483; x_wconf 88' lang='lat' dir='ltr'>qui-</span> 
     </span>
     <span class='ocr_line' id='line_1_108' title="bbox 2281 4489 3850 4566; baseline -0.002 -18"><span class='ocrx_word' id='word_1_822' title='bbox 2281 4493 2592 4566; x_wconf 81' lang='lat' dir='ltr'>buscunque</span> <span class='ocrx_word' id='word_1_823' title='bbox 2639 4492 2847 4566; x_wconf 80' lang='lat' dir='ltr'>populis</span> <span class='ocrx_word' id='word_1_824' title='bbox 2889 4501 2945 4546; x_wconf 90' lang='lat' dir='ltr'>et</span> <span class='ocrx_word' id='word_1_825' title='bbox 2986 4490 3220 4545; x_wconf 84' lang='lat' dir='ltr'>barbaris</span> <span class='ocrx_word' id='word_1_826' title='bbox 3248 4500 3302 4544; x_wconf 91' lang='lat' dir='ltr'>et</span> <span class='ocrx_word' id='word_1_827' title='bbox 3338 4490 3493 4560; x_wconf 85' lang='lat' dir='ltr'>longe</span> <span class='ocrx_word' id='word_1_828' title='bbox 3522 4489 3850 4557; x_wconf 83' lang='lat' dir='ltr'>cultissimis,</span> 
     </span>
     <span class='ocr_line' id='line_1_109' title="bbox 2281 4568 3851 4647; baseline -0.001 -20"><span class='ocrx_word' id='word_1_829' title='bbox 2281 4574 2407 4647; x_wconf 84' lang='lat' dir='ltr'>ipsis</span> <span class='ocrx_word' id='word_1_830' title='bbox 2429 4576 2587 4629; x_wconf 90' lang='lat' dir='ltr'>etiam</span> <span class='ocrx_word' id='word_1_831' title='bbox 2610 4572 2809 4627; x_wconf 78' lang='lat' dir='ltr'>Graecis</span> <span class='ocrx_word' id='word_1_832' title='bbox 2833 4570 3109 4642; x_wconf 86' lang='lat' dir='ltr'>Italisque,</span> <span class='ocrx_word' id='word_1_833' title='bbox 3138 4568 3325 4624; x_wconf 85' lang='lat' dir='ltr'>similia</span> <span class='ocrx_word' id='word_1_834' title='bbox 3348 4568 3558 4641; x_wconf 87' lang='lat' dir='ltr'>pridem</span> <span class='ocrx_word' id='word_1_835' title='bbox 3580 4568 3851 4625; x_wconf 73' lang='lat' dir='ltr'>observata</span> 
     </span>
     <span class='ocr_line' id='line_1_110' title="bbox 2279 4648 3850 4725; baseline -0.003 -17"><span class='ocrx_word' id='word_1_836' title='bbox 2279 4652 2510 4709; x_wconf 81' lang='lat' dir='ltr'>conferri</span> <span class='ocrx_word' id='word_1_837' title='bbox 2560 4652 2765 4725; x_wconf 86' lang='lat' dir='ltr'>possint</span> <span class='ocrx_word' id='word_1_838' title='bbox 2812 4649 3079 4722; x_wconf 89' lang='lat' dir='ltr'>hodieque</span> <span class='ocrx_word' id='word_1_839' title='bbox 3126 4666 3226 4702; x_wconf 86' lang='lat' dir='ltr'>usu</span> <span class='ocrx_word' id='word_1_840' title='bbox 3270 4648 3687 4719; x_wconf 85' lang='lat' dir='ltr'>comprobentur</span> <span class='ocrx_word' id='word_1_841' title='bbox 3742 4648 3850 4721; x_wconf 89' lang='lat' dir='ltr'>(Cf.</span> 
     </span>
     <span class='ocr_line' id='line_1_111' title="bbox 2279 4724 3847 4800; baseline -0.003 -14"><span class='ocrx_word' id='word_1_842' title='bbox 2279 4730 2625 4787; x_wconf 85' lang='lat' dir='ltr'>Tiedemann.</span> <span class='ocrx_word' id='word_1_843' title='bbox 2656 4732 2737 4783; x_wconf 89' lang='lat' dir='ltr'>De</span> <span class='ocrx_word' id='word_1_844' title='bbox 2764 4730 2935 4800; x_wconf 83' lang='lat' dir='ltr'>magia</span> <span class='ocrx_word' id='word_1_845' title='bbox 2962 4746 3020 4800; x_wconf 89' lang='lat' dir='ltr'>p.</span> <span class='ocrx_word' id='word_1_846' title='bbox 3048 4726 3116 4781; x_wconf 87' lang='grc'><strong>63</strong></span> <span class='ocrx_word' id='word_1_847' title='bbox 3140 4744 3221 4797; x_wconf 87' lang='lat' dir='ltr'>sq.</span> <span class='ocrx_word' id='word_1_848' title='bbox 3242 4735 3295 4779; x_wconf 90' lang='lat' dir='ltr'>et</span> <span class='ocrx_word' id='word_1_849' title='bbox 3315 4726 3503 4779; x_wconf 84' lang='lat' dir='ltr'>Kuhn.</span> <span class='ocrx_word' id='word_1_850' title='bbox 3529 4724 3599 4778; x_wconf 87' lang='lat' dir='ltr'>ad</span> <span class='ocrx_word' id='word_1_851' title='bbox 3623 4728 3847 4785; x_wconf 86' lang='lat' dir='ltr'>Pausan.</span> 
     </span>
     <span class='ocr_line' id='line_1_112' title="bbox 2282 4804 3847 4883; baseline -0.005 -17"><span class='ocrx_word' id='word_1_852' title='bbox 2282 4827 2335 4875; x_wconf 89' lang='grc'>2,</span> <span class='ocrx_word' id='word_1_853' title='bbox 2360 4812 2471 4877; x_wconf 81' lang='grc'><strong>34);</strong></span> <span class='ocrx_word' id='word_1_854' title='bbox 2493 4828 2664 4883; x_wconf 89' lang='lat' dir='ltr'>neque</span> <span class='ocrx_word' id='word_1_855' title='bbox 2680 4820 2885 4881; x_wconf 81' lang='lat' dir='ltr'>strepor</span> <span class='ocrx_word' id='word_1_856' title='bbox 2902 4806 3215 4861; x_wconf 70' lang='lat' dir='ltr'>celticorum</span> <span class='ocrx_word' id='word_1_857' title='bbox 3236 4820 3513 4858; x_wconf 85' lang='lat' dir='ltr'>sacrorum</span> <span class='ocrx_word' id='word_1_858' title='bbox 3532 4804 3589 4857; x_wconf 90' lang='lat' dir='ltr'>in</span> <span class='ocrx_word' id='word_1_859' title='bbox 3616 4804 3847 4859; x_wconf 84' lang='lat' dir='ltr'>Gerunni</span> 
     </span>
     <span class='ocr_line' id='line_1_113' title="bbox 2282 4882 3850 4959; baseline -0.006 -15"><span class='ocrx_word' id='word_1_860' title='bbox 2282 4888 2537 4944; x_wconf 86' lang='lat' dir='ltr'>honorem</span> <span class='ocrx_word' id='word_1_861' title='bbox 2560 4888 2665 4959; x_wconf 87' lang='lat' dir='ltr'>(Cf.</span> <span class='ocrx_word' id='word_1_862' title='bbox 2682 4886 3003 4943; x_wconf 52' lang='lat' dir='ltr'>[leibnitium</span> <span class='ocrx_word' id='word_1_863' title='bbox 3026 4886 3168 4956; x_wconf 85' lang='lat' dir='ltr'>Opp.</span> <span class='ocrx_word' id='word_1_864' title='bbox 3186 4893 3225 4937; x_wconf 91' lang='lat' dir='ltr'>t.</span> <span class='ocrx_word' id='word_1_865' title='bbox 3250 4886 3303 4946; x_wconf 89' lang='grc'>6,</span> <span class='ocrx_word' id='word_1_866' title='bbox 3328 4899 3383 4947; x_wconf 88' lang='grc'>2,</span> <span class='ocrx_word' id='word_1_867' title='bbox 3410 4902 3447 4955; x_wconf 91' lang='lat' dir='ltr'>p</span> <span class='ocrx_word' id='word_1_868' title='bbox 3470 4884 3562 4953; x_wconf 87' lang='lat'>90)</span> <span class='ocrx_word' id='word_1_869' title='bbox 3580 4882 3850 4936; x_wconf 85' lang='lat' dir='ltr'>institutus</span> 
     </span>
     <span class='ocr_line' id='line_1_114' title="bbox 2280 4961 3845 5041; baseline -0.006 -19"><span class='ocrx_word' id='word_1_870' title='bbox 2280 4985 2391 5022; x_wconf 88' lang='lat' dir='ltr'>non</span> <span class='ocrx_word' id='word_1_871' title='bbox 2416 4978 2587 5041; x_wconf 85' lang='lat' dir='ltr'>potest</span> <span class='ocrx_word' id='word_1_872' title='bbox 2611 4966 2754 5021; x_wconf 88' lang='lat' dir='ltr'>credi</span> <span class='ocrx_word' id='word_1_873' title='bbox 2780 4983 2903 5021; x_wconf 89' lang='lat' dir='ltr'>cum</span> <span class='ocrx_word' id='word_1_874' title='bbox 2939 4962 3203 5019; x_wconf 87' lang='lat' dir='ltr'>Bacchicis</span> <span class='ocrx_word' id='word_1_875' title='bbox 3224 4962 3417 5016; x_wconf 84' lang='lat' dir='ltr'>ritibus</span> <span class='ocrx_word' id='word_1_876' title='bbox 3439 4980 3551 5015; x_wconf 72' lang='lat' dir='ltr'>esse</span> <span class='ocrx_word' id='word_1_877' title='bbox 3577 4961 3845 5015; x_wconf 89' lang='lat' dir='ltr'>consocia·</span> 
     </span>
     <span class='ocr_line' id='line_1_115' title="bbox 2279 5042 3845 5119; baseline -0.006 -19"><span class='ocrx_word' id='word_1_878' title='bbox 2279 5056 2383 5111; x_wconf 87' lang='lat' dir='ltr'>tus,</span> <span class='ocrx_word' id='word_1_879' title='bbox 2398 5064 2716 5119; x_wconf 85' lang='lat' dir='ltr'>quamquam</span> <span class='ocrx_word' id='word_1_880' title='bbox 2735 5062 3009 5116; x_wconf 88' lang='lat' dir='ltr'>querceam</span> <span class='ocrx_word' id='word_1_881' title='bbox 3024 5060 3275 5097; x_wconf 87' lang='lat' dir='ltr'>coronam</span> <span class='ocrx_word' id='word_1_882' title='bbox 3296 5042 3605 5112; x_wconf 57' lang='lat' dir='ltr'>interpret&amp;</span> <span class='ocrx_word' id='word_1_883' title='bbox 3632 5048 3845 5111; x_wconf 66' lang='lat' dir='ltr'>praeter-</span> 
     </span>
    </p>
   </div>
   <div class='ocr_carea' id='block_1_12' title="bbox 2279 5116 3841 5265">
    <p class='ocr_par' dir='ltr' id='par_1_18' title="bbox 2279 5116 3841 5265">
     <span class='ocr_line' id='line_1_116' title="bbox 2279 5116 3840 5193; baseline -0.005 -16"><span class='ocrx_word' id='word_1_884' title='bbox 2279 5123 2546 5180; x_wconf 84' lang='lat' dir='ltr'>videbant.</span> <span class='ocrx_word' id='word_1_885' title='bbox 2576 5122 2794 5179; x_wconf 83' lang='lat' dir='ltr'>Accedit</span> <span class='ocrx_word' id='word_1_886' title='bbox 2808 5133 2983 5177; x_wconf 89' lang='lat' dir='ltr'>autem</span> <span class='ocrx_word' id='word_1_887' title='bbox 2998 5122 3351 5193; x_wconf 78' lang='lat' dir='ltr'>Hispanarum</span> <span class='ocrx_word' id='word_1_888' title='bbox 3376 5136 3590 5191; x_wconf 90' lang='lat' dir='ltr'>quoque</span> <span class='ocrx_word' id='word_1_889' title='bbox 3607 5116 3840 5188; x_wconf 88' lang='lat' dir='ltr'>gentium</span> 
     </span>
     <span class='ocr_line' id='line_1_117' title="bbox 2279 5198 3841 5265; baseline -0.006 -10"><span class='ocrx_word' id='word_1_890' title='bbox 2279 5199 2568 5256; x_wconf 85' lang='lat' dir='ltr'>similitudo</span> <span class='ocrx_word' id='word_1_891' title='bbox 2617 5202 2671 5255; x_wconf 91' lang='lat' dir='ltr'>in</span> <span class='ocrx_word' id='word_1_892' title='bbox 2728 5200 2963 5255; x_wconf 78' lang='lat' dir='ltr'>fanaticis</span> <span class='ocrx_word' id='word_1_893' title='bbox 3011 5198 3373 5253; x_wconf 82' lang='lat' dir='ltr'>saltationibus</span> <span class='ocrx_word' id='word_1_894' title='bbox 3416 5204 3645 5259; x_wconf 81' lang='lat' dir='ltr'>versata,</span> <span class='ocrx_word' id='word_1_895' title='bbox 3684 5210 3841 5265; x_wconf 77' lang='lat' dir='ltr'>quam</span> 
     </span>
    </p>
   </div>
   <div class='ocr_carea' id='block_1_13' title="bbox 2279 5272 3844 5427">
    <p class='ocr_par' dir='ltr' id='par_1_19' title="bbox 2279 5272 3844 5427">
     <span class='ocr_line' id='line_1_118' title="bbox 2279 5272 3844 5353; baseline -0.008 -16"><span class='ocrx_word' id='word_1_896' title='bbox 2279 5281 2466 5337; x_wconf 84' lang='lat' dir='ltr'>Strabo</span> <span class='ocrx_word' id='word_1_897' title='bbox 2510 5299 2566 5353; x_wconf 83' lang='lat' dir='ltr'>p.</span> <span class='ocrx_word' id='word_1_898' title='bbox 2624 5285 2721 5345; x_wconf 79' lang='grc'><strong>154</strong></span> <span class='ocrx_word' id='word_1_899' title='bbox 2769 5278 3120 5333; x_wconf 81' lang='lat' dir='ltr'>adumbravit.</span> <span class='ocrx_word' id='word_1_900' title='bbox 3169 5303 3191 5324; x_wconf 74' lang='grc' dir='ltr'><strong>ι</strong></span> <span class='ocrx_word' id='word_1_901' title='bbox 3248 5278 3270 5347; x_wconf 88' lang='grc'>11</span> <span class='ocrx_word' id='word_1_902' title='bbox 3312 5307 3387 5318; x_wconf 92' lang='grc'>-</span> <span class='ocrx_word' id='word_1_903' title='bbox 3432 5276 3554 5345; x_wconf 80' lang='grc'><strong>572.</strong></span> <span class='ocrx_word' id='word_1_904' title='bbox 3594 5272 3844 5327; x_wconf 78' lang='grc' dir='ltr'><strong>τελέθουσι</strong></span> 
     </span>
     <span class='ocr_line' id='line_1_119' title="bbox 2285 5352 3841 5427; baseline -0.006 -12"><span class='ocrx_word' id='word_1_905' title='bbox 2285 5360 2811 5424; x_wconf 70' lang='grc' dir='ltr'><strong>ΕΟΗΚΝΥῦιΙεΙηη,</strong></span> <span class='ocrx_word' id='word_1_906' title='bbox 2863 5377 3002 5413; x_wconf 88' lang='lat' dir='ltr'>corr.</span> <span class='ocrx_word' id='word_1_907' title='bbox 3052 5360 3117 5411; x_wconf 92' lang='grc' dir='ltr'><strong>Ο.</strong></span> <span class='ocrx_word' id='word_1_908' title='bbox 3175 5376 3257 5427; x_wconf 89' lang='grc' dir='ltr'><strong>γρ.</strong></span> <span class='ocrx_word' id='word_1_909' title='bbox 3310 5354 3559 5409; x_wconf 79' lang='grc' dir='ltr'><strong>τελέτουσι</strong></span> <span class='ocrx_word' id='word_1_910' title='bbox 3606 5358 3659 5407; x_wconf 87' lang='lat' dir='ltr'>C.</span> <span class='ocrx_word' id='word_1_911' title='bbox 3720 5352 3841 5423; x_wconf 73' lang='lat' dir='ltr'>ss—</span> 
     </span>
    </p>
   </div>
  </div>
 </body>
</html>
