4584 6284
1864 507 1970 569 Ex
2012 501 2432 565 STRABONIS
2475 502 2628 563 LIB.
2681 501 2786 565 VI.

776 656 821 699 ε.
859 633 993 697 Ὅτι
1014 634 1165 713 ἔγγὺς
1195 639 1285 693 τοῦ
1312 628 1491 693 Ααύου
1516 629 1643 709 πρὸς
1661 628 1809 688 νότον
1830 632 1865 701 ἡ
1892 626 2111 705 Τέμεσά
2143 628 2257 686 ἔστι

696 723 878 796 πόλις,
923 727 959 796 ἦ
990 721 1203 801 ὕστερον
1232 718 1432 801 Τέμγα
1462 720 1746 790 κληθεῖσα·
1790 706 1853 789 ’ἧς
1887 716 1978 774 καὶ
2014 711 2256 794 Ὅμηρος

700 812 987 890 μέμνηται.
1076 806 1190 870 Καί
1227 810 1329 867 εἶσι
1355 806 1445 867 καὶ
1480 806 1833 885 χαλκουργεῖα
1872 806 1985 862 ἐκεῖ
2021 802 2255 861 ἐκλελοι-

696 899 863 960 πότα·
894 898 986 960 καὶ
1015 899 1187 978 ἡρῷον
1211 900 1320 957 ἐκεῖ
1349 892 1581 958 Πολίτου
1600 940 1617 972 ,
1650 895 1755 953 τῶν
1791 888 2086 956 Ὀδυσσέως
2112 888 2253 949 ἑταί-

699 1013 799 1069 ρων
832 988 976 1060 ἑνὸς,
1005 981 1433 1066 δολοφονηθέντος
1462 980 1564 1042 ὑπὸ
1596 984 1702 1041 τῶν
1728 976 1993 1061 ἐγχωρίων
2026 978 2117 1037 καὶ
2140 1000 2251 1055 μη-

696 1076 936 1143 νίσαντος
959 1077 1081 1133 κατ’
1114 1073 1284 1133 αὐτῶν
1311 1071 1558 1151 χαλεπῶς
1584 1068 1778 1147 οὕτως,
1808 1071 1879 1135 ὥς
1916 1065 2006 1125 καὶ
2050 1065 2253 1142 δασμο·

697 1175 875 1246 φορεῖν
903 1159 1091 1229 αὖτοὺς
1117 1158 1215 1221 ὅσα
1241 1157 1365 1231 ἔτη·
1405 1156 1495 1217 καὶ
1524 1154 1809 1239 παροιμίαν
1838 1154 1921 1215 ἐπ’
1946 1155 2087 1235 αὐτῷ
2112 1150 2253 1231 γενέ-

699 1257 855 1312 σθαι·
887 1279 912 1304 α
946 1248 1145 1323 Μηδεὶς
1166 1247 1256 1308 τὸν
1280 1246 1431 1326 ἥρωα
1458 1244 1543 1305 τὸν
1574 1246 1627 1303 ἰν
1652 1244 1890 1322 Τεμέσῃ.
1920 1268 1944 1296 ι
2023 1240 2251 1317 Λέγεται

699 1339 756 1400 δὲ
781 1338 872 1400 καὶ
902 1336 1139 1415 Ταμάση
1167 1334 1254 1396 διὰ
1277 1341 1367 1393 τοῦ
1389 1356 1442 1391 α.
1469 1330 1618 1400 Τινὲς
1646 1331 1689 1391 δ’
1706 1333 1765 1391 οὗ
1792 1330 1984 1402 ταύτης
2008 1326 2138 1409 φασὶ
2161 1328 2248 1387 τὸν

699 1425 951 1508 Ὅμηρον
977 1429 1293 1506 μεμνῆσθαι.

781 1537 831 1577 ο.
875 1509 1003 1575 Ὅτι
1025 1509 1162 1590 μετὰ
1186 1507 1281 1583 τὴν
1302 1506 1525 1588 Τέμψαν
1559 1502 1813 1566 Κοσεντία
1844 1500 1955 1564 ἐστὶ
1978 1500 2248 1583 μητρόπο-

697 1606 777 1673 λις
818 1597 1081 1685 Βρεττίων
1102 1622 1117 1638 ·
1138 1595 1230 1658 καὶ
1284 1596 1399 1673 μετ’
1442 1592 1605 1665 αὐτὴν
1649 1588 1959 1665 Πανδοσία,
2006 1590 2249 1671 φρούριον

697 1692 884 1776 ὀχυρὸν
914 1687 1219 1772 τρικόρυφον
1236 1730 1253 1759 ,
1284 1682 1548 1767 Ἀχέροντι
1576 1684 1804 1762 ποταμῷ
1831 1679 2249 1762 περιρρεόμενον·

700 1782 819 1841 ἔνθα
845 1784 875 1841 ὁ
918 1774 1181 1843 Μολοττὸς
1216 1772 1549 1852 Ἀλέξανδρος
1585 1770 1835 1852 διεφθάρη
1855 1814 1872 1843 ,
1913 1768 2250 1843 ἐξαπατηθεὶς

691 1865 793 1927 ὑπὸ
829 1873 919 1925 τοῦ
953 1865 1013 1923 ἐκ
1045 1859 1304 1935 Δωδώνης
1340 1866 1615 1942 χρησμοῦ,
1653 1857 1955 1923 κελεύοντος
1988 1856 2249 1938 φυλάττε-

688 1961 806 2016 σθαι
837 1949 1140 2016 Πανδοσίαν
1172 1949 1264 2011 καὶ
1292 1949 1602 2033 Ἀχέροντα·
1626 1940 1762 2022 ἦσαν
1792 1945 1845 2006 δὲ
1878 1945 1983 2027 ἄρα
2013 1944 2103 2004 καὶ
2130 1945 2251 2025 περὶ

684 2039 1038 2125 Θεσπρωτίαν
1094 2037 1366 2100 Πανδοσία
1420 2038 1514 2097 καὶ
1566 2037 1817 2119 Ἀχέρων.
1914 2033 2252 2107 Ἐξηπάτησε

686 2130 739 2191 δὲ
778 2130 871 2191 καὶ
916 2127 1049 2190 ἄλλο
1093 2126 1269 2207 λόγιον
1283 2150 1299 2165 ·
1346 2153 1372 2180 ι
1411 2124 1687 2188 Πανδοσία
1729 2124 2012 2205 τρικόλωνε
2027 2165 2044 2195 ,
2086 2121 2251 2181 πολύν

685 2240 815 2279 ποτε
849 2216 982 2278 λαὸν
1020 2214 1249 2282 ὀλέσσεις
1267 2234 1281 2249 ·
1313 2239 1339 2265 ιι
1368 2211 1562 2285 ἄδηλον
1604 2211 1661 2272 ὄν
1681 2254 1699 2285 ,
1742 2209 1959 2291 πότερον
2002 2210 2187 2268 οἰκεῖον
2218 2206 2253 2281 ἢ

695 2309 912 2369 ὀθνεῖον.

774 2415 842 2456 ιο.
886 2389 1021 2456 Ὅτι
1056 2394 1103 2453 οἱ
1141 2393 1195 2451 tv
1243 2386 1631 2469 Πελοποννήσῳ
1672 2385 1965 2459 Μεσσήνιοι
2007 2385 2249 2469 ἔπεμψαν

693 2485 891 2543 ἑαυτῶν
940 2479 1225 2562 παρθένους
1278 2481 1351 2547 εἷς
1396 2476 1688 2557 ῖερουργίαν
1735 2479 1801 2555 τῇ
1856 2472 2143 2556 Ἀρτέμιδι·
2192 2472 2251 2541 ἅς

691 2595 823 2640 τινες
857 2574 960 2629 τῶν
992 2564 1421 2645 Λακεδαιμονίων
1450 2564 1543 2623 καὶ
1569 2565 1745 2623 αὐτῶν
1772 2561 2083 2637 Μεσσηνίων
2112 2562 2250 2623 κατὰ

688 2660 785 2733 τὴν
803 2660 917 2720 ὁδὸν
934 2657 1236 2720 ἕὸιάσαντο.
1319 2651 1529 2722 Ταύτας
1551 2652 1601 2713 οἱ
1617 2647 1921 2733 πέμψαντες
1935 2648 2251 2724 Μεσσηνίων

690 2748 1009 2812 ἐκδικοῦντες
1052 2741 1387 2818 ἐπολέμησαν
1432 2747 1538 2808 τοῖς
1578 2738 1917 2821 βιασαμένοις
1958 2738 2049 2798 καὶ
2090 2742 2251 2811 ἡττη-

690 2834 857 2902 θέντες
881 2832 1089 2916 ἔφυγον·
1116 2830 1207 2891 καὶ
1235 2834 1310 2898 εἷς
1343 2825 1577 2911 Δελφοὺς
1601 2825 1905 2912 πέμψαντες
1948 2828 2247 2901 ἐνεκάλουν,

687 2918 1014 3001 μεμφόμενοι
1039 2916 1128 2977 τὸν
1152 2914 1390 2977 Ἀπόλλω
1408 2914 1501 2976 καὶ
1523 2912 1623 2987 τὴν
1650 2912 1708 2977 'A
1718 2938 1920 2997 ρτεμιν,
1947 2914 1993 2973 εἰ
2018 2912 2251 2973 τοιούτω

684 3006 1013 3088 τυγχάνοιεν,
1045 3007 1155 3065 ἀνθ’
1185 2996 1258 3065 ὄν
1302 3001 1589 3083 ἒτιμῶρουν
1620 3005 1819 3077 αὗτοῖς,
1852 3000 1942 3062 καὶ
1987 3001 2247 3063 πυνθανό-

686 3118 832 3173 μενοι
878 3098 992 3161 πῶς
1037 3093 1099 3151 ἂν
1148 3097 1362 3152 σωθεῖεν
1409 3088 1741 3159 ἂπολωλότες
1756 3114 1770 3127 ·
1819 3095 1848 3150 ὁ
1897 3089 1943 3149 δ’
1982 3089 2244 3149 Ἀπόλλων

685 3184 921 3243 ἐκέλευσε
967 3180 1274 3241 στέλλεσθαι
1306 3177 1441 3256 μετὰ
1491 3180 1799 3241 Χαλκιδέων
1840 3180 1909 3245 εἰς
1948 3176 2009 3236 τὸ
2037 3176 2247 3256 Ῥήγιον

685 3270 775 3330 καὶ
796 3275 863 3351 τῇ
891 3271 1092 3350 ἀδελφῇ
1127 3269 1289 3328 αὐτοῦ
1313 3265 1469 3347 χάριν
1494 3265 1655 3347 ἔχειν·
1686 3267 1745 3325 οὗ
1784 3265 1885 3347 γὰρ
1913 3266 2247 3325 ἀπολωλέναι

684 3358 895 3433 αὐτοὺς,
936 3357 1073 3417 ἀλλὰ
1112 3358 1405 3428 σεσῶσθαι,
1434 3352 1723 3431 μέλλοντάς
1750 3377 1809 3433 γε
1840 3352 1915 3431 μὴ
1957 3352 2243 3434 συναφανί-

690 3449 871 3506 σεσθαι
914 3449 983 3525 τῇ
1029 3442 1272 3525 πατρίδι,
1300 3440 1611 3521 ἇλωσομένῃ
1658 3441 1845 3521 μικρὸν
1890 3440 2100 3520 ὕστερον
2142 3439 2243 3500 ὕπὸ

696 3536 1059 3615 Σπαρτιατῶν.
1092 3536 1163 3594 Οἱ
1192 3531 1245 3591 δὲ
1267 3530 1556 3601 πεισθέντες
1578 3530 1790 3590 ἔκτισαν
1811 3528 1903 3591 σὺν
1926 3530 2247 3591 Χαλκιδεῦσι

691 3624 749 3683 τὸ
772 3621 985 3703 Ῥήγιον
1012 3624 1063 3682 ἐν
1088 3620 1327 3703 Σικελία.

777 3734 845 3775 ιι.
889 3710 1022 3773 ιὈτι
1038 3709 1245 3790 Ῥήγιον
1267 3707 1460 3781 ἐκλήθη
1470 3705 1560 3767 διὰ
1582 3709 1643 3769 τὸ
1662 3712 1885 3789 ῥαγῆναι
1899 3706 1999 3766 ὑπὸ
2018 3710 2245 3785 σεισμῶν

645 3870 657 3881 .
698 3801 939 3883 μεγάλων
974 3800 1035 3857 ἐκ
1059 3801 1152 3870 τῆς
1174 3796 1393 3879 ἠπείρου
1418 3794 1511 3867 τὴν
1542 3796 1809 3857 Σικελίαν.
1892 3796 2247 3879 Τεκμαίροιτο

696 3889 743 3948 δ’
770 3887 834 3948 ἄν
856 3909 935 3955 τις
961 3884 1067 3947 άπὸ
1091 3888 1196 3946 τῶν
1223 3882 1347 3967 περὶ
1372 3885 1469 3957 τὴν
1499 3881 1693 3956 Αἴτνην
1719 3884 2123 3962 συμπτωμάτων
2156 3884 2248 3945 καὶ

693 3982 799 4039 τῶν
830 3974 975 4039 κατὰ
998 3974 1249 4058 Λιπάραν
1274 3972 1367 4034 καὶ
1393 3970 1485 4042 τὰς
1509 3971 1631 4055 περὶ
1658 3972 1819 4045 αὖτὴν
1845 3974 2030 4046 νήσους
2048 4020 2063 4048 ,
2089 3974 2165 4034 ἔτι
2192 3973 2248 4033 δὲ

694 4065 787 4126 καὶ
830 4067 935 4125 τῶν
978 4061 1117 4125 κατὰ
1165 4060 1259 4129 τὰς
1306 4058 1672 4135 Πιθηκούσσας
1719 4062 1811 4120 καὶ
1869 4058 1963 4134 τὴν
2013 4066 2249 4142 προσεχῆ

692 4154 918 4237 περαίαν
948 4152 1187 4233 ἅπασαν,
1216 4152 1311 4211 οὒκ
1340 4148 1551 4219 ἀπεικὸς
1576 4139 1710 4211 εἶναι
1735 4148 1826 4210 καὶ
1858 4154 2015 4211 τοῦτο
2042 4150 2249 4228 συμὸῆ·

698 4267 801 4305 ναι.
906 4242 1045 4305 Νυνὶ
1074 4240 1171 4319 μὲν
1199 4230 1313 4313 οὖν,
1338 4236 1679 4319 ἀνεῳγμένων
1706 4236 1900 4299 τούτων
1920 4240 2027 4298 τῶν
2053 4238 2251 4315 στομά·

688 4354 816 4405 των,
850 4332 917 4391 δι’
942 4324 1017 4391 ὧν
1046 4329 1109 4389 τὸ
1135 4333 1242 4411 πῦρ
1271 4332 1597 4409 ἀναφυσᾶται
1620 4325 1710 4388 καὶ
1735 4325 1921 4407 μύδροι
1953 4324 2043 4388 καὶ
2084 4324 2251 4387 ὕδατα

691 4418 934 4479 ἐκπίπτει
952 4463 969 4493 ,
992 4416 1211 4478 σπάνιόν
1239 4439 1291 4475 τι
1319 4414 1549 4475 σείεσθαί
1579 4436 1707 4495 φασι
1732 4412 1829 4488 τὴν
1856 4413 1976 4497 περὶ
2002 4412 2089 4476 τὸν
2120 4438 2253 4497 πορ-

690 4505 818 4583 θμὸν
863 4512 983 4585 γῆν·
1012 4506 1131 4566 τότε
1178 4502 1232 4565 δὲ
1247 4549 1265 4579 ,
1291 4503 1503 4563 πάντων
1551 4502 1998 4586 ἕμπεφραγμίνων
2040 4504 2144 4563 τῶν
2184 4504 2254 4571 εἰς

692 4594 785 4666 τὴν
825 4594 1133 4677 ἐπιφάνειαν
1179 4592 1377 4674 πόρων,
1402 4590 1503 4651 ὑπὸ
1542 4593 1641 4671 γῆς
1684 4590 2012 4671 σμυχόμενον
2046 4589 2109 4650 τὸ
2147 4596 2251 4670 πῦρ

696 4686 782 4747 καὶ
820 4686 881 4747 τὸ
919 4691 1129 4763 πνεῦμα
1175 4682 1417 4761 σεισμοὺς
1461 4679 1799 4762 ἀπειργάζετο
1838 4680 2111 4763 σφοδρούς·
2152 4702 2253 4759 μο-

704 4775 1001 4855 (λευόμενοι
1046 4775 1092 4832 δ’
1136 4775 1187 4833 οῖ
1214 4772 1366 4832 τόποι
1411 4769 1538 4853 πρὸς
1584 4768 1680 4843 τὴν
1726 4766 1845 4849 βίαν
1896 4771 1999 4828 τῶν
2043 4765 2251 4845 ἀνέμων

694 4862 901 4933 ὑπεῖξάν
934 4885 1060 4922 ποτε
1101 4861 1190 4922 καὶ
1233 4859 1611 4942 ἆναρραγέντες
1656 4856 1893 4928 ἕδέξαντο
1930 4856 2025 4930 τὴν
2063 4856 2252 4917 ἐκατέ-

696 4956 854 5012 οωθεν
906 4953 1188 5026 θάλατταν,
1237 4948 1329 5011 καὶ
1370 4948 1566 5021 ταύτην
1612 4948 1703 5007 καὶ
1748 4946 1846 5021 τὴν
1889 4943 2083 5026 μεταξὺ
2145 4948 2249 5003 τῶν

693 5043 865 5102 ἄλλων
892 5046 998 5101 τῶν
1020 5041 1185 5122 ταύτῃ
1212 5041 1407 5113 νήσων·
1434 5037 1525 5098 καὶ
1550 5036 1652 5119 γὰρ
1678 5042 1713 5110 ἡ
1747 5034 1999 5117 Προχύτῃ
2027 5034 2117 5093 καὶ
2148 5036 2252 5094 Πι-

3779 524 3892 575 557

2419 624 2475 677 8.
2513 624 2684 696 Prope
2721 626 2890 679 hum
2930 641 3110 679 versus
3133 636 3370 681 austrum
3393 628 3612 683 Temesa
3637 631 3762 687 urbs
3785 645 3894 701 est,

2345 708 2682 781 postmodum
2708 710 2934 783 Tempsa
2959 710 3212 783 appellata
3227 752 3243 778 ,
3265 710 3416 785 cujus
3431 724 3484 769 et
3504 716 3768 773 Homerus
3785 738 3898 775 me·

2349 793 2524 849 minit.
2599 793 2758 867 Apud
2785 812 2900 849 eam
2927 794 3122 851 fodinae
3159 809 3284 853 sunt
3317 800 3470 867 aeris,
3496 818 3614 873 quae
3640 802 3742 859 hoc
3769 815 3900 861 tem·

2345 896 2476 953 pore
2511 880 2838 948 defecerunt3
2877 884 3002 937 item
3027 883 3276 939 ‘sacellum
3298 885 3478 941 Politae
3502 888 3703 961 Ulyssis
3733 894 3901 948 socio-

2345 984 2462 1021 rum
2495 968 2590 1021 uni
2625 966 2855 1022 dicatum
2868 1007 2884 1035 ,
2916 970 3010 1041 qui
3049 968 3396 1027 barbarorum
3435 973 3550 1045 ejus
3585 974 3685 1031 loci
3715 974 3900 1034 fnude

2347 1052 2638 1107 trucidatus
2677 1071 2857 1125 graves
2892 1054 2994 1109 iras
3021 1056 3075 1108 in
3126 1073 3216 1110 eos
3249 1062 3518 1127 exercuit,
3545 1058 3680 1117 adeo
3705 1073 3767 1117 ut
3803 1083 3898 1119 an-

2345 1156 2510 1193 nuum
2547 1140 2596 1193 ei
2622 1139 2880 1194 tributum
2919 1138 3228 1213 penderent.
3303 1142 3648 1201 Proverbium
3687 1166 3901 1223 quoque

2341 1228 2409 1282 de
2448 1247 2511 1282 eo
2551 1228 2706 1283 fuisse
2744 1229 2930 1283 dicunt
2964 1248 2980 1285 ι
3031 1254 3054 1277 ι
3101 1230 3271 1285 Nemo
3303 1230 3634 1289 Temesaeum
3682 1235 3900 1293 heroem

2341 1328 2608 1390 provocet.
2634 1343 2657 1365 ι
2683 1318 2886 1373 Dicitur
2905 1335 3032 1373 vero
3053 1318 3210 1372 etiam
3231 1319 3453 1373 Tamasa
3475 1338 3572 1393 per
3591 1341 3644 1378 a.
3667 1324 3901 1393 Quidam

2341 1403 2491 1477 ajunt
2518 1422 2624 1459 non
2653 1402 2810 1477 hujus
2831 1406 3062 1459 Temesae
3089 1406 3382 1461 Homerum
3409 1408 3730 1465 meminisse.

2424 1513 2480 1564 9.
2518 1496 2642 1549 Post
2667 1494 2946 1565 Tempsam
2966 1494 3213 1549 Cosentia
3237 1504 3318 1549 est
3336 1495 3667 1552 Bruttiorum
3705 1511 3865 1573 caput
3879 1540 3898 1569 ,

2342 1592 2392 1637 et
2413 1592 2532 1655 post
2555 1584 2720 1655 ipsam
2740 1582 3024 1649 Pandosia,
3047 1580 3274 1639 validum
3295 1585 3771 1657 propugnaculum,
3794 1598 3902 1644 tres

2343 1669 2544 1725 babens
2578 1669 2824 1736 vertices,
2862 1667 3008 1741 quod
3041 1668 3362 1725 circumfluit
3400 1668 3648 1727 Acheron
3679 1672 3898 1731 fluvius.

2341 1756 2427 1813 Ibi
2463 1756 2814 1813 Molossorum
2842 1775 2936 1812 rex
2964 1755 3260 1812 Alexander
3285 1756 3581 1814 trucidatus
3621 1758 3755 1827 fuit,
3791 1764 3902 1817 Do-

2343 1845 2535 1901 donaeo
2574 1845 2786 1900 oraculo
2819 1843 3093 1919 deceptus,
3126 1846 3482 1901 Acherontem
3507 1857 3665 1920 atque
3695 1850 3900 1905 Pando-

2341 1935 2475 1990 siam
2501 1952 2684 1989 cavere
2710 1932 2930 2006 jubente
2943 1974 2960 2001 ,
2984 1933 3236 1989 nimirum
3275 1931 3514 2006 ejusdem
3538 1935 3901 2008 appellationis

2342 2021 2454 2077 loca
2467 2022 2622 2076 etiam
2640 2022 2694 2075 in
2717 2020 3062 2094 Thesprotico
3079 2038 3206 2092 agro
3223 2031 3395 2078 erant.
3472 2021 3632 2077 Aliud
3651 2034 3902 2095 praeterea

2342 2108 2610 2164 oraculum
2654 2105 2862 2180 decepit
2897 2107 3069 2161 virum
3100 2123 3115 2161 ε
3165 2128 3188 2158 ι
3227 2105 3491 2163 Pandosia
3529 2108 3798 2179 ingentem
3837 2128 3894 2167 es

2339 2196 2598 2271 populum
2623 2194 2942 2249 exstinctum
2961 2194 3230 2251 trivertex.
3259 2219 3282 2242 ι
3367 2193 3478 2249 Ubi
3501 2195 3760 2251 incertum
3788 2211 3902 2255 erat

2341 2294 2520 2339 utrum
2545 2281 2776 2337 hostium
2808 2300 2875 2336 an
2897 2299 3117 2336 suorum
3145 2279 3316 2337 clades
3346 2292 3716 2343 ostentaretur.

2419 2389 2501 2427 10.
2538 2370 2780 2443 Virgines
2794 2387 2827 2426 a
2839 2370 3108 2425 Messeniis
3121 2369 3464 2444 Peloponnesi
3479 2370 3544 2425 ad
3559 2390 3706 2428 sacra
3720 2376 3900 2430 Dianae

2342 2457 2580 2513 facienda
2625 2458 2807 2512 missas
2853 2457 3092 2513 nonnulli
3138 2476 3169 2513 e
3212 2458 3624 2514 Lacedaemoniis
3671 2462 3902 2536 ipsisque

2343 2543 2476 2598 adeo
2495 2544 2762 2598 Messeniis
2781 2544 2836 2597 in
2857 2543 3045 2597 itinere
3062 2542 3340 2598 violarunt.
3377 2568 3382 2571 ·
3416 2546 3517 2599 Eas
3539 2548 3784 2601 Messenii
3806 2551 3899 2620 qui

2342 2631 2588 2684 miserant
2620 2628 2927 2683 vindicaturi
2963 2628 3299 2683 violatoribus
3343 2629 3536 2684 bellum
3575 2632 3896 2701 intulerunt,

2342 2717 2636 2789 devictique
2661 2717 2718 2770 in
2741 2715 2912 2787 fugam
2948 2717 3082 2770 versi
3123 2726 3266 2774 sunt.
3338 2718 3488 2772 Missi
3533 2719 3710 2791 itaque
3747 2720 3898 2792 legati

2341 2804 2411 2861 ad
2438 2804 2670 2878 Delphos
2692 2802 3074 2877 expostulatum
3099 2822 3222 2858 cum
3247 2803 3491 2878 Apolline
3518 2816 3676 2877 atque
3703 2808 3897 2875 Diana,

2341 2893 2487 2966 quod
2529 2890 2786 2965 ejusmodi
2831 2892 3123 2948 mercedem
3146 2892 3440 2965 reciperent
3480 2912 3582 2967 pro
3619 2894 3772 2950 allato
3797 2896 3899 2952 diis

2339 2978 2604 3052 subsidio,
2643 2979 2924 3049 rogitantes
2948 2996 3178 3051 quonam
3209 2989 3366 3052 pacto
3409 2998 3474 3034 ex
3511 2998 3574 3035 ea
3593 2980 3900 3039 calamitate

2340 3075 2689 3120 servarentur.
2763 3064 2969 3134 Quibus
2995 3064 3266 3137 respondit
3298 3065 3490 3139 Apollo
3503 3106 3520 3131 ‚
3551 3076 3614 3121 ut
3647 3086 3750 3121 una
3776 3087 3898 3125 cum

2340 3151 2764 3207 Chalcidensibus
2815 3150 3072 3222 Rhegium
3138 3152 3572 3222 commigrarent,
3625 3164 3679 3207 et
3729 3156 3900 3210 sorori

2338 3241 2526 3311 gratias
2550 3239 2819 3295 baberent.
2889 3240 3010 3293 Non
3027 3238 3166 3293 enim
3185 3239 3398 3311 periisse
3417 3258 3535 3304 eos,
3557 3240 3654 3295 sed
3670 3252 3900 3297 servatos

2337 3344 2480 3393 oese,
2507 3337 2570 3381 ut
2597 3326 2690 3397 qui
2719 3344 2826 3380 non
2855 3342 2959 3379 una
2985 3342 3107 3379 cum
3134 3327 3302 3397 patria
3341 3325 3516 3398 paullo
3546 3339 3669 3400 post
3693 3348 3726 3384 a
3745 3331 3902 3403 Spar.

2337 3414 2473 3467 tiatis
2499 3408 2750 3485 capienda
2793 3412 3014 3483 perituri
3054 3412 3178 3465 sint.
3252 3410 3333 3464 Illi
3375 3422 3553 3467 autem
3577 3428 3895 3487 paruerunt,

2335 3511 2492 3573 atque
2537 3518 2646 3555 una
2687 3517 2809 3557 cum
2853 3496 3278 3553 Chalcidensibus
3327 3499 3586 3571 Rhegium
3627 3503 3684 3555 in
3729 3504 3899 3559 Sicilia

2335 3587 2703 3644 condiderunt.

2412 3694 2497 3733 11.
2533 3676 2794 3748 Rhegium
2821 3673 2944 3729 inde
2969 3692 3164 3729 nomen
3197 3674 3378 3741 habet,
3407 3674 3550 3747 quod
3577 3676 3751 3732 Sicilia
3786 3696 3900 3738 ma·

2335 3768 2451 3839 gnis
2498 3778 2650 3823 terrae
2691 3765 2919 3823 motibus
2945 3784 2978 3820 a
3001 3766 3302 3820 continente
3343 3776 3422 3820 est
3453 3765 3651 3821 avulsa.
3725 3771 3900 3841 Argu.

2337 3868 2512 3913 menta
2537 3866 2712 3913 autem
2727 3897 2743 3924 ,
2772 3855 2964 3929 quibus
2984 3855 3216 3928 potuisse
3241 3854 3296 3909 id
3324 3856 3540 3911 evenire·
3557 3857 3751 3929 probes
3765 3898 3782 3925 ,
3810 3876 3898 3914 su.

2337 3970 2480 4006 mere
2501 3950 2620 4005 licet
2645 3966 2710 4004 ex
2733 3949 2796 4003 iis
2813 3966 2930 4020 quae
2955 3945 3260 4001 acciderunt
3278 3948 3421 4000 circa
3436 3946 3657 4023 AEtnam
3670 3947 3899 4021 aliasque

2337 4041 2522 4097 Sicilie
2556 4048 2731 4115 partes
2771 4046 2825 4093 et
2856 4038 3101 4109 Liparum
3127 4054 3188 4089 ae
3214 4033 3643 4107 circumjacentes
3670 4036 3898 4106 insulas,

2339 4133 2462 4187 item
2493 4132 2546 4185 in
2587 4128 2898 4185 Pithecussis
2940 4136 2994 4181 et
3034 4126 3088 4180 in
3131 4124 3332 4197 objecta
3377 4125 3440 4178 iis
3483 4142 3578 4179 ora
3617 4126 3897 4184 maritima.

2338 4223 2492 4277 Nunc
2515 4238 2640 4275 sane
2663 4228 3000 4292 posteaquam
3025 4214 3173 4269 fuere
3209 4224 3390 4288 aperta
3415 4214 3617 4274 crificia
3656 4233 3753 4287 per
3783 4232 3900 4288 quae

2340 4313 2473 4385 ignis
2493 4312 2738 4385 respirat,
2761 4320 2813 4364 et
2832 4308 2982 4381 igniti
2999 4305 3196 4379 lapides
3213 4316 3371 4378 atque
3390 4322 3539 4377 aquae
3559 4306 3895 4376 emittuntur,

2339 4421 2462 4459 raro
2487 4402 2548 4458 fit
2569 4412 2632 4457 ut
2657 4400 2791 4456 freto
2816 4397 3056 4471 adjacens
3093 4408 3232 4451 terra
3271 4395 3505 4450 motibus
3531 4396 3894 4466 concutiam-3

2339 4505 2394 4549 at
2419 4511 2527 4567 quo
2553 4502 2788 4565 tempore
2813 4506 2995 4543 omnes
3022 4488 3114 4560 qui
3139 4504 3284 4541 nunc
3323 4486 3382 4540 in
3421 4484 3750 4558 superficiem
3779 4494 3896 4541 ten·

2340 4583 2474 4639 dunt
2501 4593 2698 4637 meatus
2736 4578 3152 4643 occludet-entur,
3179 4576 3236 4630 in
3263 4574 3612 4630 subterraneis
3651 4577 3894 4631 conmvi·

2341 4674 2532 4730 tatibus
2575 4671 2812 4727 ardentes
2850 4670 2994 4741 ignes
3023 4677 3076 4722 et
3118 4667 3330 4739 spiritus
3368 4664 3699 4719 vehementes
3743 4674 3899 4720 terrae

2341 4776 2514 4821 motus
2537 4762 2846 4819 efficiebant.
2919 4760 3111 4833 Agitati
3139 4760 3311 4830 itaque
3336 4766 3616 4810 ventorum
3649 4755 3894 4811 violentia

2340 4858 2440 4914 loci
2465 4873 2662 4911 cessere
2675 4896 2692 4922 ,
2721 4852 3062 4927 pet-ruptique
3081 4860 3364 4921 utrumque
3385 4865 3530 4902 mare
3545 4845 3891 4911 admiserunt,

2341 4960 2454 5003 tum
2480 4945 2621 5019 quod
2647 4946 2702 4998 in
2729 4942 2860 4998 freto
2881 4939 3056 4997 Siculo
3077 4950 3154 4994 est
3179 4948 3291 4994 tum
3326 4933 3472 5009 quod
3507 4936 3648 4989 inter
3669 4934 3793 4989 alias
3816 4933 3891 4988 ibi

2339 5039 2532 5094 insulas
2556 5048 2610 5092 et
2631 5036 2982 5091 continentem
3002 5028 3303 5095 intercedit;
3335 5046 3458 5083 nam
3481 5036 3536 5081 et
3563 5024 3819 5097 Prochyta
3839 5038 3896 5081 et

758 5210 811 5265 8.
837 5224 895 5279 p.
931 5206 1058 5274 255,
1095 5210 1201 5263 CD.
1232 5205 1357 5272 256,
1384 5212 1454 5261 A.
1493 5204 1515 5275 ss
1539 5234 1611 5253 —.-
1636 5222 1691 5275 9.
1715 5219 1774 5275 p.
1799 5200 1933 5266 256,
1966 5203 2085 5254 AB.
2118 5199 2248 5271 Τέμ·

689 5291 807 5363 ναν]
848 5289 1068 5363 Μάμψαν
1109 5288 1231 5344 cod.
1278 5288 1301 5359 ΙΙ
1343 5316 1417 5329 —-
1465 5303 1549 5339 ιο.
1592 5301 1649 5356 p.
1687 5282 1813 5351 257,
1860 5284 1969 5337 CD.
2002 5276 2252 5350 τοιούτου]

2340 5198 2478 5269 ρους]
2511 5192 2829 5266 κολοπτέρους
2871 5187 3008 5262 conj.
3045 5185 3356 5242 Meinekius.
3398 5186 3526 5239 Mox
3575 5182 3756 5254 ἔφασαν
3797 5190 3892 5235 aut

2340 5274 2706 5347 corrigendum
2747 5282 2836 5326 aut
2877 5266 3194 5343 ejiciendum
3233 5278 3331 5321 est.
3387 5266 3408 5334 ΙΙ
3457 5294 3524 5305 -
3575 5260 3639 5317 τὰ
3685 5261 3898 5333 σώματα

696 5376 899 5427 τοιοῦτοι
945 5366 1065 5425 cod.
1100 5370 1121 5439 ss
1162 5398 1234 5409 —
1267 5384 1350 5422 11.
1379 5385 1434 5440 p.
1476 5365 1601 5429 258,
1646 5366 1716 5420 A.
1758 5366 1883 5429 260,
1929 5363 2001 5419 A.
2052 5359 2253 5414 ὁλοπτέ-
2342 5354 2414 5429 ἔφ’
2461 5352 2564 5426 οἷς]
2610 5354 2696 5409 Sic
2737 5350 2949 5416 Strab03
2994 5346 3056 5402 τὰ
3092 5348 3357 5420 πράγματα
3396 5342 3446 5398 ἐν
3492 5335 3566 5405 οἷς
3607 5340 3729 5395 cod.
3769 5340 3889 5409 u—
