4584 6284
709 535 820 589 1²⁴

841 656 1031 730 Μέσον,
1061 658 1106 717 δ’
1129 658 1440 741 ἀμφοτέρων
1463 660 1881 741 παραπέπταται
1906 663 2120 731 Αὔσονὶς
2145 654 2260 743 αἶα,

2094 532 2431 595 DlONYsu

2351 668 2493 719 Inter
2516 676 2787 739 unamque
2808 669 2977 723 media
3008 674 3283 726 Ausonum
3315 683 3451 727 terra
3476 691 3701 747 expansa
3730 685 3828 741 est,

721 766 802 806 ειο
830 746 1176 819 πουλυτενής·
1201 752 1296 821 τὴν
1324 748 1422 826 μέν
1454 772 1512 809 τε
1532 749 1701 826 μέσην
1723 748 1841 830 ὅρος
1863 750 2054 830 ἄνδιχα
2079 752 2257 830 τέμνει
2350 750 2499 823 longe
2526 765 2762 825 porrecta
2780 794 2796 817 .
2830 772 2987 827 quam
3014 756 3239 811 mediam
3270 776 3421 812 mons
3462 758 3699 814 bifariam
3726 772 3865 815 καί
3882 802 3897 824 .

843 834 1015 911 ὀρθὸν,
1041 834 1123 894 ἅτ’
1148 836 1208 894 ix.
1237 836 1480 913 στάθμης
1505 836 1813 912 ἶθυμμένον·
1835 838 1929 897 οὐκ
1957 836 2022 897 ἂν
2043 840 2208 899 έκεῖνο

839 919 973 1001 ἴδρις
993 921 1314 1001 μωμήσαιτό
1345 927 1510 1005 σοφῆς
1538 923 1790 1004 ὑποεργὸς
1815 924 2035 997 Ἀθήνης
2051 948 2066 963 ·

837 1006 894 1066 ὅν
925 1009 995 1085 ῥά
1013 1032 1070 1069 τε
1098 1010 1478 1083 κικλήσκουσιν
1495 1009 1788 1081 Ἀπέννιον·
1817 1014 1878 1073 ἐκ
1903 1010 1956 1071 δὲ
1979 1014 2183 1093 βορείης

839 1093 1058 1164 Ἄλπιος
1095 1098 1384 1178 ἀρχόμενος
1419 1100 1646 1171 Σικελὴν
1684 1099 1770 1160 ἐπὶ
1799 1100 2060 1181 πορθμίδα
2087 1101 2257 1179 λήγει.

718 1204 800 1245 us
837 1184 1029 1246 Πολλὰ
1045 1185 1102 1244 δέ
1119 1188 1166 1244 οἱ
1182 1188 1306 1263 φῦλ’
1323 1184 1461 1268 ἀμφί
1475 1232 1490 1260 ,
1503 1188 1569 1248 τά
1583 1210 1665 1249 τοι
1685 1186 1779 1272 ῥέα
1802 1189 1957 1247 πάντ’
1975 1188 2258 1269 ἀγορεύσω,

842 1270 1131 1353 ἀρξάμενος
1155 1276 1383 1355 πλευρῆς
1410 1275 1729 1358 ζεφυρίτιδος
1760 1278 1819 1335 ἐκ
1845 1278 2062 1356 βορέαο·

841 1363 1108 1440 Τυρσηνοὶ
1130 1360 1225 1440 μὲν
1243 1364 1431 1445 πρῶτ’,
1444 1364 1530 1423 ἰπὶ
1554 1364 1611 1425 δέ
1625 1387 1771 1445 σφισι
1791 1367 1930 1444 φῦλα
1949 1367 2258 1443 Πελασγῶν,

846 1448 899 1508 οἵ
924 1472 1052 1509 ποτε
1081 1450 1426 1523 Κυλλήνηθεν
1452 1451 1533 1535 ἐφ’
1561 1452 1814 1533 ἑσπερίην
1840 1452 1944 1511 ἅλα
1973 1451 2173 1533 βάντες,

840 1538 1018 1597 αὐτόθι
1041 1539 1327 1612 ναιήσαντο
1356 1538 1448 1599 σὺν
1478 1540 1698 1620 ἀνδράσι
1727 1544 2094 1621 Τυρσηνοῖσιν.

721 1647 803 1686 3⁵·
829 1629 956 1695 Τοῖς
983 1627 1030 1686 δ’
1051 1625 1138 1687 ἔπι
1163 1628 1425 1709 μέρμερον
1444 1630 1584 1697 έθνος
1608 1630 1818 1707 ἀγαυῶν
1841 1631 1952 1687 ἐστι
1982 1626 2244 1702 Λατίνων,

844 1722 1003 1793 γαῖαν
1027 1715 1350 1784 ναιετάοντες
1379 1717 1666 1797 ἐπήρατον,
1693 1708 1756 1787 ἧς
1781 1716 1869 1775 διὰ
1899 1714 2098 1793 μέσσης

844 1802 1092 1883 Θύμόρις
1111 1803 1446 1882 ἑλισσόμενος
1469 1802 1694 1883 καθαρὸν
1714 1803 1829 1885 ῥόον
1843 1807 1914 1871 εἰς
1931 1803 2034 1863 ἅλα
2052 1806 2254 1883 βάλλει,

844 1890 1089 1971 Θύμθρις
1102 1892 1387 1972 έῢρρείτης,
1404 1896 1657 1969 ποταμῶν
1673 1893 2048 1971 βασιλεύτατος
2061 1894 2254 1966 ἄλλων,

848 1978 1118 2058 Θύμὸρις,
1135 1976 1190 2048 ὃς
1203 1980 1423 2061 ἱμερτὴν
1435 1977 1788 2057 ἀποτέμνεται
1810 1977 1996 2058 ἆνδΰχα
2013 1976 2251 2056 Ῥώμην,

716 2086 798 2127 355
839 2065 1059 2143 Ῥώμην
1089 2066 1414 2145 τιμήεσσαν,
1439 2070 1580 2143 ἐμῶν
1608 2066 1778 2147 μέγαν
1815 2056 1956 2126 οἶκον
1981 2064 2248 2137 ἀνάκτων,

842 2155 1049 2236 μητέρα
1079 2156 1300 2218 πασάων
1325 2156 1522 2216 πολίων
1543 2199 1562 2233 ,
1595 2156 1805 2237 ἀφνειὸν
1827 2154 2050 2215 ἔδεθλον.

835 2246 920 2326 Τῇ
937 2245 982 2303 δ’
1001 2243 1088 2303 ἔπι
1109 2246 1420 2320 Καμπανῶν
1435 2243 1658 2325 λιπαρὸν
1673 2242 1854 2317 πέδον,
1875 2237 1973 2324 ᾗχι
1991 2240 2246 2322 μέλαθρον

833 2332 993 2412 ἁγνῆς
1026 2331 1396 2415 Παρθενόπης,
1419 2333 1662 2411 σταχύων
1693 2330 1930 2411 βεὸριθὸς
1960 2332 2244 2406 ἄμάλλακ,

2348 852 2516 895 rectus
2536 841 2640 909 ille,
2664 852 2908 914 tanquam
2932 844 2999 898 ad
3022 848 3272 900 amussim
3292 846 3556 917 directus3
3582 866 3756 920 neque
3774 867 3896 903 eum

2346 929 2541 1000 peritus
2562 927 2729 985 doctae
2748 933 2997 987 Minervae
3023 933 3416 1005 reprehenderit
3444 937 3681 989 minister
3707 953 3721 990 :

2346 1035 2467 1073 eum
2490 1030 2677 1075 vocant
2697 1024 3063 1094 Apenninum3
3090 1042 3121 1077 a
3150 1022 3342 1077 boreali
3369 1033 3545 1078 autem

2352 1106 2464 1180 Alpi
2486 1126 2699 1163 exorsus
2725 1112 2779 1163 in
2809 1109 2999 1165 fretum
3030 1110 3221 1165 desinit
3248 1112 3499 1166 Siculum.

2345 1198 2495 1253 Multi
2524 1200 2661 1253 eirea
2684 1199 2827 1254 hunc
2852 1199 3031 1273 populi
3049 1240 3064 1265 ,
3108 1217 3240 1271 quos
3267 1200 3413 1255 facile
3447 1200 3541 1255 tibi
3580 1200 3897 1267 recensebo,

2347 1285 2475 1339 latus
2503 1284 2818 1339 occidentale
2845 1288 3139 1357 auspicatus
3167 1305 3196 1341 a
3223 1286 3398 1341 borea.

2345 1374 2581 1427 Primum
2602 1374 2760 1445 igitur
2770 1375 3062 1447 Tyrrheni3
3088 1386 3205 1447 post
3224 1393 3313 1429 eos
3336 1386 3511 1447 gentes
3535 1374 3894 1446 Pelasgorum,

2346 1464 2434 1533 qui
2462 1461 2586 1516 olim
2618 1481 2648 1516 a
2666 1461 2874 1534 Cyllene
2899 1462 2963 1516 ad
2994 1462 3276 1517 occiduum
3298 1482 3439 1517 mare
3461 1462 3682 1537 profecti

2345 1548 2431 1603 hic
2456 1567 2621 1621 prope
2640 1549 2941 1621 Tyrrhenos
2959 1548 3329 1605 consederunt.

2344 1636 2451 1689 Hos
2476 1635 2811 1707 subsequitur
2834 1647 3128 1708 prepotens
3152 1636 3365 1691 fortium
3393 1654 3518 1707 gens
3546 1638 3857 1693 Latinorum
3872 1678 3887 1705 ,

2342 1739 2599 1775 amoenam
2618 1732 2811 1776 terram
2831 1721 3062 1776 incolens
3079 1761 3094 1788 ,
3116 1739 3273 1793 quam
3296 1740 3391 1795 per
3422 1721 3647 1777 mediam

2340 1810 2544 1864 Tiberis
2578 1808 2756 1864 labens
2783 1809 3059 1882 limpidum
3088 1809 3343 1864 fluentum
3368 1812 3421 1864 in
3451 1829 3594 1864 mare
3618 1811 3856 1866 immittit
3875 1851 3890 1878 ,

2339 1895 2541 1949 Tiberis
2560 1894 2903 1967 pulchrissuus
2918 1934 2933 1960 ,
2954 1894 3067 1949 aliis
3084 1894 3327 1949 amnibus
3341 1894 3605 1967 majestate
3622 1908 3891 1968 prastans‚

2338 1981 2567 2047 Tiberis,
2596 1982 2685 2053 qui
2700 1980 2994 2053 jucundam
3022 1983 3243 2035 Romam
3264 1981 3395 2035 duas
3414 1982 3469 2036 in
3488 1993 3663 2055 partes
3680 1982 3892 2049 dividit,

2340 2074 2559 2125 Romam
2603 2067 2946 2123 venerabilem
2963 2107 2980 2135 ,
3028 2085 3272 2139 magnam
3310 2086 3549 2123 meorum
3594 2070 3893 2143 principum

2338 2157 2534 2222 sedem,
2549 2167 2770 2211 matrem
2791 2156 3032 2211 omnium
3058 2156 3350 2221 civitatum,-
3363 2156 3671 2229 opulentum
3694 2158 3890 2212 locum.

2338 2246 2461 2299 Post
2499 2242 2637 2297 hanc
2675 2243 3064 2315 Campanorum
3092 2242 3285 2315 pingue
3332 2242 3531 2309 solum,
3576 2243 3669 2297 ubi
3704 2243 3895 2298 domus

2335 2340 2522 2384 sanctae
2539 2328 2892 2401 Parthenopes
2906 2368 2921 2395 ,
2944 2329 3141 2383 acervis
3164 2329 3425 2401 spicarum
3450 2330 3620 2400 gravis
3639 2369 3656 2395 ‚

839 2420 1205 2503 Παρθενόπης,
1237 2420 1304 2495 ἣν
1333 2420 1517 2489 πόντος
1549 2422 1648 2489 ἑοῖς
1686 2419 1972 2490 ὑπεδέξατο
1998 2419 2236 2484 κόλποις.
2334 2415 2719 2487 Parthenopes,
2738 2432 2895 2485 quam
2918 2431 3015 2468 suo
3042 2414 3320 2487 eomplexu
3355 2432 3499 2469 mare
3522 2416 3770 2488 suscepit.

715 2528 796 2568 aso
826 2508 970 2589 Πρὸς
985 2508 1360 2585 δὲνότον,μάλα
1377 2508 1568 2568 πολλὸν
1585 2508 1716 2587 ὑπὲρ
1733 2507 2012 2585 Σειρηνίδα
2025 2506 2236 2584 πέτρην,
2333 2503 2529 2555 Versus
2556 2509 2789 2553 austrum
2838 2516 2963 2554 vero
2988 2498 3440 2569 aliquammultum
3466 2500 3603 2553 ultra
3648 2502 3891 2555 Sirenum

679 2677 812 2742 Quae
849 2675 916 2728 sit
943 2674 1154 2727 Cartara
1199 2670 1367 2729 insula
1405 2672 1608 2738 nescio;
1660 2690 1854 2725 nomen
1909 2671 2234 2745 phoenicium
2329 2672 2561 2729 Euandri
2586 2673 2800 2727 comites
2822 2672 2932 2726 sive
2959 2670 3085 2726 alios
3113 2681 3267 2743 poeta
3294 2671 3641 2739 intellexerit,
3680 2691 3891 2729 aecum.

677 2770 786 2805 esse
830 2752 1056 2816 videtur,
1089 2762 1146 2805 ut
1189 2751 1407 2822 Καρτήια
1423 2790 1438 2817 ,
1484 2750 1787 2823 Καρταλιάς,
1839 2750 2102 2820 Καρτέννα,
2131 2758 2233 2802 etc.

674 2834 923 2900 Quaerere
952 2829 1072 2883 lieet
1103 2848 1169 2883 an
1199 2829 1417 2883 Can-tara
1441 2828 1597 2882 fuerit
1625 2822 1694 2882 ea'
1711 2847 1870 2900 quam
1891 2828 1977 2882 alii
2005 2826 2236 2899 Ophius-

675 2926 786 2962 sam
809 2917 1027 2974 vocant,
1051 2906 1184 2961 adeo
1210 2916 1267 2960 ut
1293 2925 1360 2961 ex
1383 2908 1480 2961 hac
1505 2908 1557 2960 in
1583 2908 1900 2979 Ophiussam
1917 2906 2236 2961 continentis

670 2987 878 3060 Cempsi
900 2986 1145 3042 abierint.
1179 2990 1263 3044 An
1290 2986 1345 3039 in
1362 2985 1563 3039 Οἰασσιέι
1590 2989 1858 3058 regionem
1883 3004 2119 3060 asperam
2144 3004 2234 3039 ve-

669 3076 862 3120 nerunt
903 3084 966 3120 ex
997 3084 1102 3121 una
1137 3071 1234 3119 τῶν
1279 3066 1531 3137 Χοιράδων
1583 3084 1676 3120 seu
1711 3064 2042 3120 Balearidum
2061 3106 2075 3128 ,
2107 3081 2238 3137 quas

669 3146 842 3199 Iberes
884 3143 1181 3199 Ὗασυῦσσαι
1209 3162 1420 3199 voeasse
1449 3145 1704 3199 dicuntur
1721 3150 1740 3213 (
1758 3156 1886 3199 teste
1905 3147 2109 3199 Zonara
2135 3146 2233 3209 IX,

669 3240 739 3278 20
786 3223 930 3296 apud
971 3226 1296 3278 Moversium
1329 3224 1561 3280 Pltaeniz.
1611 3224 1842 3281 Alter-th.
1878 3242 1930 3290 2,
1971 3243 2025 3297 p.
2071 3224 2100 3277 5
2123 3224 2177 3291 )?
2209 3226 2231 3295 n

671 3294 978 3365 Πυρρηναῗον
1033 3298 1380 3367 AEFNQY,
1423 3294 1740 3367 Πυρρηναῐων
1782 3312 1867 3367 oq.
1920 3296 1944 3365 ss
1994 3325 2066 3336 —
2109 3294 2232 3364 339.

671 3371 978 3441 Μέσση]ἔσω
992 3377 1062 3435 Ε,
1090 3373 1254 3443 μέσσω
1278 3373 1528 3435 LNbemr‚
1539 3375 1686 3444 μέσον
1714 3376 1781 3431 G.
1805 3371 1926 3445 αἶα]
1947 3372 2069 3444 ἄκρη
2099 3372 2238 3429 Cdela

673 3450 832 3527 koqx,·
855 3448 950 3521 ἄρα
973 3462 1026 3504 et
1040 3450 1109 3504 ad
1136 3468 1245 3521 mg.
1274 3450 1398 3521 ἄκρη
1419 3454 1488 3507 X.
1508 3450 1591 3504 Cf.
1625 3469 1702 3507 vs.
1722 3454 1812 3521 98.
1847 3452 1871 3523 ss
1901 3480 1975 3493 -—
2002 3452 2122 3514 340.
2147 3470 2237 3505 πο·

673 3528 876 3596 λυτενής
900 3533 948 3587 C
947 3532 1056 3583 ΠΗ
1062 3528 1311 3603 NXcdoq,
1330 3529 1654 3597 πουλυταινής
1674 3531 1778 3597 bre,
1797 3530 2097 3599 πουλυτελής
2114 3531 2233 3586 ΑΙιΙ.

672 3608 969 3680 Stephanus
999 3610 1125 3679 Byr.
1173 3625 1222 3663 ι’.
1267 3606 1508 3661 Ἀπέννιον
1525 3649 1542 3673 ,
1570 3627 1678 3663 non
1706 3609 1976 3664 nominato
2001 3620 2232 3678 auctore,

675 3688 799 3739 citat
830 3685 987 3739 verba
1018 3702 1033 3740 ε
1063 3682 1152 3753 τὴν
1175 3686 1262 3759 μέν
1292 3704 1340 3740 τι
1369 3684 1486 3759 (sie)
1519 3688 1670 3759 μέσην
1699 3688 1810 3761 ὄρος
1835 3688 2015 3761 ἄνδιχα
2040 3691 2233 3762 τέμνει,

679 3767 736 3819 ὃν
763 3765 824 3837 ῥά
847 3785 901 3819 τε
925 3765 1268 3833 κικλήσκουσιν
1300 3765 1562 3823 Ἆπέννιον.
1597 3770 1619 3841 Ι]
1660 3800 1735 3813 -
1765 3771 1886 3835 34ι.
1920 3771 1996 3825 ἅτ’
2025 3770 2122 3843 ἐκ]
2149 3772 2234 3826 ἅτε

682 3851 732 3912 A
743 3854 788 3902 (ἱ
795 3851 835 3901 L
857 3847 964 3911 (κν,-
984 3848 1070 3901 ἃτε
1089 3844 1280 3919 σταθμὴ
1304 3852 1369 3910 L,·
1391 3846 1613 3919 ἰθυμένον
1629 3854 1729 3907 ΟΕ
1731 3855 1843 3906 HK
1849 3852 2120 3925 NObceq1·;
2136 3852 2236 3905 ἰθυ-

678 3927 884 3997 νόμενον
915 3930 1000 3980 Do
1016 3948 1036 3990 ,-
1060 3924 1147 3979 οὒκ
1173 3926 1268 3997 ἂν]
1307 3925 1364 3979 οὖ
1396 3926 1492 3999 γὰρ
1519 3928 1792 3997 ELNbeg.
1827 3926 2029 3983 Italiam
2059 3930 2236 4000 itaque

679 4016 820 4061 reeta
831 4022 1009 4059 versus
1019 4005 1294 4059 meridiem
1317 4006 1529 4061 extendi
1549 4008 1834 4080 Dionysius
1856 4018 2065 4082 putasse
2091 4009 2233 4063 vide-

676 4097 782 4143 tur.
799 4087 823 4157 ΙΙ
840 4116 914 4139 v-
939 4085 1060 4151 342.
1088 4083 1224 4157 ἴόρης
1249 4104 1308 4150 ε,-
1335 4086 1480 4158 σοφδς
1507 4090 1785 4160 Bomveq
1809 4097 1863 4141 et
1883 4087 2053 4159 prima
2075 4104 2234 4141 manu

681 4166 868 4239 0.]1-
893 4165 1015 4230 343.
1047 4166 1102 4219 ὅν
1120 4165 1209 4237 ῥά]
1238 4165 1472 4221 ΑΒὸαΙιι
1499 4178 1550 4221 et
1577 4167 1763 4241 Steph.
1797 4168 1947 4240 Byz.;
1988 4167 2106 4239 ὅρρά
2127 4172 2233 4223 KL

673 4248 811 4310 ivr,-
833 4244 885 4299 οἵ
907 4244 969 4317 ρά
991 4245 1090 4309 Xi3
1117 4245 1168 4307 ὅς
1189 4244 1282 4317 ῥά,
1313 4262 1472 4319 supra
1493 4247 1690 4320 scripto
1708 4247 1764 4299 ὃν
1787 4245 1880 4317 ῥά,
1908 4245 2029 4299 cod.
2055 4248 2103 4313 ξς
2126 4248 2153 4300 ὅ
2173 4246 2232 4318 ῥά

671 4327 829 4381 ceteri
855 4335 909 4379 et
926 4320 1108 4395 editt-ss
1123 4354 1195 4365 —
1219 4322 1490 4379 Ἇπέννινον
1516 4328 1684 4394 LYX,
1720 4324 1927 4379 ’.Ᾰπένιον
1957 4330 2085 4387 Boe,-
2109 4326 2164 4379 ὅν
2187 4326 2229 4397 ῥ’

679 4404 953 4461 Ἆπεννῒνον
975 4402 1425 4472 κικλήσκουσἈΙά.
1459 4406 1482 4476 ΙΙ
1513 4434 1586 4446 -
1603 4406 1728 4471 344.
1759 4404 2063 4477 ἀρχόμενος]
2090 4409 2230 4462 BCI)

677 4486 1138 4551 FHKLMNch-t,
1178 4500 1342 4537 manu
1374 4482 1602 4537 secunda
1650 4488 1718 4547 U,-
1754 4486 1810 4538 in
1852 4485 1922 4539 bx
1957 4484 2230 4557 ἀρχόμενος

675 4566 932 4611 mutatum
957 4565 1035 4608 est
1067 4555 1120 4608 in
1144 4552 1422 4626 ἀρχόμενον
1439 4594 1454 4621 ,
1481 4554 1626 4626 quod
1649 4556 1881 4628 praebent
1903 4558 2081 4610 ceteri.
2113 4558 2134 4626 fl
2157 4588 2228 4598 ..-

672 4631 929 4701 Σικελικὴν
965 4651 1021 4707 q,·
1039 4629 1338 4705 Τυρσηνικὴν
1371 4631 1491 4688 cod.
1523 4653 1564 4688 ε.
1594 4633 1815 4707 λήγει]
1848 4634 1994 4689 τείνει
2030 4636 2224 4701 exa-m,

672 4716 836 4787 τέμνει
863 4716 1046 4775 ΡΗσιζ
1075 4730 1194 4784 tngo
1222 4716 1284 4768 K
1298 4735 1320 4777 ,-
1345 4711 1400 4765 in
1439 4714 1522 4775 ct(
1555 4712 1872 4768 adscribitur
1897 4712 2060 4785 λήγει.
2097 4717 2118 4785 ΙΙ
2157 4745 2230 4757 -

674 4795 798 4858 345.
834 4794 887 4847 δέ
908 4792 991 4865 οἳ]
1018 4794 1071 4846 δέ
1099 4810 1179 4865 μιν
1213 4798 1297 4854 A,·
1339 4793 1401 4845 τά
1427 4811 1502 4846 τοι
1531 4792 1722 4863 desunt
1758 4795 1810 4847 in
1841 4796 1915 4849 Χ.
1954 4795 1978 4866 ΙΙ
2005 4824 2078 4835 -
2102 4796 2222 4857 346.

669 4873 980 4946 ζεφυρήτιδος
1002 4874 1333 4936 BDFMOco,
1361 4873 1604 4944 ζεφυρίδος
1629 4891 1683 4946 q.
1717 4874 1740 4944 Ι]
1775 4902 1845 4915 ·-
1875 4874 2000 4945 347.
2039 4874 2227 4945 Τυρση-

670 4954 782 5025 νοί]
835 4956 949 5016 CO,
981 4952 1220 5025 Τυρρηνοί
1245 4954 1788 5025 ABDEKLMNQY
1827 4955 2123 5026 ceterique,
2171 4966 2229 5009 ut

671 5032 779 5087 vid.
836 5034 1010 5086 Versu
1078 5034 1180 5103 349
1221 5031 1540 5103 Τυρσηνοῖσιν
1585 5034 1781 5088 habent
1844 5038 1977 5106 Coqe
1992 5073 2007 5098 ,
2067 5036 2226 5089 ceteri

666 5112 820 5183 Τυρρ.
859 5112 882 5182 Ι]
913 5141 988 5153 -
1026 5113 1150 5176 448.
1186 5110 1240 5163 οἵ
1279 5111 1388 5165 ποτ’
1425 5110 1478 5165 ἐκ
1507 5112 1566 5167 Κ.
1612 5132 1677 5177 ο,-
1719 5113 1998 5181 Κυλήνηθεν
2039 5116 2224 5169 Drde.

666 5192 982 5260 Anonymus
1049 5189 1372 5260 periegeseos
1424 5201 1607 5244 auctor
1665 5211 1740 5245 vs.
1788 5195 1890 5247 218
1937 5196 1959 5263 (
1982 5203 2109 5250 tom.
2175 5212 2223 5260 1,

663 5286 702 5341 p
751 5272 889 5335 204)
919 5268 1172 5340 Pelasgos
1200 5270 1328 5324 istos
1362 5270 1417 5324 ἐκ
1458 5274 1542 5337 τῆς
1577 5270 1816 5335 Ἑλλάδος
1849 5272 2118 5328 advenisse
2144 5275 2227 5329 di·

661 5366 781 5403 cere
802 5348 927 5401 satis
954 5347 1129 5403 habet.
1161 5350 1240 5403 De
1269 5349 1534 5404 Arcadicis
1563 5352 1798 5423 Dionysii
1840 5352 2062 5423 Pelasgis
2080 5396 2096 5420 ,
2118 5357 2226 5409 sive

2330 2754 2466 2811 tiora
2490 2770 2595 2807 non
2625 2750 2929 2806 traduntur.
2954 2751 3258 2824 Tyrrhenos
3276 2752 3559 2823 Dionysius
3587 2770 3708 2805 eum
3739 2752 3893 2824 vulgo

2332 2835 2639 2887 Graecorum
2666 2829 2843 2904 Lydos
2866 2830 3195 2889 intellexerit.
3221 2832 3588 2884 Recentiorum
3610 2830 3680 2886 de
3702 2830 3784 2885 his
3813 2850 3894 2886 re·

2328 2912 2429 2966 bus
2457 2910 2741 2965 sententias
2768 2909 2934 2963 varias
2959 2910 3138 2981 paucis
3166 2909 3364 2981 optime
3389 2909 3789 2982 comprehendit
3814 2913 3895 2965 vir

2333 2990 2519 3047 doctus
2552 2991 2608 3043 in
2632 2988 2840 3045 Smithii
2884 2989 3080 3043 Lexico
3106 2990 3301 3058 Geogr.
3328 3006 3372 3045 s.
3397 3006 3448 3043 ν.
3480 2990 3711 3045 Etruria.
3752 2992 3775 3061 Ι]
3815 3020 3888 3033 -

2335 3071 2458 3141 349.
2489 3068 2735 3143 νηήσαντο
2765 3070 2887 3135 DQ.
2925 3069 2947 3138 ΙΙ
2993 3098 3063 3108 -
3097 3067 3220 3123 351.
3253 3070 3423 3122 Voces
3449 3066 3530 3122 διὰ
3566 3070 3745 3142 μέσσης
3782 3071 3889 3125 noli

2330 3166 2585 3220 premere.
2610 3146 2859 3203 Similiter
2870 3155 3023 3217 poeta
3049 3163 3097 3201 v.
3121 3146 3225 3211 432
3243 3146 3531 3201 Acheloum
3548 3165 3646 3220 per
3664 3148 3890 3203 mediam

2330 3226 2625 3282 AEtolorum
2669 3225 2935 3296 regionem
2955 3264 2970 3289 ,
3012 3242 3083 3281 vs.
3131 3229 3253 3294 747,
3306 3227 3481 3279 Oxum
3523 3244 3619 3297 per
3662 3228 3889 3283 mediam

2330 3304 2643 3375 Sugdianam
2674 3304 2839 3357 fluere
2862 3304 3055 3374 canit.}l
3083 3334 3155 3345 —
3181 3304 3302 3357 352.
3332 3305 3435 3359 Hic
3462 3323 3638 3359 versus
3665 3317 3785 3378 post
3807 3325 3887 3363 vs.

2334 3383 2435 3437 353
2481 3384 2696 3454 ponitur
2728 3383 2784 3435 in
2808 3386 2871 3436 L.
2904 3382 3137 3452 καθαρόν,
3168 3383 3433 3454 poeticum
3462 3382 3747 3439 fluviorum
3776 3388 3888 3457 epi-

2332 3460 2541 3526 theton,
2572 3459 2717 3531 quod
2745 3460 2797 3513 in
2828 3458 3017 3515 ssavum
3041 3458 3276 3513 Tiberim
3308 3476 3493 3531 parum
3515 3460 3673 3517 cadit.
3707 3464 3889 3534 Longe

2330 3541 2489 3611 petita
2504 3551 2629 3594 sunt
2644 3556 2761 3610 quae
2784 3536 3153 3609 Bernhardy-us
3168 3539 3495 3609 excogitavit.
3522 3560 3543 3589 ι
3561 3540 3884 3607 Dictionem,

2330 3616 2501 3688 inquit
2517 3656 2533 3683 ,
2560 3616 2755 3688 optima
2772 3614 2975 3668 ratione
2990 3614 3111 3668 licet
3130 3615 3456 3687 interpretari
3474 3614 3543 3668 de
3562 3616 3725 3670 fluvio
3751 3633 3888 3688 puro

2329 3706 2460 3769 puto
2483 3707 2536 3750 et
2563 3694 2809 3768 perenni,
2840 3696 2932 3766 qui
2959 3695 3039 3748 sui
3066 3696 3134 3748 sit
3150 3692 3287 3765 juris
3316 3713 3487 3768 neque
3510 3714 3540 3749 a
3567 3695 3752 3750 vicinis
3776 3715 3886 3751 am-

2332 3774 2485 3830 nibus
2512 3774 2644 3829 ullos
2668 3784 2882 3828 exortus
2909 3784 3000 3828 aut
3026 3773 3223 3827 rivulos
3241 3773 3307 3828 ab
3334 3775 3535 3845 origine
3552 3774 3884 3841 desumserit,

2330 3851 2423 3907 sed
2453 3870 2577 3907 suos
2608 3853 2662 3907 in
2688 3869 2872 3906 cursus
2922 3851 3267 3921 navigabilem
3304 3870 3562 3923 aquarum
3592 3853 3701 3907 vim
3731 3854 3887 3908 indu-

2326 3938 2428 4000 cat.
2470 3955 2495 3979 ι
2534 3931 2557 4002 1}
2592 3960 2661 3971 —
2694 3930 2815 3985 353.
2835 3931 3034 3984 Versus
3059 3930 3114 3982 in
3138 3934 3193 3985 K
3220 3932 3461 3984 omissus.
3496 3930 3707 4002 ἔῦρείτης
3731 3932 3844 3989 Ceth
3865 3972 3881 3997 ,

2326 4008 2535 4080 εὖρείτης
2550 4008 2704 4083 deqr;
2731 4010 2947 4080 ποταμὸς
2957 4009 3014 4079 f.
3030 4009 3063 4080 ss
3079 4040 3152 4052 —
3172 4008 3291 4073 354.
3320 4009 3515 4082 ἱμερτὸν
3530 4009 3589 4079 fi
3624 4012 3646 4082 ΙΙ
3672 4042 3735 4051 -
3758 4013 3879 4068 356.

2325 4086 2523 4155 πολήων
2547 4090 2857 4142 ABDFMcs
2878 4090 2956 4157 (in
2986 4106 3016 4141 c
3042 4106 3203 4161 supra
3230 4106 3333 4142 scr.
3360 4088 3601 4157 πολίων),
3624 4089 3817 4143 πολέων
3837 4104 3879 4146 e.

2332 4191 2355 4214 ι
2379 4165 2515 4221 Illud
2536 4168 2717 4239 μητέρα
2734 4166 2933 4221 πασάων
2952 4165 3140 4221 πολίων
3158 4168 3397 4239 proxime
3424 4167 3625 4222 aceedit
3642 4168 3711 4222 ad
3734 4172 3883 4223 numi

2324 4245 2717 4301 Nicomedensis
2748 4245 3056 4300 versiculum
3076 4288 3090 4310 ,
3117 4264 3275 4318 quem
3300 4247 3543 4301 Eekelius
3562 4250 3631 4301 D.
3654 4250 3705 4301 N
3746 4266 3802 4320 p.
3832 4268 3878 4316 1,

2324 4326 2426 4383 vol.
2470 4343 2523 4392 2,
2566 4344 2622 4399 p.
2660 4328 2759 4391 431
2790 4328 3146 4399 comparavit,
3175 4327 3279 4381 hoe
3309 4327 3549 4401 exemplo
3592 4346 3605 4384 ε
3639 4327 3881 4385 ΡΩΜΗΝ

2321 4404 2739 4460 ΜΗΤΡΟΠΟΛΙΝ
2761 4405 2933 4459 ΝΕΙΚ.
2958 4404 3106 4461 ΠΡΩ.
3127 4405 3247 4460 ΒῙΘ.
3264 4406 3365 4459 ΚΑΙ
3381 4403 3445 4461 Π.
3470 4429 3492 4457 ν
3511 4408 3876 4463 nannum.

2326 4486 2349 4557 ss
2378 4516 2451 4528 —
2474 4486 2597 4557 357.
2618 4485 2863 4559 λιπαρόν]
2893 4503 3001 4541 om.
3026 4503 3085 4557 q,·
3117 4484 3247 4557 ἱερὸν
3277 4488 3423 4542 CFX
3428 4489 3480 4539 U
3491 4486 3631 4542 i‘ln'ts
3648 4526 3663 4551 ‚
3687 4486 3876 4552 schol„

2321 4564 2465 4631 Ald.;
2492 4564 2636 4638 quod
2664 4566 2840 4619 nescio
2864 4584 2931 4619 an
2975 4565 3333 4638 recipiendum
3372 4567 3458 4619 sit.
3489 4566 3634 4620 Infra
3662 4584 3737 4623 vs.
3776 4570 3878 4637 788

2319 4656 2472 4718 poeta
2498 4643 2857 4717 Μαρυανδονῶν
2878 4644 2932 4698 ie
2947 4664 2975 4715 ρ
2988 4644 3017 4699 *o
3034 4665 3059 4696 ν
3076 4645 3220 4699 πέδον
3248 4644 3405 4710 dicit,
3431 4646 3520 4699 ubi
3545 4645 3612 4700 ad
3641 4645 3877 4702 Acheru·

2319 4727 2457 4779 sium
2482 4744 2565 4799 pr.
2598 4724 2845 4779 Hercules
2874 4724 3161 4779 Cerberum
3206 4742 3269 4778 ex
3314 4726 3454 4779 Orco
3497 4727 3750 4797 protaxit.
3798 4727 3876 4779 Si·

2322 4804 2430 4857 mili
2447 4803 2515 4858 de
2525 4822 2679 4859 eausa
2689 4803 2817 4875 ἱερὸν
2840 4803 3109 4875 epitheton
3128 4804 3421 4875 Campaniae
3437 4804 3597 4858 tribui
3620 4806 3793 4877 potuit
3806 4805 3877 4859 ob

2318 4881 2651 4937 Acherusiam
2676 4882 2915 4955 paludem
2943 4882 3023 4937 vel
3056 4886 3321 4937 Avernum
3355 4883 3525 4936 lacum
3554 4894 3607 4937 et
3632 4884 3875 4937 Plutonia

2320 4972 2373 5017 et
2404 4982 2697 5035 νεκυομαντε
2706 4964 2780 5017 ίαν
2806 4963 3140 5017 Homericam
3154 5002 3170 5029 ,
3210 4980 3366 5034 quam
3390 4963 3471 5015 his
3514 4962 3643 5017 locis
3678 4974 3874 5017 veteres

2321 5041 2669 5096 vindicabant.
2712 5043 2734 5113 ΙΙ
2767 5073 2839 5083 -
2864 5042 2985 5097 358.
3013 5041 3167 5113 ἁγνὸν
3204 5042 3550 5099 ὶινόΙιλ-Ιηιειν
3576 5053 3626 5097 et
3670 5061 3755 5115 pr.
3796 5061 3868 5096 m.

2320 5124 2389 5177 G.
2410 5120 2491 5175 Cf.
2509 5122 2754 5179 Priscian.
2784 5121 2905 5178 352.
2926 5120 3104 5175 Verba
3124 5120 3349 5191 σταχύων
3372 5120 3589 5193 βεὸριθέις
3606 5120 3872 5192 ἀμάλλαις,

2318 5198 2628 5271 Παρθενόπης
2664 5200 2837 5254 omisit
2878 5202 2939 5257 N
2944 5223 2964 5262 ,-
3003 5199 3215 5271 ἆμάλαις
3263 5200 3376 5272 qu
3409 5199 3530 5255 Ald.
3567 5201 3589 5271 ss
3626 5232 3699 5243 --
3744 5201 3867 5271 359.

2319 5277 2632 5349 Παρθενόπην
2652 5281 2753 5333 Ae.
2788 5279 2905 5349 11-
2932 5280 3052 5334 360.
3085 5276 3220 5350 ὑπὲρ]
3252 5278 3367 5333 ὑπαὶ
3385 5282 3483 5334 CY
3512 5289 3563 5331 et
3590 5278 3865 5349 Paraphr„

2318 5356 2410 5411 ὓπδ
2437 5368 2477 5420 !;
2504 5358 2678 5429 πέτραν
2706 5357 2793 5422 dr,·
2818 5358 3071 5432 Σειρηνίδα
3102 5360 3279 5429 πέτρην
3306 5357 3441 5412 dixit
3474 5360 3717 5413 Sirenum
3744 5376 3869 5431 pro-
