4584 6284
1766 403 2116 464 ANAPLUS
2159 402 2489 464 Bospom
2534 404 2877 466 THRACH.

695 549 859 612 portu
887 539 1172 610 Lyciorum
1190 577 1204 602 ,
1236 535 1328 590 ubi
1367 537 1464 589 etsi
1497 535 1756 607 Bosporus
1797 531 2014 604 frigidus
2029 573 2043 598 ,
2081 545 2258 589 tamen

3872 420 3909 472 5

2348 535 2637 608 potuisset?
2658 538 2713 589 in
2732 554 2841 607 quo
2872 537 3001 590 nihil
3024 535 3301 592 fortuitum
3330 540 3559 606 videtur,
3588 539 3681 595 sed
3701 557 3909 596 summa

701 626 887 679 Venus
914 624 1102 694 frigere
1124 641 1232 676 non
1259 633 1430 694 potest
1444 640 1740 695 compressa
1757 621 1972 677 collibus
1995 622 2184 676 Bacchi
2205 632 2259 676 et
2348 623 2549 676 ratione
2582 620 2775 678 factum
2791 663 2807 689 ,
2838 633 2898 676 ut
2923 623 3011 677 vix
3042 623 3147 678 nlla
3177 623 3406 680 humana
3433 644 3581 680 mens
3604 625 3801 699 majore
3819 645 3907 684 ar-

702 713 910 766 Cereris
955 710 1234 765 feracibus.
1271 713 1414 766 Jnno
1451 712 1588 766 cirea
1625 712 1918 785 Bosporum
1971 709 2159 782 duplex
2206 720 2260 765 et
2349 707 2509 764 tificio
2520 709 2811 781 excogitare
2820 719 2993 781 posset
3005 709 3903 784 commodioremadnavigandum3

691 799 936 871 .gemina;
959 816 1148 870 nempe
1167 809 1387 871 utraque
1403 799 1675 854 continens
1691 807 1853 852 certat
1873 815 1981 852 non
2005 798 2170 851 solinu
2190 797 2258 851 de
2346 806 2441 850 aut
2464 795 2647 868 siquis
2668 805 2890 851 tentaret
2908 797 3131 869 Bospori
3151 814 3212 851 os
3232 797 3381 852 aliter
3398 797 3616 869 fingere,
3640 799 3723 854 ille
3750 810 3903 868 esset,

691 885 1046 941 similitudine
1063 925 1078 950 ,
1099 883 1192 938 scd
1214 886 1368 940 etiam
1387 884 1456 940 de
1487 886 1706 960 paritate
1735 885 1948 941 collium
1965 927 1982 951 ,
2009 886 2218 941 vallium
2236 926 2253 953 ,

699 975 962 1041 fontium,
1008 974 1249 1044 frugum,
1293 974 1575 1032 fructuum.
1627 973 1734 1029 Ubi
1776 973 1970 1040 Pallas,
2009 974 2252 1040 urbium,

699 1063 907 1118 arcium
940 1061 1134 1127 tutrix,
1177 1079 1348 1116 arcem
1373 1061 1698 1116 architectari
1731 1061 1988 1134 potuisset
2017 1079 2255 1117 commo-

700 1149 908 1202 diorem
951 1147 1018 1202 ad
1061 1145 1390 1203 retinendum
1425 1159 1708 1220 utrumque
1745 1146 1962 1214 orbem,
2007 1166 2164 1220 quam
2199 1149 2255 1202 in

701 1238 977 1310 Bosporo?
1002 1239 1094 1292 ubi
1120 1237 1280 1292 Pallas
1303 1237 1522 1308 Bospori
1547 1237 1744 1310 primas
1757 1235 1859 1291 sibi
1882 1247 2056 1310 partes
2073 1234 2253 1291 deberi

688 1325 1012 1392 contendat,
1063 1343 1220 1398 quam
1266 1325 1320 1378 in
1379 1343 1496 1379 arce
1539 1325 1808 1397 Byzantii?
1862 1341 1971 1396 quo
2019 1327 2252 1396 primum

701 1414 894 1484 egressi
947 1413 1160 1466 coloniae
1215 1408 1525 1466 deductores
1587 1412 1883 1464 Minervam
1955 1411 2250 1478 coluerunt,

701 1518 950 1573 aramque
979 1501 1228 1554 Minervae
1250 1499 1480 1554 Ecbasite
1505 1498 1578 1552 ibi
1613 1512 1896 1554 erexerunt
1918 1539 1934 1567 ,
1959 1509 2014 1554 et
2047 1498 2256 1556 Pallade

700 1584 954 1659 adjutrice
977 1587 1148 1640 statim
1171 1597 1470 1658 pugnarunt
1497 1595 1748 1658 tanquam
1769 1603 1870 1657 pro
1900 1595 2038 1640 terra
2061 1587 2250 1658 patria,

698 1693 886 1748 nempe
899 1674 1145 1747 Byzantio
1159 1714 1174 1740 ,
1195 1672 1339 1745 quod
1355 1673 1532 1727 lumen
1551 1683 1631 1728 est
1651 1671 1992 1727 clarissimum
2011 1675 2251 1746 Bospori.

696 1761 894 1817 Habuit
927 1764 1052 1817 item
1089 1760 1302 1816 alteram
1355 1778 1498 1816 aram
1529 1777 1690 1833 supra
1727 1763 2050 1833 Bosporum,
2095 1779 2254 1835 quam

694 1850 1020 1920 Megarenses
1054 1847 1270 1904 coloniae
1305 1846 1618 1904 deductores
1649 1847 1872 1904 Palladis
1914 1847 2254 1923 dissipatoriae

691 1934 1017 2008 appellarunt
1055 1934 1122 1988 ab
1155 1933 1394 1988 hostibus
1431 1932 1669 1989 barbaris
1711 1931 2046 2006 dissipandis.
2085 1935 2255 1989 Diana

691 2023 818 2077 item
842 2033 896 2077 et
933 2023 1090 2084 Ceres
1117 2033 1170 2076 et
1200 2020 1434 2076 Bacchus
1469 2019 1799 2077 contendunt
1838 2039 2028 2076 ornare
2057 2024 2254 2094 Bospo-

689 2129 830 2165 rum.
855 2109 1200 2182 Ecqnodnam
1221 2107 1364 2164 aliud
1393 2119 1498 2164 tam
1516 2108 1676 2165 breve
1707 2111 1932 2182 spatium
1951 2127 2040 2164 sex
2065 2110 2255 2183 templa

689 2198 877 2254 habuit
903 2199 1120 2252 illustria
1143 2199 1324 2253 Dianae
1344 2216 1504 2270 quam
1527 2198 1834 2270 Bosporus?
1853 2199 1908 2252 in
1928 2197 2080 2270 cujus
2103 2217 2256 2253 exor-

687 2285 784 2340 dio
817 2285 919 2340 suit
955 2289 1138 2341 Dianae
1160 2287 1340 2340 sanum
1375 2283 1507 2340 adeo
1547 2285 1782 2350 celebre,
1825 2295 1887 2338 ut
1904 2283 2046 2338 idem
2075 2284 2252 2339 sanum

693 2375 760 2428 ab
787 2374 1047 2447 aliquibus
1073 2374 1280 2428 dicatur
1313 2374 1524 2440 Dianae,
1557 2373 1622 2428 ab
1655 2372 1768 2426 aliis
1787 2374 1950 2426 Iovis.
1983 2374 2254 2444 Nusquam

693 2462 864 2515 'Diana
901 2478 998 2514 sua
1024 2461 1154 2514 retia
1193 2459 1395 2514 marina
1429 2457 1599 2513 tendit
1639 2457 1838 2512 felicius
1860 2475 2018 2529 quam
2043 2459 2096 2510 in
2128 2460 2255 2512 Bos·

689 2566 856 2621 poro,
885 2549 940 2601 in
969 2565 1079 2619 quo
1103 2547 1276 2602 medio
1303 2546 1401 2601 suit
1424 2545 1561 2600 aedes
1589 2547 1770 2600 Dianae
1793 2547 2086 2618 Dictynnae.
2115 2547 2256 2600 Finis

691 2636 913 2708 Bospori
957 2635 1141 2688 habuit
1178 2635 1430 2707 templum
1462 2635 1646 2688 Dianae
1689 2633 1950 2687 Orthosia:
1993 2642 2045 2687 et
2093 2632 2257 2688 aedem

688 2723 1036 2795 Persephonae
1075 2723 1129 2776 in
1183 2722 1550 2794 promontorio
1589 2723 1878 2793 Bosporio,
1935 2723 2166 2792 itemque
2199 2724 2257 2776 in

683 2810 932 2882 opposito
969 2809 1140 2862 littore
1167 2808 1448 2862 delubrum
1478 2808 1662 2861 Dianae
1699 2805 1983 2875 Luciferae,
2019 2818 2174 2879 atque
2199 2809 2255 2862 in

681 2897 908 2968 Bospori
940 2907 1101 2968 portu
1131 2896 1412 2968 Lyciorum
1445 2905 1752 2967 nuncupato
1791 2893 2046 2967 templum
2073 2896 2257 2951 Dianae

688 2983 1000 3055 Phosphori.
1029 2981 1133 3038 Sed
1155 2981 1286 3054 quid
1317 2993 1425 3036 tam
1445 2981 1606 3035 multa
1635 2979 1706 3034 de
1727 2975 1868 3034 diis?
1892 2998 2016 3035 cnm
2045 2999 2254 3052 possem

687 3072 982 3142 Bosporum
1011 3072 1119 3124 suis
1148 3071 1302 3124 variis
1321 3081 1373 3124 et
1397 3069 1625 3142 propriis
1642 3067 1888 3123 laudibus
1913 3066 2122 3134 efferre,
2153 3069 2252 3123 nisi

680 3155 800 3210 >haec
833 3174 998 3228 pauca
1027 3155 1278 3228 praeloqui
1317 3155 1628 3222 voluissem,
1667 3170 1778 3208 non
1815 3164 1925 3207 tam
1951 3164 2014 3206 ut
2043 3151 2252 3208 laudem

687 3245 980 3316 Bosporum
1003 3262 1068 3298 ex
1095 3241 1301 3314 judicio
1327 3242 1586 3308 deornm,
1614 3260 1775 3314 quam
1796 3252 1858 3295 ut
1895 3242 2116 3313 Bospori
2153 3259 2250 3295 no-

693 3331 835 3384 mina
873 3331 1084 3401 antiqua
1129 3329 1428 3383 summatim
1474 3327 1756 3382 informem
1797 3337 2046 3400 usurpata
2095 3337 2251 3398 atque

689 3415 940 3490 appellata
969 3416 1035 3470 ab
1061 3417 1190 3482 aris,
1229 3415 1434 3489 templis
1481 3416 1773 3487 ceterisque
1806 3411 2030 3468 deorum
2057 3431 2248 3467 monu-

679 3504 898 3558 mentis.
931 3505 1114 3575 Itaque
1145 3505 1436 3577 Bosporum
1461 3503 1682 3558 deorum
1713 3501 2041 3557 domicilium
2067 3501 2244 3575 appel-

2347 884 2439 956 qui
2464 883 2519 937 in
2548 882 2647 938 alia
2676 882 2909 956 corporis
2930 893 3075 956 parte
3092 901 3151 938 os
3170 883 3425 952 hominis,
3456 903 3617 958 quam
3641 896 3735 953 est,
3759 905 3905 942 com·

2348 968 2557 1024 modius
2592 988 2703 1025 esse
2724 968 2965 1025 debuisse
2990 968 3181 1024 sinistra
3210 971 3439 1044 probare
3480 974 3755 1029 niteretur.
3790 976 3907 1030 Pri·

2348 1077 2497 1114 mum
2534 1077 2690 1114 suum
2733 1059 3008 1114 introitum
3050 1059 3187 1114 inter
3213 1061 3447 1132 Cyaneas
3474 1059 3677 1132 largum
3718 1063 3903 1132 viginti

2347 1144 2511 1200 stadia
2526 1185 2543 1212 ,
2582 1145 2849 1200 montibus
2886 1147 3146 1213 cinctum,
3179 1145 3318 1200 velut
3338 1145 3552 1202 brachia
3574 1146 3826 1203 distendit
3847 1151 3905 1204 in

2347 1235 2677 1308 complexum
2718 1235 3134 1303 introeuntium;
3164 1232 3359 1290 deinde
3382 1235 3577 1290 sensim
3609 1254 3705 1309 per
3739 1237 3906 1309 longi-

2350 1320 2585 1377 tudinem
2610 1320 2839 1376 duorum
2876 1321 3156 1376 miliarium
3186 1339 3351 1394 usque
3382 1320 3453 1376 ad
3477 1324 3901 1396 promontorium

2346 1407 2673 1482 Myrleanum
2726 1419 3021 1466 coarctatur
3063 1411 3119 1462 in
3164 1409 3425 1480 angustias
3467 1409 3741 1476 miliarias,
3786 1423 3907 1484 post

2347 1500 2402 1553 in
2450 1496 2827 1570 longitudinem
2872 1498 3105 1570 quinque
3138 1497 3485 1553 miliariorum
3523 1510 3697 1554 rectus
3722 1518 3907 1574 proce·

2346 1585 2457 1651 dit,
2498 1585 2793 1658 multosque
2836 1587 2981 1641 sinus
3020 1597 3298 1658 portuosos
3332 1587 3524 1653 efficit3
3571 1586 3697 1642 inde
3734 1586 3803 1643 ad
3842 1590 3907 1644 fi·

2346 1693 2464 1729 nem
2490 1691 2653 1746 usque
2670 1673 2871 1744 magnis
2888 1673 3207 1728 anfractibus
3224 1683 3277 1728 et
3298 1673 3495 1728 crebris
3512 1673 3715 1729 sinibus
3736 1677 3908 1747 pergit

2346 1764 2609 1818 flexuosus
2638 1780 2805 1835 usque
2828 1761 2897 1817 ad
2932 1764 3123 1818 moenia
3168 1763 3433 1835 Byzantii,
3473 1761 3621 1835 cujus
3648 1781 3903 1820 mucrone

2345 1849 2484 1904 velut
2504 1860 2677 1905 rostro
2700 1847 2957 1904 scinditur
2972 1850 3029 1904 in
3050 1848 3182 1904 duas
3202 1859 3401 1922 partes,
3427 1866 3649 1921 quarum
3668 1849 3903 1923 rapidior

2344 1949 2399 1993 et
2425 1937 2593 2011 major
2628 1940 2683 1992 in
2716 1937 3090 2010 Propontidem
3129 1937 3483 2010 progreditur,
3512 1937 3759 2011 paulatim
3796 1941 3905 1994 oris

2345 2026 2742 2093 recedentibus,
2776 2044 2939 2099 usque
2968 2025 3101 2081 dum
3129 2027 3268 2080 inter
3302 2025 3687 2082 Chalcedonem
3722 2038 3777 2082 et
3798 2029 3903 2100 By-

2342 2113 2573 2168 zantium
2619 2113 2865 2168 dilatatur
2900 2114 2955 2168 in
2981 2111 3399 2185 quattuordecim
3430 2111 3616 2180 stadia,
3662 2114 3903 2168 similiter

2344 2201 2457 2274 pari
2484 2201 2706 2255 introitu
2726 2197 3057 2254 ascendentes
3084 2199 3345 2271 excipiens
3366 2199 3421 2252 in
3441 2201 3688 2266 Pontum,
3726 2210 3786 2255 ut
3810 2219 3903 2256 ex·

2346 2287 2472 2359 cipit
2491 2284 2861 2341 descendentes
2880 2305 2943 2340 ex
2960 2287 3150 2340 Ponto.
3176 2286 3349 2341 Altera
3376 2305 3498 2359 pars
3519 2289 3692 2342 sinum
3717 2288 3899 2355 efficit,

2346 2375 2525 2428 Cornu
2552 2384 2931 2445 nuncupatum.
2960 2371 3061 2426 Sed
3080 2372 3211 2444 quid
3232 2372 3381 2446 plura
3405 2373 3473 2426 de
3492 2375 3764 2447 Bosporo?
3790 2377 3903 2430 sine

2346 2479 2455 2532 quo
2481 2463 2789 2534 Byzantium
2810 2477 3079 2533 nunquam
3110 2461 3400 2528 exstitisset,
3416 2472 3506 2515 aut
3530 2461 3753 2533 vulgaris
3773 2463 3902 2518 urbs

2346 2551 2706 2615 remansisset,
2732 2548 2879 2622 cujus
2913 2547 3157 2604 conditor
3188 2559 3241 2603 et
3276 2550 3457 2619 genius
3485 2548 3901 2621 Agathodaemon

2346 2639 2610 2708 Bosporus
2640 2635 2758 2708 jure
2797 2633 2902 2688 dici
2944 2645 3117 2707 potest
3157 2644 3211 2687 et
3262 2634 3447 2701 debet,
3500 2637 3613 2690 sine
3651 2654 3759 2708 quo
3790 2655 3899 2693 non

2346 2720 2510 2777 modo
2556 2723 2729 2776 vivere
2765 2739 2885 2779 cum
2938 2720 3187 2792 dignitate
3202 2759 3219 2786 ‚
3261 2719 3351 2775 sed
3394 2739 3463 2776 ne
3498 2723 3637 2776 nasci
3682 2721 3901 2794 quidem

2346 2812 2617 2884 potuisset.
2642 2812 2713 2864 Et
2736 2828 2803 2864 ne
2824 2809 3043 2864 habeam
3068 2808 3357 2872 inculeare,
3386 2827 3504 2880 quae
3526 2821 3703 2881 postea
3726 2809 3901 2866 dicam

2348 2896 2416 2950 de
2444 2898 2696 2970 Byzantio
2712 2936 2729 2963 ,
2754 2895 2811 2950 id
2843 2894 2949 2950 sere
2974 2912 3132 2950 omne
3146 2897 3383 2968 Bosporo
3404 2907 3676 2970 acceptum
3702 2895 3901 2952 referre

2344 2995 2569 3057 oportet,
2596 2983 2741 3056 quod
2765 2983 2933 3039 laudis
2956 2983 3118 3038 tribui
3145 2995 3314 3057 potest
3336 2985 3609 3056 Byzantio.

2342 3181 2385 3233 1.
2422 3182 2498 3232 De
2533 3178 2731 3246 origine
2762 3179 3009 3252 Bospori,
3040 3190 3091 3231 et
3129 3177 3193 3231 de
3228 3180 3338 3248 ejus
3369 3177 3555 3233 multis
3584 3178 3898 3234 nominibus.

3017 3331 3113 3388 Fr.
3160 3337 3217 3388 2.

2410 3497 2630 3572 Bospori
2678 3497 2927 3552 Thracici
2962 3516 3105 3566 origo
3144 3509 3222 3552 ese
3258 3501 3459 3552 Pontus
3496 3497 3761 3554 Euxinus.
3800 3503 3899 3553 Su-

679 3591 784 3645 ·lavi
799 3631 815 3655 ,
845 3588 992 3662 quod
1011 3593 1067 3644 in
1089 3608 1154 3644 eo
1176 3591 1414 3645 omnium
1439 3587 1700 3661 majorum
1721 3587 1944 3644 deorum
1967 3606 2070 3643 arae
2093 3587 2248 3642 aedes·
2290 3623 2299 3642 .
2334 3603 2439 3659 pm
2478 3589 2703 3638 Pontum
2744 3597 2821 3639 est
2856 3585 3067 3640 Maeotis
3096 3603 3253 3659 quam
3293 3597 3509 3639 ”aarum
3552 3597 3604 3640 et
3644 3585 3897 3642 nutricem

681 3695 792 3749 que
821 3675 998 3730 multae
1031 3687 1086 3730 et
1121 3675 1468 3730 celeberrimae
1495 3675 1728 3730 suerunt.
1768 3677 1802 3729 J
1804 3693 1897 3728 ure
1915 3676 2076 3746 igitur
2111 3693 2246 3728 non·

2340 3670 2501 3726 Ponti
2526 3669 2816 3738 divulgas-u
2832 3671 3093 3726 hominum
3116 3689 3307 3738 sermo,
3327 3673 3449 3744 jam
3474 3673 3544 3725 ab
3572 3690 3729 3744 usque
3756 3673 3899 3727 anti-

678 3764 820 3818 ·nulli
835 3766 1128 3836 Bosporum
1145 3765 1359 3818 Sacrum
1383 3765 1572 3818 ostium
1592 3763 1942 3836 appellarunt3
1955 3762 2080 3834 jure
2094 3765 2247 3817 Iason
2338 3777 2445 3832 qua
2468 3757 2714 3811 memoria
2742 3757 3002 3824 tmditus,·
3036 3757 3308 3813 Maeotidis
3333 3757 3460 3826 fim's
3496 3758 3717 3824 Tanais,
3750 3757 3900 3813 limes

693 3847 974 3904 duodecim
1001 3849 1102 3902 diis
1135 3848 1315 3903 fanum
1344 3851 1665 3904 consecravit
1694 3859 1971 3922 propterea
1987 3887 2004 3914 ,
2029 3858 2090 3901 ut
2116 3849 2246 3904 mihi

691 3936 920 4002 videtur,
951 3935 1095 4008 quod
1133 3954 1315 3991 omnes
1339 3935 1418 3991 dii
1449 3935 1516 3991 ad
1555 3955 1676 3990 eum
1707 3935 2006 3991 ornandum
2034 3947 2251 3991 conten-

689 4021 832 4077 disse
860 4022 1128 4090 videntur,
1166 4033 1348 4078 contra
1373 4024 1660 4078 Sostmtum
1676 4062 1692 4090 ,
1722 4022 1816 4094 qui
1853 4023 2147 4094 Bosporum
2171 4039 2250 4076 as-

685 4109 816 4163 serit
833 4109 1068 4181 Neptuni
1107 4127 1240 4182 opus
1270 4127 1408 4175 asse3
1443 4109 1575 4163 mihi
1593 4109 1772 4182 potins
1797 4108 1864 4162 ab
1881 4107 2010 4162 orbe
2037 4108 2251 4162 condito

679 4196 860 4267 ,ipsum
892 4193 1192 4267 patefecisse
1219 4193 1428 4250 videtur
1443 4194 1756 4250 architectus
1775 4194 1859 4250 ille
1879 4213 2134 4262 summus,
2157 4198 2248 4266 qui

681 4281 940 4336 elementa
965 4281 1160 4336 creavit
1186 4292 1240 4337 et
1273 4280 1530 4337 distinxit.
1568 4281 1856 4352 Quomodo
1887 4283 2119 4354 Neptuni
2147 4281 2251 4337 sor-

681 4370 820 4424 -tuita
856 4372 908 4424 vi
935 4369 1169 4424 Euxinus
1204 4372 1405 4425 Pontus
1443 4380 1549 4426 tam
1573 4372 1701 4426 scite
1726 4373 2020 4442 Bosporum
2049 4372 2249 4444 aperire

759 4587 846 4634 Fr.
880 4595 932 4636 α.
965 4580 1218 4649 Quamvis
1247 4580 1488 4650 Dionysii
1510 4595 1705 4632 nomen
1725 4576 1805 4632 his
1833 4596 1941 4632 non
1970 4579 2250 4650 praefixerit

687 4659 896 4730 ‘Gyllius
913 4697 930 4725 ,
959 4669 1132 4712 tamen
1159 4676 1225 4712 ex
1251 4667 1548 4729 comparato
1585 4656 1878 4728 fragmento
1906 4659 2082 4730 primo
2105 4657 2250 4711 facilc

691 4737 950 4808 *tossigitur
981 4753 1040 4790 ea
1059 4733 1128 4790 ad
1157 4735 1370 4790 verbum
1403 4734 1511 4790 sere
1534 4753 1596 4791 ex
1627 4735 1818 4809 Anapli
1841 4747 2056 4791 auctore
2077 4747 2250 4790 trans·

683 4816 794 4870 iata
817 4833 946 4870 esse.
988 4815 1012 4886 ΙΙ
1049 4845 1121 4856 -
1167 4832 1189 4869 1
1223 4816 1365 4870 velue
1393 4817 1582 4882 flumen
1606 4817 1936 4889 maximum]
2001 4815 2248 4870 Similiter

688 4892 991 4963 Andreossy
1018 4891 1264 4964 (Voyage
1289 4890 1320 4946 a
1343 4893 1734 4947 l’embouchure
1757 4893 1824 4948 de
1847 4893 1896 4948 la
1925 4912 2039 4947 mer
2063 4895 2244 4949 Noire.

688 4975 859 5040 Paris,
895 4975 1068 5048 1818)
1100 4993 1114 5032 :
1147 4999 1170 5022 e
1207 4977 1280 5029 Le
1303 4975 1569 5047 Bosphoro
1593 4987 1645 5032 et
1670 4977 1720 5031 le
1747 4977 1894 5032 canai
1915 4977 2010 5032 des
2047 4976 2248 5032 Darda-

694 5052 849 5108 nclles
875 5064 1104 5126 penvent
1130 5055 1238 5108 etre
1255 5054 1547 5110 consideres
1569 5074 1776 5111 comme
1798 5055 1873 5111 les
1895 5057 2088 5130 parties
2111 5055 2242 5112 inse·

689 5138 892 5189 rieures
919 5134 1050 5189 d’nn
1083 5135 1248 5190 sseuve
1281 5134 1412 5190 dont
1438 5137 1675 5208 l'origine
1701 5148 1781 5191 est
1808 5155 1912 5190 anx
1939 5155 2150 5192 sources
2172 5138 2246 5192 du

685 5215 930 5286 Dnieper
955 5224 1007 5267 et
1038 5213 1427 5269 l'embouchure
1451 5234 1554 5270 aux
1589 5214 1942 5270 Dardanelles.
1987 5237 2010 5266 n
2037 5219 2100 5270 In
2123 5234 2245 5270 ean-

691 5293 814 5347 dem
840 5293 1150 5348 sententiam
1169 5294 1371 5350 trahere
1387 5297 1550 5368 possis
1572 5293 1714 5368 quod
1736 5295 2029 5368 Stephanus
2052 5296 2248 5367 Byzan-

2340 3851 2565 3920 Eeeropoe
2600 3858 2650 3900 ee
2676 3845 2843 3900 Asioe.
2880 3845 3177 3901 Moeotidem
3207 3845 3506 3900 Cimmerico
3520 3845 3667 3914 freto
3694 3844 3902 3918 excipit

2341 3937 2541 3988 Pontus
2557 3973 2574 3998 ,
2621 3933 2715 4006 qui
2757 3945 2945 3987 auctus
2984 3931 3229 3988 Moeotide
3270 3944 3323 3986 et
3370 3931 3555 3986 ”tultis
3599 3931 3901 4005 magnisque

2339 4019 2646 4084 fluminibus
2666 4039 2768 4094 per
2800 4019 3075 4074 Thracium
3102 4021 3364 4093 Euripttm
3394 4019 3506 4073 exit
3535 4019 3590 4072 in
3619 4018 3901 4092 Proponti-

2340 4106 2479 4162 dem.
2510 4109 2585 4160 Ee
2608 4119 2671 4160 ut
2695 4105 2873 4176 magni
2895 4106 3040 4160 lacus
3053 4105 3279 4176 fluvium
3306 4106 3530 4180 aliquem
3558 4105 3787 4159 emittere
3812 4123 3899 4160 so·

2343 4193 2447 4247 lent
2463 4233 2478 4255 ,
2505 4193 2584 4246 ita
2610 4196 2811 4248 Pontus
2827 4191 3026 4249 emittit
3053 4192 3109 4247 in
3130 4212 3270 4248 mare
3296 4197 3529 4262 AEgoeum
3548 4193 3899 4264 velutflumen

2341 4281 2631 4335 maxinmm
2648 4293 2688 4348 ¹,
2734 4281 2789 4336 in
2830 4279 3096 4355 principio
3140 4291 3419 4349 angustum
3431 4322 3447 4347 ,
3480 4299 3535 4335 tn
3580 4279 3746 4334 medio
3781 4298 3898 4334 am·

2338 4369 2487 4443 plum
2500 4410 2517 4434 ,
2552 4369 2605 4423 in
2624 4370 2729 4438 fine
2762 4369 3024 4424 strictum.
3062 4368 3217 4424 Finis
3258 4368 3560 4442 appellatur
3591 4367 3897 4441 Hellespon-

2348 4581 2449 4634 tius
2476 4599 2525 4636 v.
2556 4581 2851 4652 Βορυσθένης
2876 4579 3003 4634 dicit
3031 4600 3044 4637 :
3079 4580 3219 4634 Οὕτω
3244 4581 3267 4650 (
3280 4599 3352 4634 sc.
3386 4580 3685 4653 Βορυσθένης
3708 4577 3727 4649 )
3758 4577 3843 4632 καὶ
3868 4578 3899 4633 ὃ

2352 4657 2721 4726 Ἑλλήσποντος
2766 4659 2857 4732 πρὸ
2908 4664 2994 4728 τῆς
3040 4659 3233 4727 Ἕλλης
3274 4657 3519 4713 ἐκαλεῖτο.
3592 4657 3897 4714 Maeotidem

2344 4750 2483 4792 certe
2506 4750 2558 4793 et
2580 4741 2871 4811 Bosporum
2895 4740 3233 4794 Cimmerium
3258 4740 3523 4794 nonnullis
3542 4737 3699 4794 fuisse
3718 4750 3895 4812 partes

2340 4818 2587 4873 Tanaidis
2634 4819 2777 4872 fluvii
2798 4859 2812 4884 ,
2844 4819 3003 4891 liquet
3044 4838 3109 4873 ex
3154 4821 3363 4874 Arriani
3405 4831 3459 4874 et
3504 4819 3769 4892 Anonymi
3802 4837 3894 4892 pe·

2341 4898 2485 4971 riplis
2510 4899 2665 4953 Ponti
2688 4901 2823 4952 Eux.
2846 4901 2933 4967 (v,
2961 4901 3029 4952 G.
3049 4899 3183 4951 Min.
3206 4908 3246 4952 t.
3271 4901 3317 4964 1,
3348 4916 3404 4971 p.
3434 4903 3536 4964 414
3555 4909 3607 4953 et
3630 4899 3734 4969 394
3758 4896 3891 4969 ibiq.

2340 4989 2451 5032 not.
2474 4977 2493 5051 )
2514 5019 2529 5044 ,
2550 4977 2642 5032 ubi
2667 4995 2725 5031 os
2744 4976 2998 5032 Maeotidis
3024 4980 3181 5032 etiam
3212 4979 3411 5034 Tanais
3434 4977 3740 5052 appellatur.
3814 4981 3895 5032 Ac

2338 5057 2379 5110 si
2417 5061 2725 5128 Anonymns
2743 5066 2893 5129 poeta
2923 5055 3007 5128 (v.
3038 5067 3078 5109 t.
3110 5058 3157 5120 1,
3201 5075 3259 5130 p.
3290 5058 3392 5113 233
3414 5057 3458 5132 ),
3490 5057 3763 5129 Ephorum
3782 5095 3797 5120 ,
3834 5065 3897 5111 ut

2344 5135 2567 5201 videtur,
2594 5147 2827 5200 secutus,
2849 5134 2915 5189 de
2931 5136 3090 5192 Tanai
3108 5133 3240 5192 dicit
3264 5157 3277 5195 ε
3307 5137 3494 5205 Ἐξίησι
3510 5136 3740 5205 δίστομον
3762 5133 3896 5208 ἔχων

2340 5213 2396 5268 τὸ
2420 5213 2609 5286 ῥεῖθρον
2639 5212 2704 5277 εἰς
2730 5211 2817 5282 τὴν
2846 5213 3119 5286 λεγομένην
3144 5213 3373 5276 Μαιῶτιν
3400 5213 3467 5277 εἷς
3489 5211 3573 5266 τὀν
3600 5212 3901 5284 Κιμμερικὸν

2338 5313 2389 5348 τε
2428 5295 2697 5366 Βόσπορον,
2736 5293 2847 5348 haec
2891 5312 2953 5346 ex
2997 5292 3184 5349 eadem
3224 5301 3483 5383 opinione
3528 5302 3740 5344 manant
3757 5332 3774 5360 ,
3809 5297 3914 5355 etsi
