4584 6284
1543 421 1644 483 DE
1673 417 2020 484 moNst
2064 419 2431 484 ΒΥΖΔΝΤΙῙ
2470 421 2779 484 ANAPLo
2821 421 3169 485 Bospom.
3862 427 3930 510 iij

753 558 1063 620 Praeterea
1093 555 1308 618 nescio
1335 573 1414 616 an
1459 572 1535 617 ex
1571 552 1938 617 Alexandria
1980 552 2299 634 profectus

752 649 993 726 partem
1023 660 1152 707 orae
1168 642 1418 724 Libycae
1440 641 1640 722 legere
1665 640 2016 705 instituerit.
2052 639 2301 704 Accidit

748 735 958 794 autem
983 737 1056 794 ut
1081 729 1210 794 sive
1230 729 1350 793 hac
1369 728 1432 792 in
1453 727 1835 808 navigatione
1863 727 1988 791 sive
2007 735 2180 792 recta
2199 726 2299 789 via

753 818 1130 882 Alexandria
1154 815 1504 900 Byzantium
1527 815 1838 880 rediturus
1863 816 1932 879 in
1959 834 2179 880 manus
2199 815 2301 877 in-

747 907 992 972 cideret
1044 906 1383 988 piratarum
1402 951 1420 981 ,
1463 904 1570 988 qui
1631 904 1698 968 in
1761 905 2116 987 Meningem
2170 904 2298 966 sive

746 995 1120 1061 hodiernam
1139 995 1376 1073 Gis-ben,
1391 992 1581 1076 Syrtis
1602 991 1864 1058 minoris
1875 991 2166 1066 insulam,
2185 991 2299 1054 ab-

749 1083 1014 1150 ductum
1057 1101 1169 1166 per
1195 1089 1440 1166 tempus
1469 1081 1720 1166 aliquod
1753 1081 2161 1146 retinuerunt.
2207 1082 2296 1143 De

751 1191 880 1256 quo
908 1170 1244 1236 infortunio
1263 1171 1394 1253 ipse
1407 1177 1618 1234 narrat
1636 1169 1897 1234 inlibris
1913 1168 1992 1232 de
2015 1171 2295 1251 Bosporo

751 1282 815 1345 p.
845 1266 950 1343 70,
981 1262 1037 1340 b,
1062 1260 1171 1324 ubi
1199 1259 1424 1326 Girben
1452 1259 1720 1324 insulam
1759 1258 1914 1323 dicit
1938 1257 2297 1341 peregrina-

752 1351 942 1416 tionis
969 1367 1096 1414 suae
1134 1349 1440 1414 diuturnae
1467 1349 1808 1413 clausulam
1847 1347 2152 1428 tragicam
2170 1393 2188 1423 ,
2228 1347 2292 1409 in

747 1458 873 1524 qua
919 1437 1194 1518 graviora
1241 1455 1458 1519 passus
1509 1436 1592 1501 sit
1633 1455 1822 1521 quam
1869 1435 2024 1501 socii
2059 1434 2296 1518 Ulyssis

748 1525 912 1608 apud
936 1523 1346 1608 Lotophagos,
1384 1523 1527 1588 «mi
1547 1524 1737 1602 enim,
1763 1523 1996 1608 inquit,
2018 1525 2295 1608 volupta-

743 1613 910 1676 tibus
930 1612 1428 1694 Lotophagorum
1449 1612 1688 1676 deliniti
1709 1613 2151 1689 retinebantur,
2177 1632 2295 1695 ego

743 1703 808 1766 in
832 1700 1080 1782 lugubri
1113 1701 1336 1765 scrobe
1363 1701 1748 1766 funestorum
1783 1701 2122 1784 piratarum
2140 1748 2156 1778 ,
2184 1701 2292 1765 diu

741 1794 1044 1864 retentus,
1077 1788 1250 1852 nulla
1299 1807 1409 1871 spe
1448 1788 1894 1872 redemptionis
1939 1790 2288 1873 proposita,

741 1897 946 1961 neque
982 1877 1122 1942 vitae
1150 1876 1404 1941 liberari
1432 1878 1605 1961 potui
1631 1878 1910 1960 periculo
1949 1877 2068 1942 nisi
2107 1878 2296 1942 dissi-

741 1965 846 2030 dio
887 1965 1330 2042 barbarorum3
1362 1983 1486 2048 quo
1529 1965 1733 2029 insula
1759 1973 1970 2048 capta,
2005 1971 2070 2029 et
2095 1964 2296 2048 pirata

735 2055 851 2138 qui
868 2072 971 2157 me
982 2060 1242 2204 9⁶1?th
1257 2053 1320 2156 in
1309 2053 1588 2205 &anciila
1610 2054 1960 2204 conjetctob
1940 2053 2083 2204 De}3
2071 2053 2296 2136 optimi

745 2161 1004 2207 maximi
1112 2159 1307 2222 ,mgni
1519 2159 1613 2206 aec
1659 2159 1774 2205 nos
1833 2161 1870 2204 a
1959 2161 1992 2204 e
2083 2160 2296 2222 osporo

745 2233 1192 2295 Commentario
1215 2235 1474 2293 resarcto
1492 2275 1510 2310 ,
1547 2247 1690 2314 quae
1718 2229 1932 2312 piratae
1961 2249 2002 2292 a
2037 2249 2130 2293 me
2155 2237 2299 2294 ante

743 2321 917 2400 o'onqe
940 2323 1277 2382 accuratius
1303 2319 1612 2382 elaborata
1641 2337 1742 2381 me
1761 2318 2126 2382 verberibus
2157 2337 2298 2383 coe-

740 2413 970 2489 gerunt
983 2453 1000 2483 ,
1034 2411 1106 2470 ut
1137 2405 1548 2470 distraherem
1587 2407 1776 2488 inque
1827 2425 1999 2470 mare
2038 2406 2299 2489 projice·

745 2512 882 2559 rem
899 2541 918 2572 ,
951 2491 1299 2576 quamlibet
1325 2491 1434 2556 diu
1467 2511 1654 2576 prece
1682 2501 1745 2556 et
1779 2493 2042 2575 praemio
2068 2511 2301 2577 propo-

745 2581 864 2646 sito
916 2598 1025 2644 eos
1071 2595 1364 2643 revocare
1413 2597 1694 2656 conarer,
1749 2599 1827 2644 ne
1868 2597 1971 2643 me
2032 2579 2102 2644 in
2159 2598 2302 2644 mea

741 2668 982 2733 viscera
1021 2666 1240 2731 saevire
1269 2673 1581 2748 cogerent.
1611 2689 1640 2728 υ
1693 2667 1986 2731 Libertati
2018 2667 2301 2732 redditus

728 2773 812 2822 ac
857 2754 1114 2822 tandem
1163 2754 1526 2837 Byzantium
1571 2773 1853 2818 reversus
1898 2759 2042 2819 ante
2087 2755 2301 2820 omnia

735 2845 858 2911 hoc
885 2845 1086 2928 egisse
1111 2843 1358 2909 videtur
1377 2850 1449 2907 ut
1475 2845 1563 2907 De
1599 2845 1882 2926 Bosporo
1910 2851 2302 2908 commenta—

733 2933 862 3000 rios
904 2952 980 2997 ex
1023 2932 1300 3016 Dionysii
1347 2931 1564 2997 codice
1614 2939 1678 2996 et
1713 2951 1789 2996 ex
1837 2931 2110 3009 schedis,
2137 2951 2296 3016 quas

739 3019 1010 3104 Byzantii
1033 3020 1365 3105 reliquisse
1396 3019 1706 3103 putandus
1729 3026 1852 3097 est,
1885 3037 2299 3103 recompone-

737 3114 850 3173 ret.
881 3110 1056 3172 Certe
1083 3125 1226 3190 quae
1259 3124 1372 3171 nos
1404 3107 1532 3188 jam
1555 3106 1894 3184 habemus,
1920 3125 1996 3172 ea
2023 3107 2296 3189 Byzantii

737 3197 966 3278 scripta,
988 3213 1125 3259 esse
1147 3201 1320 3277 patet
1344 3211 1501 3276 exp.
1528 3199 1629 3274 56,
1659 3196 1716 3272 ὁ,
1745 3195 1856 3260 uhi
1879 3195 2018 3260 haec
2040 3216 2058 3260 z
2084 3217 2118 3256 a
2143 3195 2296 3272 Quae

742 3292 1105 3366 (murorum
1137 3279 1572 3362 fundamenta)
1604 3300 1767 3347 anno
1799 3288 2133 3366 antequam
2155 3281 2297 3347 hoec

737 3371 1074 3436 scriberem
1105 3369 1478 3451 [antequam
1516 3368 1582 3432 in
1608 3369 2066 3452 expeditionem
2093 3369 2298 3433 Persi-

727 3477 878 3523 cam
907 3457 1127 3524 Gillius
1153 3456 1687 3540 proficisceretur]
1706 3503 1724 3534 ,
1765 3457 1897 3521 fere
1935 3463 2066 3522 tota
2092 3463 2299 3521 exsta-

735 3546 920 3623 bant;
972 3544 1084 3610 sed
1138 3563 1357 3609 eorum
1406 3543 1784 3610 maritimam
1838 3550 2082 3629 partem
2135 3543 2295 3610 adeo

734 3635 1016 3700 funditus
1043 3633 1234 3699 everti
1259 3633 1382 3698 vidi
1395 3681 1412 3713 ,
1443 3641 1515 3699 ut
1539 3653 1620 3699 ne
1647 3634 2136 3700 substructiones
2159 3634 2299 3717 qui-

731 3723 888 3789 dem
930 3722 1320 3807 reliquerint.
1356 3745 1388 3784 n
1433 3723 1871 3805 Composuisse
1906 3724 2046 3788 haec
2073 3722 2295 3789 Gillius

741 3811 930 3876 debet
964 3811 1065 3875 vel
1122 3817 1386 3875 exeunte
1419 3829 1584 3874 anno
1616 3814 1770 3876 1519
1811 3811 1912 3874 vel
1943 3808 2119 3875 initio
2147 3809 2297 3874 anui

743 3899 1098 3982 sequentis3
1123 3917 1274 3963 nam
1307 3899 1446 3982 ipso
1474 3898 1596 3963 hoc
1622 3917 1786 3964 anno
1817 3903 1975 3964 1550
1997 3917 2124 3964 una
2146 3917 2295 3963 cum

739 3989 1083 4053 Aramonte
1100 4033 1119 4063 ‚
1152 3987 1368 4053 Galliae
1400 3988 1599 4069 legato
1617 4033 1634 4065 ,
1673 3987 2201 4069 constantinopoli
2229 3987 2295 4050 in

727 4074 1002 4141 Galliam
1029 4074 1254 4139 itinere
1273 4075 1551 4138 terrestri
1577 4093 1856 4139 reversus
1883 4081 1981 4138 est
1995 4075 2107 4158 (1),
2126 4075 2296 4139 unde

738 4180 886 4226 mox
937 4163 1202 4226 Romam
1247 4162 1331 4225 ad
1390 4161 1775 4226 cardinalem
1815 4161 2295 4244 Armaignacum

737 4270 872 4316 sese
905 4249 1205 4326 contulit,
1235 4249 1300 4313 in
1327 4268 1526 4334 eaque
1571 4250 1728 4315 urbe
1754 4248 2190 4326 recolligendis
2229 4259 2296 4314 et

798 4489 1224 4556 (1)Rieeronl.l.
1257 4503 1307 4555 p.
1336 4493 1430 4542 400
1458 4510 1472 4541 ι
1505 4489 1732 4544 «lletait
1767 4487 2041 4540 danscette
2076 4487 2299 4542 demitte

735 4561 852 4614 ville
883 4562 948 4624 (a
975 4560 1407 4628 comtanfluople>
1431 4559 1622 4613 l’annee
1651 4560 1879 4612 suivante
1920 4565 2056 4612 15⁵0.
2091 4561 2188 4611 car
2206 4561 2301 4612 An-

729 4631 826 4684 ·dne
843 4631 1034 4685 Thevet
1057 4629 1475 4696 marquedanssa
1496 4628 1873 4696 comographle
1901 4628 2103 4696 qu'lll'y
2121 4632 2301 4682 trum

730 4703 884 4766 -alors,
915 4701 1138 4768 etqu’ils
1171 4701 1375 4754 silerent
1405 4700 1654 4754 ensemhle
1689 4702 1720 4752 a
1757 4699 2300 4766 chalcedolnepoury

730 4773 971 4827 -chercber
994 4773 1083 4826 des
1098 4770 1351 4825 medailles
1371 4772 1596 4837 antiques
1611 4769 1758 4837 qu‘ns
1773 4785 1806 4836 y
1823 4771 2112 4824 trouverent
2137 4771 2295 4824 effee-

738 4846 1027 4899 assumat...
1061 4845 1102 4897 11
1125 4843 1286 4897 revint
1305 4846 1336 4896 a
1355 4843 1550 4896 lasuite
1577 4843 1641 4896 de
1670 4845 1736 4894 Μ.
1771 4841 2073 4904 d'Aramont,
2094 4839 2290 4893 ambas·

729 4917 866 4969 deur
879 4917 950 4968 du
969 4916 1042 4968 rol
1058 4917 1088 4968 a
1110 4913 1522 4980 constantinople,
1549 4913 1638 4979 qui
1667 4913 1726 4966 nt
1747 4912 1797 4966 le
1823 4925 2010 4980 voyage
2035 4925 2126 4977 par
2141 4915 2291 4975 terre,

739 4990 791 5040 et
821 4999 971 5053 passa
1001 4985 1434 5050 pulanomante,
1472 4985 1524 5037 la
1555 4983 1857 5048 Macedone,
1892 4982 2211 5048 laBnlgarle,
2245 4981 2297 5033 la

737 5056 984 5120 moravia,
1009 5056 1061 5108 la
1083 5055 1248 5109 Servio
1275 5057 1372 5108 etc.
1393 5057 1650 5108 ceroeour
1672 5055 1751 5105 est
1774 5051 1838 5104 de
1867 5049 1966 5103 l'an
2003 5056 2180 5104 1550...
2213 5053 2290 5101 Au

737 5129 868 5180 reste
894 5125 1046 5177 Gilles
1061 5125 1280 5178 seretin
1302 5125 1332 5176 δ
1346 5126 1496 5178 Romo
1521 5124 1700 5189 aupres
1727 5121 1798 5174 du
1817 5120 2034 5174 cardinal
2049 5119 2290 5173 d’Armai-

728 5193 1286 5262 gnacquietaitalors
1329 5194 1502 5264 charge
1548 5194 1636 5248 des
1677 5192 1878 5245 affaire·
1921 5191 1985 5244 de
2035 5193 2218 5243 France
2264 5189 2295 5240 a

739 5270 906 5318 Rome.
941 5285 966 5313 s

2388 553 2749 616 ordinandis
2774 553 3023 636 scriptis
3042 555 3171 618 suis
3199 573 3453 637 operam
3479 559 3717 622 navavit
3740 579 3939 644 usque

2388 640 2540 717 dum
2572 658 2735 704 anno
2773 645 2927 707 1555
2962 641 3130 705 diem
3160 642 3361 708 obiret
3396 663 3782 728 supremum.
3830 650 3941 712 Se-

2385 729 2595 808 pultus
2623 735 2719 792 est
2744 731 2960 793 Romae
2994 729 3061 792 in
3088 729 3224 792 aede
3251 732 3314 794 S.
3360 731 3657 798 Marcelli.
3704 736 3772 797 In
3804 735 3940 798 edi-

2384 816 2553 880 tione
2576 814 2863 898 principe
2890 816 3198 880 librorum
3220 818 3311 882 De
3338 821 3605 901 Topogr.
3637 823 3844 887 const.
3878 831 3942 889 et

2385 903 2474 966 De
2518 903 2799 985 Bosporo
2860 902 3249 985 epitaphium
3296 906 3629 987 apponitur
3666 907 3835 972 hunc
3875 910 3941 972 in

2368 990 2644 1056 modum
2671 1013 2687 1056 :

2473 1103 2503 1140 α
2540 1083 2609 1146 In
2650 1083 2787 1148 aede
2827 1081 3301 1160 divi-Marcelli,
3342 1085 3591 1162 Romae,
3619 1084 3759 1152 haee
3800 1094 3945 1152 sunt

2385 1169 2711 1254 inscripta,
2737 1191 2862 1237 una
2898 1191 3047 1237 cum
3078 1172 3285 1254 effigie
3320 1173 3444 1237 vita
3472 1173 3781 1255 defuncti3
3830 1178 3942 1242 sed

2385 1256 2527 1324 dico
2556 1257 2813 1336 similia,
2847 1260 3043 1324 autin
3072 1262 3307 1344 pariete
3330 1263 3513 1326 affixa
3530 1307 3549 1342 ,
3566 1268 3673 1328 aut
3698 1261 3763 1326 in
3782 1283 3944 1328 mar·

2385 1365 2601 1412 moreo
2623 1348 2829 1432 lapide
2848 1349 3093 1432 sculpta
3124 1370 3140 1412 :

2998 1513 3081 1575 D.
3128 1513 3203 1574 0.
3248 1515 3332 1575 M.

2474 1690 2503 1726 α
2542 1671 2723 1732 Petro
2761 1671 2965 1750 Gyllio
2977 1715 3000 1748 ,
3043 1673 3177 1732 viro
3200 1670 3430 1751 probo,
3461 1674 3777 1750 utriusque
3824 1675 3944 1736 lin-

2381 1774 2515 1835 9¹1ae
2544 1757 2917 1834 doctissimo,
2946 1776 3028 1820 ex
3046 1777 3195 1840 aqro
3220 1758 3499 1822 Albiense
3528 1759 3697 1840 apud
3730 1761 3943 1824 Gallos

2382 1850 2555 1918 nato,
2586 1846 2659 1907 ob
2688 1846 3033 1925 sinqulares
3073 1852 3265 1910 animi
3299 1845 3468 1911 dotes
3493 1853 3553 1910 et
3576 1845 3943 1937 indefatiqa7

2383 1933 2561 1996 bilem
2582 1943 2647 1996 in
2666 1936 3109 2016 mnatiqancus
3134 1940 3518 2018 antiquos-um
3536 1941 3941 2020 monimentis,

2382 2023 2795 2104 componendis
2833 2025 3419 2106 interpretandisque
3454 2029 3721 2088 omnium
3756 2027 3942 2090 disei-

2378 2113 2688 2192 plinarum
2728 2111 2897 2174 libris
2916 2158 2933 2191 ,
2974 2117 3157 2176 totins
3194 2113 3352 2176 orbis
3395 2113 3727 2177 lustrandis
3752 2117 3943 2179 inda-

2381 2201 2715 2282 9andisque
2746 2201 2890 2264 locis
2913 2207 3224 2280 naturam,
3251 2202 3559 2264 solertiam
3600 2209 3659 2264 ee
3686 2204 3945 2285 diligen-

2386 2293 2533 2352 tiam
2576 2289 2813 2370 publice
2856 2293 3257 2372 privatimque
3310 2291 3734 2354 laudatissimo
3750 2337 3769 2370 ,
3806 2299 3946 2374 post

2386 2377 2597 2456 lonqas
2624 2395 2915 2440 annorum
2934 2379 3081 2457 plus
3110 2377 3171 2440 Χ
3174 2379 3222 2440 L
3237 2383 3755 2458 peregrinationes
3777 2385 3945 2444 terra

2386 2469 2655 2544 marique
2685 2471 3047 2546 peraqratas
3055 2511 3079 2542 ,
3132 2465 3425 2542 Galliam,
3458 2465 3709 2528 Italiam
3724 2515 3742 2542 ,
3784 2469 3945 2530 Grae-

2386 2557 2547 2614 eiam
2558 2597 2581 2631 ,
2618 2553 2825 2614 Asiam
2857 2559 3167 2633 utramque
3208 2558 3269 2616 et
3308 2553 3530 2633 Africa
3556 2561 3805 2634 partem
3817 2601 3840 2633 ‚
3872 2574 3945 2618 ae

2388 2641 2807 2704 miraculosam
2839 2659 2874 2704 e
2911 2641 3182 2704 manibus
3223 2646 3284 2704 et
3332 2659 3570 2705 carcere
3596 2647 3946 2724 piratarum

2392 2727 2756 2792 Ges-beorum
2775 2727 3181 2792 liberationem
3196 2775 3215 2807 ,
3244 2729 3497 2792 Romam
3528 2734 3703 2810 quasi
3727 2734 3942 2811 postli-

2387 2821 2571 2880 minio
2596 2833 2826 2880 reverso
2839 2861 2859 2897 ,
2878 2821 2935 2880 et
2952 2819 3020 2880 in
3040 2817 3451 2895 recolliyendts
3476 2818 3945 2899 ordinandisque

2386 2923 2589 2968 rerum
2624 2905 2943 2968 celebs-tum
2980 2905 3426 2968 narrationibus
3466 2905 3595 2967 dies
3632 2913 3945 2989 noctesque

2386 2997 2690 3074 occupato,
2705 2993 2870 3074 febre
2878 2993 3309 3056 violentissima
3310 3010 3432 3074 per
3444 2993 3575 3056 dies
3592 2993 3689 3056 ΧΙ
3698 3000 3941 3072 vexato,

2386 3083 2547 3144 diem
2582 3099 2759 3144 suum
2787 3085 2857 3144 in
2900 3081 3140 3145 Clas-isto
3168 3083 3309 3144 Iesu
3332 3081 3603 3157 obeunti,
3656 3083 3945 3164 Geor-qius

2388 3169 2734 3233 cardimus
2761 3168 3159 3232 Armeniacus
3186 3165 3317 3250 (sic)
3332 3213 3351 3244 ,
3377 3173 3673 3248 patronus
3692 3175 3944 3250 pientis-

2383 3261 2569 3319 simus
2586 3257 2796 3320 clienti
2817 3262 3163 3337 qratissimo
3181 3300 3199 3335 ,
3218 3259 3287 3318 s'n
3307 3273 3475 3336 spem
3498 3261 3947 3321 resurrectionis

2384 3349 2753 3408 mortuorum
2814 3345 3210 3407 benemerenti
3276 3347 3714 3407 moestissimas.
3784 3347 3942 3410 Non.

2384 3435 2520 3496 Ian.
2547 3433 2723 3494 MDL
2734 3433 2799 3494 V.
2835 3432 3001 3494 Vixit
3021 3449 3213 3494 annos
3232 3431 3421 3508 LXV,
3440 3449 3687 3508 menses,
3713 3433 3845 3496 dies
3871 3435 3940 3511 V,

2382 3521 2514 3583 hor.
2546 3519 2659 3582 IV.
2682 3540 2716 3580 a

2463 3689 2751 3750 Ceterum
2780 3703 2949 3749 mors
2979 3683 3376 3768 impedivisse
3402 3684 3657 3750 Gillium
3695 3686 3945 3752 videtur

2348 3775 2721 3860 ,quominus
2760 3773 2939 3838 libris
2984 3773 3183 3837 tribus
3218 3773 3299 3837 de
3339 3775 3619 3857 Bosporo
3650 3782 3716 3840 et
3767 3777 3943 3841 libris

2384 3870 2677 3948 quattuor
2706 3881 2866 3946 quos
2900 3869 3042 3946 post
3075 3863 3216 3927 illos
3258 3861 3337 3926 de
3368 3863 3943 3947 Constantinopolis

2383 3951 2794 4038 topographia
2832 3953 3081 4028 Romae,
3109 3959 3294 4032 puto,
3324 3951 3620 4031 absolvit,
3653 3953 3941 4017 ultimam

2383 4059 2641 4106 manum
2668 4039 3043 4106 admoveret.
3076 4040 3257 4104 Unde
3284 4039 3521 4104 factum
3548 4045 3743 4106 estut
3768 4041 3945 4124 prin-

2384 4147 2534 4212 ceps
2560 4127 2776 4206 editio,
2812 4146 3001 4211 quam
3048 4127 3313 4191 heredes
3361 4127 3530 4193 Gillii
3577 4146 3740 4193 anno
3784 4133 3935 4192 1561

2385 4215 2815 4281 excudendam
2844 4221 3141 4280 curarunt
3170 4215 3273 4298 (1),
3307 4233 3535 4297 magna
3561 4216 3941 4280 mendorum

2385 4304 2569 4388 copia
2596 4311 2859 4380 scateat;
2910 4321 3179 4388 quorum
3222 4321 3368 4384 pars
3414 4301 3530 4365 etsi
3571 4319 3610 4366 a
3648 4305 3941 4385 typogra-

2386 4393 2655 4476 phorum
2671 4389 3046 4474 negligentia
3063 4388 3401 4474 repetcnda
3418 4388 3531 4466 sit,
3550 4387 3720 4454 haud
3741 4409 3942 4474 pauca

2383 4487 2596 4547 tamen
2622 4500 2700 4546 ex
2718 4480 2858 4564 ipso
2878 4478 3047 4546 Gillii
3074 4477 3435 4562 apographo
3470 4478 3640 4542 haud
3662 4477 3813 4544 satis
3840 4498 3941 4544 ex·

2386 4571 2582 4655 polito
2623 4586 2902 4634 manasse
2949 4566 3181 4631 debent
3232 4567 3333 4650 (2).
3390 4567 3669 4630 Plurima
3718 4585 3939 4632 eorum

2445 4761 2511 4824 (1)
2545 4759 2886 4812 nundino
2925 4758 3145 4812 atomi
3187 4763 3321 4812 15⁸2.
3360 4756 3549 4810 Deinde
3587 4743 3853 4824 re’pefimm
3888 4761 3942 4812 et

2382 4833 2849 4900 pssnmoonoemm
2873 4843 3002 4896 opus
3018 4828 3166 4882 estin
3190 4827 3309 4881 edit.
3329 4841 3411 4881 an.
3435 4832 3555 4882 1032
3580 4831 3633 4880 et
3654 4830 3940 4896 16350413-

2382 4905 2523 4969 duni,
2551 4901 2754 4966 mmvlr,
2789 4902 3008 4967 tii-24⁰),
3042 4901 3098 4954 in
3145 4899 3378 4953 Bandurli
3408 4899 3617 4966 Imperio
3664 4900 3851 4954 orient.
3887 4903 3939 4952 et

2381 4978 2434 5029 in
2460 4978 2670 5027 Gronov.
2700 4973 2861 5038 antiq
2882 4988 2953 5040 gr.
2982 4977 3106 5026 tom.
3138 4975 3223 5026 vl.

2445 5047 2514 5111 (2)
2555 5045 2635 5098 cf.
2672 5047 2833 5096 Lucas
2876 5043 3163 5098 Holstenius
3204 5042 3257 5094 iu
3286 5041 3491 5107 Epistol.
3534 5039 3602 5092 ad
3638 5040 3937 5092 Peirescium

2384 5120 2403 5178 (
2427 5122 2565 5180 1028,
2594 5117 2683 5168 111.
2722 5114 2797 5168 ld.
2820 5115 2998 5182 Febr.)
3022 5138 3038 5170 ι
3062 5136 3088 5161 ι
3120 5113 3253 5166 Petri
3294 5112 3425 5164 omit
3452 5110 3832 5164 commentarius
3884 5109 3938 5162 in

2382 5187 2666 5254 Dionysium
2695 5186 3013 5246 vitiosissime
3038 5187 3201 5242 editus
3231 5185 3337 5247 est,
3372 5182 3444 5235 ita
3489 5184 3548 5234 ut
3573 5180 3713 5233 labor
3741 5179 3825 5231 illo
3856 5192 3937 5231 ne-

2384 5259 2561 5310 minem
2572 5259 2747 5325 juvare
2772 5260 2931 5324 possit
2960 5264 3063 5325 um
3082 5268 3248 5316 rerum
3276 5251 3699 5319 geographie-rum
3725 5250 3939 5316 appi-hnc
