4584 6284
622 554 697 609 68

622 688 728 743 tur,
737 676 1061 753 paulumque
1085 674 1289 747 dfflexa
1304 675 1420 729 acie
1436 674 1725 729 coeuntium
1750 674 1973 749 speciem
1986 676 2186 751 proebe-

620 766 751 821 bant
771 806 788 831 ‚
838 763 894 819 id
931 762 1078 837 quod
1114 780 1223 818 non
1277 764 1401 817 satis
1444 761 1741 837 probabunt
1780 762 2081 835 navigantes
2122 783 2185 820 ex

621 857 796 912 Ponto
822 853 879 908 in
923 854 1241 925 Bosporum.
1267 853 1405 906 Nam
1434 851 1649 925 Cyanen
1691 850 1874 907 insulae
1908 850 2042 907 adeo
2064 864 2189 907 sunt

621 940 809 995 vicinae
821 940 1132 1008 continenti,
1156 949 1217 993 ut
1233 938 1499 1012 particula!
1519 940 1830 995 continentis
1850 958 1961 995 esse
1978 940 2189 995 videan-

624 1038 732 1095 tur,
764 1046 969 1102 neque,
992 1029 1093 1083 nisi
1116 1028 1363 1101 proxime
1392 1029 1691 1095 accesseris,
1720 1046 1806 1083 eas
1830 1047 1861 1083 a
1894 1030 2189 1084 continenti

625 1115 949 1172 distinxeris.
1029 1120 1101 1173 At
1134 1126 1424 1188 utrumque
1450 1115 1581 1171 latus
1604 1114 1819 1189 Bospori
1864 1116 2063 1171 intrare
2097 1134 2188 1172 vo·

618 1204 847 1261 lentibus
865 1205 923 1260 in
954 1207 1249 1278 Bosporum
1266 1243 1283 1270 ,
1314 1202 1477 1259 modo
1496 1202 1745 1271 clausum,
1772 1203 1933 1258 modo
1949 1214 2189 1277 apertum

619 1291 843 1366 Bospori
870 1290 1105 1347 canalem
1132 1291 1392 1359 ostendit,
1421 1310 1528 1347 non
1550 1291 1708 1347 modo
1730 1292 1915 1366 procul
1946 1312 2011 1347 ex
2029 1293 2191 1364 agita·

624 1382 769 1435 tione
806 1380 957 1435 navis
976 1420 993 1447 ,
1031 1378 1198 1435 modo
1233 1377 1433 1434 directa
1476 1380 1555 1434 via
1590 1379 1656 1434 ad
1696 1398 1754 1435 os
1792 1378 2151 1451 adnavigantis
2172 1419 2189 1447 ,

622 1467 788 1524 modo
813 1468 1030 1541 obliqua
1051 1508 1067 1537 ,
1092 1466 1185 1523 sed
1218 1468 1377 1523 etiam
1406 1468 1667 1542 proxime,
1693 1478 1851 1541 atque
1886 1466 2019 1523 adeo
2053 1467 2194 1522 intra

625 1560 925 1631 Bosporum
956 1557 1335 1629 navigantibus·
1349 1557 1540 1612 crebro
1575 1556 1745 1612 ciaudi
1772 1567 1827 1611 et
1851 1556 2043 1632 aperiri
2064 1558 2194 1610 Bos-

627 1664 794 1720 porus
834 1645 1047 1701 videtur
1085 1663 1153 1700 ex
1178 1644 1384 1701 crebris
1427 1646 1907 1719 promontoriorum
1948 1644 2189 1699 flexibus.

631 1736 795 1789 Recte
850 1735 1013 1805 igitur
1052 1733 1342 1790 Frontinus
1388 1734 1614 1807 Cyaneas
1673 1746 1825 1789 vocet
1874 1736 2191 1807 Bosporum.

639 1846 664 1870 ι
692 1820 981 1897 Philippus
1000 1863 1014 1885 ,
1038 1822 1213 1894 inquit
1229 1862 1244 1888 ,
1263 1840 1381 1877 cum
1405 1823 1676 1891 angustias
1709 1822 1901 1887 maris,
1924 1840 2040 1895 qme
2070 1826 2195 1893 O'a·

631 1926 741 1963 ηοω
766 1908 1123 1982 appellantur,
1152 1908 1549 1977 transnavigare
1562 1920 1781 1983 propter
1798 1906 2197 1963 Atheniensium

633 1995 853 2053 classem
870 2036 887 2063 ,
928 2015 1044 2069 quoe
1082 1994 1528 2072 opportunitatem
1570 1996 1671 2052 loci
1693 1995 2021 2053 custodiebat
2042 2036 2055 2059 ,
2094 2013 2196 2049 non

624 2094 811 2158 posset
825 2124 842 2149 ,
869 2082 1089 2157 scripsit
1118 2082 1408 2158 Antipatro
1423 2126 1439 2151 ,
1478 2083 1755 2141 straciam
1776 2084 2035 2150 rebellare,
2058 2103 2197 2157 pra:-

631 2168 813 2234 sidiis,
840 2190 957 2244 qua·
980 2169 1057 2226 ibi
1083 2169 1389 2244 reliquerat,
1433 2170 1745 2242 interfectis,
1777 2182 1838 2225 ut
1870 2180 2201 2243 sequerentur

633 2255 851 2312 omissis
889 2255 1148 2313 omnibus.
1185 2261 1311 2326 Quoe
1327 2256 1561 2331 epistoloe
1584 2269 1642 2311 ut
1670 2256 2099 2330 interciperentur
2129 2256 2199 2310 ab

634 2343 782 2399 hoste
796 2383 813 2410 ,
838 2342 1070 2400 ctu-avit.
1146 2342 1486 2400 Athenienses
1511 2362 1705 2398 arcana
1730 2342 2076 2399 Macedonum
2108 2360 2199 2395 ac-

636 2430 837 2506 cepisse
880 2430 1019 2498 visi,
1062 2432 1277 2487 classem
1320 2430 1666 2487 abduxerunt.
1721 2431 2008 2507 Philippus
2056 2430 2202 2485 nullo

624 2521 939 2596 prohibente
959 2520 1387 2593 angustiassreti
1408 2521 1672 2577 liberavit.
1692 2522 1777 2577 Sic
1793 2522 1951 2576 etiam
1968 2520 2202 2592 Cyaneas

636 2610 927 2683 intelligere
974 2609 1181 2665 videtur
1216 2608 1387 2665 soedus
1426 2608 1555 2665 illud
1590 2610 1813 2677 illustre,
1850 2606 1997 2682 quod
2040 2606 2203 2663 Athe-

636 2698 846 2752 nienses
872 2707 992 2770 post
1031 2714 1234 2771 pugnas
1275 2694 1480 2751 navales
1521 2706 1893 2769 percmserunt
1922 2712 2045 2750 cum
2082 2712 2203 2765 rege

633 2787 949 2852 Persarum,
986 2804 1103 2858 quae
1142 2787 1219 2839 sic
1260 2782 1565 2858 abjecerunt
1601 2786 1735 2857 regis
1768 2785 2026 2855 animam,
2066 2780 2201 2842 ὥστε

642 2863 922 2927 συνθέσθαι
953 2864 1048 2937 τὴν
1066 2863 1379 2944 περιὸόητον
1408 2862 1615 2944 εἰρήνην
1650 2863 1877 2940 ἐκείνην,
1906 2862 2075 2926 ἵππου
2107 2868 2203 2945 μὲν

638 2958 830 3042 δρόμον
852 2961 934 3021 ἀεὶ
958 2962 1051 3033 τῆς
1069 2958 1389 3034 Ἑλληνικῆς
1409 2958 1625 3040 ἀπέχειν
1651 2960 1940 3031 θαλάσσης,
1974 2960 2118 3023 ἔνδον
2150 2962 2205 3024 δί

636 3055 889 3119 Κυανέων
936 3054 1027 3115 καὶ
1057 3057 1372 3117 Χελιδονιῶν
1404 3064 1583 3139 μακρᾷ
1610 3061 1695 3129 νηὶ
1724 3056 1817 3115 καὶ
1843 3058 2207 3141 χαλκεμὸόλῳ

639 3144 715 3224 μὴ
741 3146 919 3205 πλέειν
945 3154 1243 3225 (Plutarch.
1270 3154 1480 3210 Cimon.
1512 3172 1561 3208 c.
1596 3155 1721 3223 13).

711 3242 831 3295 Jam
860 3242 956 3296 etsi
982 3260 1045 3295 ex
1072 3240 1189 3307 bis,
1228 3258 1346 3315 quse
1382 3251 1503 3295 ante
1535 3239 1645 3295 dixi
1672 3241 1741 3295 de
1774 3241 1907 3296 aulis
1933 3244 2123 3316 Amyci
2160 3254 2215 3298 et

643 3328 871 3390 Phinei,
916 3326 1113 3399 liqueat
1147 3326 1421 3399 Orpheum
1457 3326 1588 3382 duas
1627 3339 1801 3400 petras
1830 3330 2065 3405 Cyaneas
2104 3349 2213 3385 non

646 3412 934 3483 intelligere
957 3422 1131 3467 totum
1167 3414 1465 3484 Bosporum
1503 3422 1593 3467 ant
1617 3412 1929 3486 multiplices
1951 3416 2217 3472 anfractus

649 3496 922 3570 parallelos
960 3498 1183 3570 Bospori
1228 3514 1244 3552 ι
1286 3508 1461 3552 umen
1501 3516 1567 3552 ex
1609 3516 1674 3553 eo
1704 3498 1842 3554 clare
1878 3500 2066 3556 elicere
2108 3522 2216 3557 non

654 3599 935 3655 possumus
950 3622 967 3648 ‚
986 3600 1054 3636 an
1082 3580 1339 3639 duntaxat
1365 3582 1613 3655 intelligat
1639 3584 1869 3655 Cyaneas
1896 3587 2091 3643 insulas
2107 3628 2125 3657 ‚
2149 3608 2217 3643 an

655 3672 817 3726 etiam
844 3680 1132 3745 utrumque
1156 3669 1303 3725 littus
1322 3672 1757 3728 circumvicinum
1781 3675 2023 3748 Cyaneis.
2053 3680 2126 3733 At
2152 3696 2217 3735 ex

656 3756 943 3831 Apollonio
957 3798 974 3824 ,
1006 3776 1115 3814 non
1145 3758 1316 3813 solum
1350 3755 1462 3830 ejus
1492 3760 1679 3815 aemulo
1712 3759 1804 3815 sed
1828 3763 1985 3817 etiam
2010 3782 2221 3821 enarra·

660 3856 805 3915 tore,
828 3847 1159 3920 assequimur
1184 3856 1356 3921 petras
1378 3848 1607 3921 Cyanen
1628 3860 1719 3904 aut
1740 3868 1851 3906 esse
1876 3869 2007 3924 quas
2027 3853 2221 3909 insulas

656 3932 891 3990 diximus
904 3974 923 4002 ,
953 3946 1044 3990 aut
1067 3953 1226 4008 rupes
1244 3946 1299 3991 ct
1324 3947 1501 3991 cautes
1522 3939 1795 4011 utriusque
1810 3938 2000 3994 littoris
2025 3959 2056 3995 a
2076 3944 2221 4015 Myr-

658 4020 813 4077 leano
838 4023 961 4077 sinu
986 4040 1153 4095 usque
1174 4022 1243 4078 ad
1268 4024 1517 4097 Cyaneas.
1588 4026 1673 4080 Sic
1698 4027 1841 4081 enim
1862 4026 2172 4100 Apollonius
2197 4041 2217 4067 ¹

656 4110 762 4174 ait,
792 4109 887 4164 ubi
921 4113 1238 4181 Argonautae
1264 4110 1544 4167 duodecim
1576 4110 1677 4167 diis
1706 4132 1850 4170 aram
1888 4118 2214 4190 posuissent,

654 4197 711 4250 in
738 4214 803 4251 eo
829 4199 1199 4270 promontorio
1214 4240 1231 4267 ,
1256 4198 1404 4273 quod
1433 4201 1719 4257 etiamnum
1744 4193 1907 4275 Ἱερὸν
1934 4196 2107 4251 Graeci
2129 4214 2219 4269 ap·

654 4274 847 4348 pellant
870 4279 957 4348 (a,
992 4277 1112 4333 536.
1143 4278 1245 4350 549
1269 4282 1464 4353 sqq.):

732 4467 781 4507 1.
805 4452 870 4504 In
886 4449 1094 4506 foederis
1112 4452 1282 4508 verbis
1300 4453 1529 4526 Cyaneas
1548 4472 1656 4508 non
1674 4472 1785 4509 esse
1801 4455 2066 4526 angustias
2088 4496 2105 4522 ,
2125 4453 2217 4510 sed

661 4530 883 4600 insulas,
912 4531 1064 4587 sicuti
1092 4532 1411 4588 Chelidoniae
1436 4534 1616 4589 insula».
1631 4544 1755 4589 sunt
1770 4574 1787 4601 ,
1819 4546 2007 4607 sponte
2032 4534 2219 4591 intelli·

660 4613 820 4683 gitur.
850 4612 967 4684 11-
987 4628 1042 4667 α.
1061 4612 1147 4667 Sic
1177 4612 1311 4669 enim
1337 4612 1647 4687 Apollonius
1664 4614 1804 4688 eth.
1833 4614 1979 4670 Nihil
2006 4614 2218 4688 Apollo-

663 4693 785 4748 nius
808 4692 969 4747 babet
992 4691 1135 4747 unde
1172 4692 1428 4764 ejusmodi
1472 4695 1777 4749 sententiam
1818 4712 1991 4751 eruas.
2021 4696 2221 4749 Versus

660 4782 828 4845 poetae
868 4772 1128 4827 truncavit
1155 4772 1353 4845 Gyllius
1396 4783 1450 4827 et
1494 4772 1563 4828 de
1604 4792 1703 4828 suo
1726 4774 2045 4829 immutavit.
2086 4776 2221 4829 Nam

661 4850 809 4924 quod
837 4851 1020 4907 scribit
1045 4868 1059 4906 ε
1087 4851 1321 4925 ἁλμυρᾶς
1344 4852 1488 4907 ἀκταὶ
1512 4852 1747 4919 Κυάνεαι,
1776 4852 1835 4907 id
1870 4854 1948 4909 sie
1974 4854 2031 4908 in
2058 4854 2221 4926 Apol-

660 4928 807 4984 lonio
816 4948 925 4985 non
942 4930 1151 5001 iegitur,
1167 4930 1308 5004 apud
1321 4948 1478 5005 quem
1498 4944 1616 5005 post
1632 4950 1815 4987 vocem
1831 4930 1977 4987 ἀκταὶ
1995 4931 2071 5005 (ν.
2092 4933 2219 5005 554)

661 5011 751 5067 alii
778 5030 971 5068 novem
993 5030 1173 5068 versus
1194 5024 1504 5087 sequuntm,
1525 5032 1556 5069 a
1590 5013 1761 5087 Gyllio
1785 5015 1985 5069 omissi.
2016 5014 2225 5070 Deinde

658 5100 817 5163 pocta
840 5091 1011 5163 pergit
1038 5110 1053 5145 τ
1082 5090 1115 5159 ἡ
1139 5090 1193 5147 Bi
1228 5090 1535 5166 (columba)
1567 5093 1630 5146 δι’
1650 5092 1807 5148 αὓτῶν
1842 5095 1971 5164 (τῶν
1998 5093 2221 5169 πετρῶν)

658 5169 839 5224 ἵπτατο
857 5190 871 5202 ·
906 5170 991 5223 ταὶ
1016 5170 1063 5224 δ’
1090 5170 1263 5243 ἄμυδις
1287 5170 1434 5226 πάλιν
1460 5170 1620 5227 ἀντίαι
1645 5171 1946 5247 ἀλλήλῃσιν,
1975 5182 2078 5226 etc.
2108 5173 2227 5243 ss—

1850 544 2202 606 DIONYSII
2242 546 2618 609 BYZANTII

2499 679 2640 739 Γαίης
2670 680 2712 731 δ’
2732 681 2826 732 ἀπὸ
2844 683 3014 733 δίπλοα
3041 682 3263 748 πείσματ’
3289 686 3532 739 Ξ).υσαν..”..

2401 750 2462 801 Οἳ
2486 749 2528 801 δ’
2561 750 2639 801 ὅτι
2653 752 2712 813 δὴ
2731 751 2938 803 σκολίοιο
2963 752 3111 818 πόρου
3143 756 3402 805 στεινωπὸν
3421 756 3581 807 ἵκοντο

2400 968 2493 1022 νῆα
2517 962 2623 1027 ῥόος
2639 1001 2655 1028 ,
2681 966 2851 1017 πολλὸν
2867 966 2917 1017 δὲ
2933 965 3064 1031 vaco
3083 968 3349 1032 προτέρωσε
3369 968 3528 1018 νέοντο
3543 1004 3559 1029 ,

2404 1035 2494 1095 ἤδη
2520 1036 2572 1085 δὲ
2601 1036 2731 1099 σφίσι
2759 1038 2926 1095 δοῦπος
2945 1037 3283 1102 ἀρασσομένων
3300 1036 3509 1102 πετράων

2401 1107 2602 1171 νωλεμὲς
2625 1106 2756 1159 οὔατ’
2777 1109 2963 1173 wem,
2991 1108 3116 1175 βόων
3139 1107 3181 1159 δ’
3199 1110 3444 1173 ἁλιμυρέος
3461 1108 3603 1159 ἀκταί
3612 1146 3628 1172 ,

2417 1178 2628 1229 Κυάνεαι·
2642 1179 2805 1245 ἀμυδὶς
2826 1180 2961 1231 πάλιν
2987 1181 3140 1232 ἀντίαι
3169 1181 3441 1245 ἀλλήλῃσιν,

2407 1252 2548 1316 ἄμφω
2571 1252 2691 1315 ὁμοῦ
2722 1253 2955 1311 ξυνιοῦσαι
2980 1253 3257 1304 ἐπέκτυπον.
3283 1252 3435 1319 Ὦρτο
3455 1254 3504 1304 δὲ
3525 1252 3675 1311 πολλὴ

2407 1322 2532 1387 ἅλμη
2562 1322 2926 1389 ἆναόρασθεῐσα,
2945 1324 3075 1389 νέφος
3093 1326 3157 1381 ὥς
3174 1338 3187 1351 ·
3222 1322 3308 1375 αὖε
3328 1326 3378 1374 δι
3399 1324 3566 1379 πόντος

2409 1394 2688 1459 σμερδαλέω
2704 1407 2716 1421 ·
2737 1392 2887 1459 πάντῃ
2909 1393 2961 1445 δὲ
2981 1395 3084 1459 περὶ
3105 1396 3250 1459 μέγας
3277 1396 3465 1459 ἔδρεμεν
3479 1394 3634 1458 αἰθήρ.

2413 1466 2575 1515 Κοῖλαι
2605 1466 2655 1515 δὲ
2683 1465 2944 1531 σπήλυγγες
2959 1466 3054 1517 iano
3069 1465 3291 1529 σπιλάδας
3308 1472 3528 1534 τρηχείας

2409 1536 2663 1597 κλυζούσης
2685 1538 2792 1594 ἁλὸς
2811 1537 2937 1588 ἔνδον
2957 1537 3198 1601 tunsum.

2285 1645 2368 1699 Ex
2394 1644 2588 1717 quibus
2605 1646 2924 1719 percipimus
2952 1649 3279 1717 Argonautas
3308 1644 3566 1701 solventcs
3601 1662 3668 1699 ex
3703 1645 3851 1699 Fano

2283 1734 2431 1789 Jovis
2456 1734 2778 1808 aiiqmmdiu
2801 1735 3065 1807 navigasse
3085 1753 3180 1807 per
3201 1736 3420 1808 Bospori
3443 1733 3664 1789 flexuosi
3689 1750 3855 1803 angu-

2284 1821 2410 1875 stias
2433 1822 2684 1893 utrinque
2707 1820 2902 1895 asperis
2937 1821 3180 1876 cautibus
3207 1821 3404 1876 cinctas
3426 1860 3441 1885 ,
3463 1817 3683 1892 jamque
3713 1818 3853 1873 soni-

2285 1917 2401 1962 tum
2435 1918 2706 1981 petrarum
2757 1908 3174 1963 conflictantium
3225 1912 3654 1977 Argonautarum
3699 1922 3852 1959 aures

2286 2014 2526 2063 vexasse,
2570 1997 2772 2052 marina
2808 1996 2984 2052 littora
3023 1995 3273 2067 mugiisse
3289 2036 3305 2063 ‚
3331 1996 3564 2068 Cyaneas
3607 1995 3747 2049 inter
3797 2012 3855 2049 se

2284 2096 2658 2139 concurrentes
2680 2084 2951 2140 fiemuisse
2965 2125 2982 2153 ,
3013 2102 3163 2139 cavas
3189 2084 3460 2157 speluncas
3483 2082 3584 2137 sub
3606 2081 3850 2138 cautibus

2286 2174 2422 2227 mari
2460 2173 2602 2228 intus
2638 2172 2924 2230 fluctuante
2962 2190 3232 2229 resonasse
3257 2188 3272 2227 ε
3303 2190 3422 2245 quae
3455 2173 3635 2227 omnia
3659 2187 3852 2226 conve·

2286 2261 2445 2317 niunt
2461 2278 2570 2315 non
2589 2262 2752 2318 modo
2773 2260 2976 2331 insulis,
2998 2261 3091 2318 sed
3113 2262 3272 2317 etiam
3295 2258 3536 2314 cautibus
3553 2269 3610 2313 et
3633 2257 3856 2331 rupibus

2288 2348 2568 2423 utriusque
2591 2349 2781 2407 littoris
2800 2351 3125 2407 excurrentis
3148 2369 3177 2406 a
3197 2349 3416 2423 Cyaneis
3438 2346 3509 2403 ad
3529 2346 3855 2421 Myrhanum

2288 2436 2466 2491 sinum
2500 2447 2554 2492 et
2579 2438 2856 2493 Coracium
2881 2438 3327 2511 promontorium.
3401 2434 3484 2491 Ibi
3515 2436 3658 2491 enim
3685 2435 3856 2490 utrin-

2291 2540 2396 2594 que
2423 2523 2634 2579 excelsae
2657 2542 2815 2597 rupes
2841 2524 3102 2579 fluctuum
3129 2524 3332 2597 impetu
3361 2523 3462 2579 alte
3493 2531 3742 2577 resonant
3757 2560 3775 2588 ,
3805 2530 3860 2575 et

2291 2610 2622 2665 concurrisse
2663 2611 2801 2665 inter
2842 2628 2899 2665 se
2952 2608 3201 2663 videntur
3247 2628 3316 2663 ex
3363 2608 3664 2681 ingentibus
3720 2608 3858 2663 saxis

2291 2696 2492 2751 circum
2525 2707 2812 2769 utrumque
2839 2696 2983 2751 littus
3027 2696 3248 2770 sparsim
3280 2699 3336 2752 in
3377 2696 3508 2751 mari
3537 2694 3854 2767 jacentibus.

2291 2783 2412 2836 Jam
2449 2800 2573 2837 vero
2611 2800 2678 2836 cx
2711 2780 2985 2837 antedictis
3011 2782 3346 2855 perspicuum
3379 2790 3459 2835 est
3481 2781 3724 2834 Tnetzem
3758 2777 3858 2851 (ad

2292 2870 2428 2943 Lyc.
2464 2870 2598 2927 1285
2611 2873 2653 2942 ),
2687 2870 2916 2926 nobilem
2947 2871 3345 2942 grammaticum
3363 2907 3380 2934 ,
3406 2870 3498 2941 qui
3524 2868 3776 2939 gloriatur
3803 2886 3861 2921 se

2295 2978 2383 3013 om
2389 2958 2546 3014 nibus
2571 2959 2879 3032 geographis
2895 2970 3052 3031 atque
3066 2958 3328 3013 historicis
3352 2957 3503 3028 longe
3519 2956 3704 3011 melius
3725 2952 3858 3010 scire

2295 3050 2590 3120 Bosporum
2638 3048 2921 3103 Thracium
2936 3088 2953 3114 ,
3003 3048 3206 3102 nescire
3245 3047 3475 3119 Cyaneas
3491 3085 3508 3111 ,
3549 3063 3658 3099 non
3699 3042 3860 3098 modo

2298 3151 2429 3206 quas
2460 3133 2675 3189 tradunt
2709 3135 2988 3209 geographi
3008 3135 3348 3209 historicique
3366 3173 3382 3201 ,
3408 3133 3503 3189 sed
3527 3152 3596 3189 ne
3612 3132 3723 3188 illas
3745 3134 3861 3205 qui·

2301 3222 2424 3277 dem
2453 3240 2580 3296 quas
2619 3232 2789 3296 poeta:
2802 3264 2818 3290 ,
2848 3240 3074 3296 quorum
3109 3223 3446 3296 interprete-
3473 3239 3530 3275 se
3562 3220 3856 3293 profitetur,

2301 3322 2736 3366 commemorant.
2813 3313 2900 3367 Sic
2935 3312 3075 3366 enim
3105 3320 3320 3365 enarrat
3359 3307 3472 3362 ilios
3498 3306 3862 3379 Lycophronis
3889 3362 3892 3365 ,

2305 3416 2483 3454 versus
2517 3416 2531 3453 ι

2459 3502 2634 3561 Πόντος
2657 3502 2825 3561 Ἐὶλης
2847 3504 2926 3552 καὶ
2949 3503 3111 3565 πέτραι
3129 3500 3458 3565 Συμπληγάδας

2367 3574 2462 3623 Καὶ
2482 3573 2812 3637 Σαλμυδησσὸς
2829 3574 2908 3623 καὶ
2926 3572 3184 3631 undenum
3208 3572 3387 3621 κλύδων
3405 3570 3416 3633 Ι
3440 3568 3661 3620 Σκύθαισι
3675 3566 3859 3631 γείτων.

2313 3693 2336 3723 ι
2364 3672 2509 3742 Quas
2533 3672 2794 3726 Homerus
2828 3669 3048 3744 appellat
3073 3669 3309 3726 Planctas
3327 3709 3344 3736 ,
3369 3666 3688 3741 Lycophron
3712 3667 3864 3740 Sym·

2306 3758 2544 3832 plegadss
2567 3769 2756 3831 petras,
2774 3757 3172 3815 Eratosthenes³
3193 3754 3563 3831 Synormadas,
3583 3771 3714 3828 quas
3735 3752 3866 3808 dicit

2307 3847 2454 3921 apud
2491 3848 2716 3903 Pontum
2758 3848 3028 3903 Euxinum
3067 3864 3179 3901 esse
3211 3847 3322 3901 sive
3347 3846 3548 3899 circum
3578 3842 3862 3915 angustias.

2306 3934 2616 4007 Apollonius
2655 3944 2709 3988 et
2754 3932 3069 4007 Lycophron
3096 3932 3234 4006 ipsas
3268 3930 3484 4005 quidem
3522 3930 3713 3983 dicunt
3747 3946 3861 3983 esse

2305 4020 2695 4094 Symplegadas,
2725 4039 2908 4076 vet-um
2952 4020 3268 4093 Lycophron
3305 4016 3518 4074 videtur
3542 4018 3636 4073 has
3669 4032 3868 4091 ponere

2307 4110 2444 4163 inter
2474 4107 2854 4163 Chalcedonem
2891 4118 2946 4162 et
2978 4107 3286 4182 Byzantium
3304 4146 3321 4173 ,
3350 4116 3415 4162 nt
3447 4104 3728 4161 videantur
3756 4121 3869 4159 esse

2305 4196 2362 4251 id
2390 4196 2533 4270 quod
2554 4199 2622 4253 ab
2663 4197 2836 4253 idiotis
2869 4196 3063 4253 dicitur
3099 4186 3337 4266 Ῥεῦμας
3361 4195 3672 4269 Apollonius
3697 4212 3824 4249 vero
3841 4194 3864 4238 ⁴

2307 4282 2515 4339 videtur
2537 4283 2677 4357 apud
2715 4286 2942 4340 Pontum
2971 4284 3240 4337 Euxinum
3261 4322 3278 4349 ,
3303 4284 3412 4337 sive
3430 4281 3572 4355 apud
3607 4282 3868 4353 angustia-

2308 4454 2660 4528 Ἐρατοσθένης
2683 4453 2738 4509 δὲ
2763 4452 2815 4509 ἀν
2843 4453 3300 4527 Γεωγραφουμένοις
3317 4452 3437 4525 φησὶ
3457 4452 3543 4507 τδν
3573 4450 3730 4506 πλοῦν
3759 4468 3868 4503 στε-

2302 4536 2389 4591 νδν
2417 4534 2546 4591 εἶναι
2573 4535 2656 4590 καὶ
2683 4534 2905 4601 σκολιὸν,
2935 4534 2999 4587 δι’
3033 4528 3089 4587 οὗ
3128 4532 3454 4605 φαντάζεσθαι
3496 4531 3608 4594 τοὶις
3632 4530 3868 4591 πλέοντας

2302 4616 2392 4685 τὴν
2417 4616 2699 4672 ἀπόκλεισιν
2723 4620 2820 4670 τῶν
2848 4619 3053 4687 πετρῶν.

2374 4702 2428 4763 4.
2473 4694 2789 4771 Apollonius
2832 4712 2950 4749 vero
2985 4692 3131 4764 ete]
3174 4694 3300 4747 Haec
3334 4692 3390 4746 in
3425 4692 3620 4745 nostris
3659 4687 3870 4744 scholiis

2304 4779 2455 4832 aliter
2473 4777 2671 4831 habent
2697 4792 2710 4806 ·
2749 4774 2807 4831 ‘0
2833 4775 2886 4831 δὲ
2920 4772 3248 4836 Ἀπολλώνιος
3275 4773 3299 4845 (
3320 4778 3352 4839 4
3373 4813 3389 4839 ,
3417 4774 3522 4844 786
3558 4789 3674 4844 sqq.
3701 4770 3720 4844 )
3751 4767 3870 4824 ποτὶ

2309 4857 2396 4930 μὲν
2423 4858 2642 4929 φαίνεται
2666 4856 2775 4931 περὶ
2797 4856 2881 4911 τὸν
2907 4853 3137 4918 Εὔξεινον
3160 4853 3350 4909 Πόντον
3380 4852 3509 4921 ἤτοι
3531 4849 3620 4919 τὴν
3651 4854 3738 4905 τοῦ
3756 4850 3870 4905 Στε-

2307 4942 2394 4992 νοῦ
2421 4938 2608 4991 Κλεῗδα
2634 4936 2796 5009 λέγων
2823 4935 2968 5000 αὖτάς
2979 4976 2996 5003 ,
3027 4934 3146 4991 ποτὶ
3187 4934 3240 4989 δὲ
3266 4934 3450 5006 ὁμοίως
3491 4937 3562 5006 τῷ
3597 4932 3865 5003 Δυκόφρον·

2305 5019 2533 5092 γράφων·

2431 5139 2684 5204 Πληγάδας
2703 5140 2904 5198 ἀξείνους
2913 5172 2930 5202 ,
2948 5139 3028 5189 καὶ
3047 5138 3168 5189 ὅπου
3185 5137 3372 5201 φοινῆια
3389 5134 3556 5198 δόρπα.

730 5248 785 5302 3.
808 5248 1215 5323 Eratosthenes]
1243 5248 1419 5306 dicere
1450 5248 1670 5307 debebat
1693 5250 1998 5307 Simonides.
2039 5251 2228 5308 Hausit
2309 5256 2417 5325 Qui
2455 5252 2671 5327 quidem
2695 5271 2874 5309 versus
2909 5254 2963 5307 in
2995 5261 3178 5306 nostro
3205 5248 3486 5324 Apollonio
3517 5266 3627 5301 non
3654 5246 3864 5317 legitur,

657 5328 873 5382 Tnetzoe
897 5348 927 5383 e
953 5329 1089 5385 male
1113 5330 1349 5404 inspecto
1366 5332 1563 5388 scholio
1580 5330 1647 5387 ad
1674 5331 1917 5405 Euripid.
1936 5328 2107 5398 Med„
2130 5329 2227 5385 ubi

2309 5334 2402 5390 sed
2429 5336 2774 5390 concinnatus
2795 5352 2904 5387 esse
2932 5331 3141 5387 videtur
3165 5349 3196 5385 e
3232 5346 3300 5397 2,
3335 5328 3444 5401 596
3462 5369 3479 5395 ‚
3513 5328 3606 5382 ubi
3633 5326 3868 5398 Πληγάσι

656 5414 770 5471 haec
791 5432 805 5472 :
825 5416 911 5481 τὰς
928 5418 981 5472 δὲ
998 5418 1367 5493 Συμπληγάδας
1388 5420 1417 5475 ὁ
1434 5420 1705 5496 Σιμωνίδης
1726 5420 2040 5495 Συνορμάδας
2055 5418 2221 5492 φησίν.
2309 5416 2508 5484 δινήεις,
2525 5424 2578 5469 et
2602 5431 2635 5468 2
2648 5454 2663 5481 ,
2687 5413 2788 5485 597
2806 5453 2821 5481 ,
2837 5412 2930 5467 ubi
2957 5412 3197 5479 attestato
3219 5409 3274 5465 δὲ
3301 5410 3418 5478 νήΐα
3445 5409 3616 5481 δοῦρα.
