4584 6284
1890 512 1995 575 Ex
2041 512 2462 575 smssoms
2509 515 2653 575 LlB.
2698 516 2804 578 lv.

833 667 880 709 s.
906 645 1038 710 Ὅτι
1077 650 1111 721 ἡ
1156 644 1481 718 Μασσαλία,
1521 641 1669 711 πόλις
1696 642 1983 717 Ἑλληνικὴ
2001 689 2018 718 ,
2063 649 2302 707 τοσοῦτον

752 726 817 810 ἦν
850 735 1074 817 σώφρων
1123 733 1215 795 καὶ
1245 731 1433 813 μετρία
1450 774 1471 805 ,
1510 728 1645 791 ὥστε
1684 731 1778 792 καὶ
1797 732 1953 811 νόμον
1998 722 2159 814 εἶχον,
2205 733 2302 806 τὴν

752 824 1008 904 μεγίστην
1037 830 1231 903 προῖκα
1252 819 1484 903 χρυσίων
1504 810 1639 880 εἶναι
1668 818 1735 899 ρ’,
1759 821 1856 893 τὴν
1882 820 1935 881 δὸ
1963 824 2156 895 ίσθῆτα
2175 845 2301 902 χρυ·

751 911 878 971 σίων
896 912 936 969 ε’
965 910 1059 971 καὶ
1086 909 1173 970 τὸν
1200 913 1307 969 τῶν
1336 910 1595 986 γυναικῶν
1625 907 1819 986 κόσμον
1858 909 2047 987 ὁμοίως
2076 910 2300 991 χρυσίων

750 997 815 1061 ε’.
900 1001 1163 1061 Τοσοῦτον
1189 997 1244 1058 δὲ
1268 999 1387 1067 τοὺς
1408 996 1587 1077 λόγους
1612 996 1701 1055 καὶ
1728 996 1822 1070 τὴν
1842 997 2141 1080 φιλοσοφίαν
2167 996 2300 1079 ἔργῳ

750 1086 1049 1161 ἐξήσκησαν
1065 1132 1084 1165 ,
1136 1084 1271 1147 ὥστε
1311 1084 1430 1153 τοὺς
1480 1083 1788 1166 φιλομαθεία
1841 1084 2115 1166 ἕχομίνους
2161 1082 2296 1145 Ῥω·

752 1174 940 1255 μαίους
966 1173 1042 1253 μὴ
1074 1176 1145 1243 είς
1180 1172 1397 1248 Ἀθήνας
1413 1218 1433 1253 ,
1462 1172 1579 1233 ἀλλ’
1601 1176 1672 1241 εἰς
1711 1172 2027 1235 Μασσαλίαν
2054 1172 2299 1252 πορεύεσ·

751 1269 858 1325 Θαι.
887 1260 1050 1325 Ἔστι
1074 1260 1128 1323 82
1146 1266 1183 1337 ἧ
1201 1261 1351 1332 πόλις
1371 1260 1641 1324 Φωκαέων
1668 1262 1905 1323 ἀποικία.
1931 1255 1941 1263 ’

836 1372 882 1415 7.
939 1348 1072 1414 Ὀτι
1124 1349 1318 1430 μεταξὺ
1372 1350 1659 1431 Νάρὸωνος
1697 1350 1789 1410 καὶ
1832 1355 1926 1411 τοῦ
1978 1351 2298 1434 Ἀφροδισίου

754 1441 917 1523 ἄκρου
948 1443 1009 1501 ἔκ
1035 1444 1128 1513 τῆς
1155 1438 1404 1520 Πυρήνης
1441 1442 1523 1520 ῥεῖ
1557 1436 1791 1515 ποταμὸς
1818 1442 1847 1498 ὁ
1874 1437 2210 1499 Ῥουσκίνων·
2238 1430 2299 1499 οὗ

751 1526 972 1601 πλησίον
999 1524 1156 1607 λίμνη
1182 1526 1273 1586 καὶ
1302 1524 1493 1608 χωρίον
1536 1523 1786 1607 ῦφυδρον,
1819 1524 2005 1605 μικρὸν
2042 1526 2171 1607 ὑπὲρ
2207 1532 2300 1587 θα-

751 1616 972 1692 λάττης,
1000 1614 1253 1675 ἃλυκίδων
1280 1614 1502 1694 μεστὸν,
1540 1612 1603 1673 τὸ
1643 1611 1761 1682 τοὺς
1782 1612 2029 1696 ὀρυκτοὺς
2068 1619 2300 1698 κεστρεῖς

751 1703 894 1783 ἔχον.
976 1702 1083 1765 Δύο
1124 1702 1225 1783 γὰρ
1252 1700 1289 1774 ἢ
1325 1702 1463 1783 τρεῖς
1496 1700 1735 1781 ὀρύξαντι
1776 1700 1941 1770 πόδας
1976 1700 2068 1762 καὶ
2094 1701 2300 1763 καθέντι

748 1791 979 1872 τρίαιναν
1006 1790 1079 1858 εἰς
1094 1787 1233 1871 ὕδωρ
1262 1790 1509 1861 ἰλυῶδες,
1535 1786 1647 1848 ἔστι
1678 1796 1977 1870 περιπεῖραι
2002 1788 2091 1850 τὸν
2122 1789 2295 1870 ἰχθὺν,

748 1878 1009 1960 ἀξιόλογον
1052 1877 1112 1938 τὸ
1147 1876 1381 1959 μέγεθος.
1495 1876 1759 1961 Τρέφεται
1798 1880 1845 1937 δ’
1879 1877 1981 1939 ὑπὸ
2008 1880 2101 1949 τῆς
2124 1877 2296 1957 ἰλύος,

742 1966 981 2049 καθάπερ
1005 1967 1059 2026 αἱ
1084 1965 1347 2046 ἐγχέλυες.

818 2075 868 2119 s.
910 2053 1041 2117 Ὀτι
1070 2050 1265 2134 μεταξὺ
1291 2052 1609 2122 Μασσαλίας
1625 2051 1843 2113 καὶτῶν
1868 2050 2127 2115 Ῥοδανοῦ
2152 2054 2295 2115 ἔκδο-

741 2146 847 2206 λῶν
884 2150 1125 2222 ποταμοῦ
1160 2144 1271 2202 ἔστι
1302 2140 1477 2203 πεδίον
1506 2140 1677 2225 διέχον
1702 2145 1796 2214 τῆς
1820 2141 2087 2217 θαλάσσης
2114 2145 2296 2204 στάδια

746 2234 808 2313 ρ’·
826 2238 1073 2293 τοσοῦτον
1098 2230 1154 2290 δὲ
1177 2230 1269 2290 καὶ
1296 2230 1356 2289 τὸ
1373 2228 1675 2310 διάμετρον,
1700 2228 2077 2311 κυκλοτερὶςτὸ
2094 2234 2295 2312 σχῆμα·

743 2326 981 2387 καλεῖται
1028 2321 1084 2385 δὲ
1118 2324 1333 2393 λιθῶδες
1373 2324 1479 2385 ἀπὸ
1521 2330 1611 2385 τοῦ
1646 2322 2057 2403 συμὸεὸηκότος·
2107 2322 2297 2404 μεστὸν

749 2413 853 2495 γάρ
875 2415 989 2474 ἰστι
1020 2412 1179 2473 λίθων
1215 2415 1601 2495 χειροπληθῶν,
1643 2415 2033 2493 δποπεφυκυῖαν
2072 2410 2296 2493 ᾶχόντων

749 2503 924 2570 αὐτοῖς
953 2500 1211 2583 ἄγρωστιν
1230 2546 1249 2575 ,
1294 2501 1382 2584 ἀφ’
1418 2494 1483 2575 ἧς
1516 2501 1725 2585 ἄφθονοι
1768 2498 1929 2581 νομαὶ
1970 2498 2298 2583 βοσκήμασίν

747 2590 903 2650 εἰσιν·
937 2591 991 2649 ἂν
1016 2586 1162 2669 μέσῳ
1184 2586 1230 2646 δ’
1258 2586 1427 2648 ὕδατα
1466 2586 1559 2649 καὶ
1585 2585 1824 2655 ἃλυκίδες
1848 2585 2175 2647 συνίστανται
2205 2587 2299 2647 καὶ

749 2674 889 2745 ἅλες.
990 2675 1345 2758 Ἀριστοτέλης
1368 2676 1463 2755 μὶν
1498 2666 1587 2736 οὖν
1613 2698 1769 2758 φησιν
1794 2674 1896 2736 ὑπὸ
1916 2678 2170 2755 σεισμῶν,
2193 2677 2294 2734 τῶν

746 2762 1083 2842 καλουμένων
1112 2766 1356 2844 βραστῶν
1370 2808 1387 2838 ,
1421 2764 1736 2833 ἐκπεσόντας
1759 2762 1879 2833 τοὺς
1905 2761 2075 2833 λίθους
2106 2765 2178 2832 είς
2200 2764 2297 2839 τὴν

744 2850 1069 2931 ἱπιφάνειαν,
1121 2854 1435 2911 συνολισθεῖν
1486 2854 1559 2919 είς
1603 2851 1671 2912 τὰ
1714 2853 1869 2912 κοῖλα
1911 2854 2016 2912 τῶν
2063 2852 2291 2933 χωρίων.

742 2937 1089 3007 Ποσειδώνιος
1126 2938 1181 2999 δὲ
1209 2937 1401 3018 λίμνην
1440 2930 1599 2999 οὖσαν
1646 2944 1884 3019 παγῆναι
1909 2938 2045 3019 μετᾶ
2070 2942 2296 3001 κλυδασ-

741 3031 872 3104 μοῦ,
894 3027 985 3087 καὶ
1014 3026 1100 3087 διὰ
1137 3033 1289 3089 τοῦτο
1314 3030 1389 3095 είς
1414 3026 1624 3097 πλείους
1650 3031 1958 3112 μερισθῆναι
1980 3027 2169 3106 λίθους,
2194 3052 2296 3090 κα-

738 3113 905 3194 θάπερ
935 3111 1053 3181 τοὺς
1094 3112 1383 3192 ποταμίους
1419 3113 1694 3194 κάχληκας
1730 3114 1823 3177 καὶ
1850 3112 1945 3186 τὰς
1970 3114 2173 3201 ψήφους
2202 3115 2296 3187 τὰς

738 3200 1103 3282 αἰγιαλίτιδας.
1136 3201 1243 3262 Καὶ
1274 3202 1412 3262 ἔστιν
1449 3202 1690 3283 έκάτερος
1717 3204 1821 3262 τῶν
1848 3201 2021 3282 λόγων
2058 3203 2287 3272 πιθανός·

739 3288 941 3368 ἀνάγκη
985 3287 1089 3370 γὰρ
1131 3287 1249 3357 τοὺς
1299 3288 1465 3357 οὕτως
1505 3289 1829 3357 συνεστῶτας
1855 3290 2027 3361 λίθους
2056 3290 2145 3369 (οὗ
2172 3295 2291 3350 καθ’

738 3375 979 3457 αὖτοὺς,)
1008 3377 1043 3450 ἢ
1066 3376 1119 3447 ἐξ
1146 3380 1303 3458 ὑγροῦ
1330 3376 1593 3456 παγέντας
1621 3376 1939 3456 μεταὸαλεῖν
1954 3421 1971 3451 ,
1994 3374 2078 3459 [ἢ]
2109 3380 2169 3438 ἔκ
2196 3401 2289 3437 πε·

741 3468 877 3545 τρῶν
924 3465 1163 3545 μεγάλων
1211 3467 1456 3548 ῥήγματα
1500 3469 1693 3546 συνεχῆ
1748 3467 2019 3527 λαὸουσῶν
2063 3468 2290 3547 ἀποκρι-

742 3556 913 3626 θῆναι.

824 3663 871 3704 s.
911 3638 1043 3705 Ὅτι
1082 3644 1131 3703 οἱ
1176 3641 1376 3711 Σάλυες
1402 3644 1602 3704 οἰκοῦσι
1630 3641 1821 3721 μεταξὺ
1850 3641 2102 3704 Ῥοδανοῦ
2128 3662 2286 3701 ποτα·

749 3735 852 3809 μοῦ
873 3729 964 3791 καὶ
995 3731 1248 3812 Δρυεντία
1274 3736 1514 3811 ποταμοῦ
1542 3732 1627 3791 ἐπὶ
1653 3731 1839 3791 στάδια
1872 3728 2210 3795 πεντακόσια.

830 3843 901 3887 to.
943 3819 1073 3887 ‘on
1094 3827 1145 3885 oi
1159 3822 1383 3897 πλησίον
1413 3822 1793 3893 Καππαδοκίας
1813 3823 2051 3885 Γαλάται
2073 3824 2289 3884 Κελτῶν

744 3914 877 3973 εἰσιν
905 3910 1135 3979 ἄποικοι.

826 4022 895 4063 u.
935 4000 1063 4063 Ὅτι
1089 4002 1144 4059 ἄν
1171 4002 1236 4081 τῇ
1266 3998 1565 4081 Ἀκυῖτανία
1600 4002 1691 4070 τῆς
1718 4000 2003 4073 Κελτικῆς,
2026 3998 2093 4073 ἣν
2116 3998 2292 4079 ἔχουσι

744 4088 1078 4169 Τάρὸελλοι,
1111 4086 1349 4165 μέταλλά
1386 4090 1499 4147 ἐστι
1534 4085 1734 4168 χρύσεα
1762 4084 2141 4147 σπουδαιότατα
2159 4087 2291 4147 πάν·

742 4178 869 4235 τῶν·
894 4178 947 4236 ἐν
976 4175 1078 4257 γὰρ
1103 4172 1305 4255 βόθρσις
1328 4176 1620 4255 ὀρυχθεῗσιν
1640 4174 1731 4234 ἐπὶ
1758 4170 1942 4255 μικρὸν
1972 4172 2289 4253 εὑρίσκονται

739 4266 833 4325 καὶ
875 4266 1235 4347 χειροπληθεῖς
1282 4264 1501 4346 χρυσίου
1565 4262 1791 4338 πλάκες,
1836 4262 1943 4323 ἔσθ’
1970 4259 2055 4323 ὅτε
2112 4274 2295 4345 μικρᾶς

740 4352 1149 4435 ἀποκαθάρσεως
1183 4350 1441 4429 δεόμεναι·
1470 4351 1531 4412 τὸ
1558 4350 1613 4412 δὲ
1638 4351 1817 4413 λοιπὸν
1852 4351 2044 4432 finti
2070 4353 2179 4412 ἰστι
2206 4352 2295 4411 καὶ

739 4444 929 4519 βῶλοι,
957 4440 1051 4500 καὶ
1074 4438 1233 4500 αὖταὶ
1256 4438 1611 4521 κατεργασίαν
1636 4440 1697 4499 οὗ
1723 4439 1924 4513 πολλὴν
1950 4436 2189 4520 ἔχουσαι.
2222 4436 2295 4501 Ἢ

738 4527 790 4587 δὲ
820 4526 1087 4607 μεσόγειος
1111 4526 1203 4587 καὶ
1229 4524 1405 4609 ὀρεινὴ
1431 4524 1621 4606 βελτίω
1640 4531 1738 4605 γῆν
1765 4526 1900 4607 ἔχει.

823 4634 891 4677 12.
913 4611 1044 4677 Ὅτι
1068 4612 1129 4674 τὸ
1146 4611 1361 4693 σύμπαν
1373 4613 1533 4689 ἔθνος,
1552 4614 1582 4675 ὃ
1612 4621 1699 4675 νῦν
1722 4614 1973 4677 Κελτικόν
1993 4637 2051 4675 τε
2072 4614 2164 4675 καὶ
2186 4616 2295 4676 Γα-

739 4702 952 4761 λατικὸν
975 4702 1066 4762 καὶ
1089 4702 1350 4763 Γαλλικὺν
1376 4704 1634 4777 καλεῖται,
1664 4700 1965 4784 ἅρειμάνιόν
1993 4724 2051 4762 τε
2077 4702 2189 4763 ἔστι
2206 4700 2297 4762 καὶ

741 4789 955 4868 θυμικὸν
984 4790 1075 4850 καὶ
1098 4788 1332 4870 μάχιμον
1356 4790 1447 4851 καὶ
1475 4792 1673 4868 μᾶλλον
1700 4793 1896 4871 ἱππικῇ
1916 4789 1993 4865 μοί
2032 4814 2067 4870 ῃ
2088 4790 2298 4849 εὐδοκι-

742 4883 894 4954 μοῦν,
918 4876 1009 4937 καὶ
1034 4876 1093 4936 τὸ
1119 4877 1399 4955 κράτιστον
1423 4875 1705 4956 Ῥωμαίοις
1721 4876 1935 4939 ἱππικὸν
2016 4899 2097 4937 τοι
2122 4876 2295 4958 παρέ-

740 4985 946 5041 γουσιν.
968 4964 1087 5024 Εἰσὶ
1102 4962 1157 5022 δὲ
1186 4967 1291 5033 τοῖς
1314 4962 1523 5043 τρόποις
1536 4964 1699 5024 ἁπλοῖ
1718 4963 1809 5025 καὶ
1827 4966 1885 5024 οὗ
1908 4962 2195 5037 κακοήθεις,
2222 4966 2295 5031 εἰς

3824 534 3938 585 545

2461 650 2514 700 6.
2551 648 2794 714 Massilia,
2823 648 2947 703 urbs
2967 652 3171 717 Graes,
3209 662 3350 707 tanta
3393 652 3493 709 fuit
3527 658 3863 726 temperantia
3889 669 3942 713 et

2391 733 2776 803 moderatione,
2819 747 2881 792 ut
2915 737 3080 809 legem
3101 739 3349 808 baberet,
3377 760 3446 797 ue
3469 742 3566 798 dos
3599 746 3822 799 maxima
3847 764 3940 801 su-

2388 840 2506 877 reos
2527 834 2736 879 centum
2753 864 2770 890 ,
2821 827 3035 881 vestitus
3073 829 3308 901 quinque
3335 828 3634 897 exoederet,
3677 843 3729 887 et
3757 835 3940 889 mulie-

2387 928 2506 965 rum
2535 924 2750 967 ornatus
2780 924 2839 967 ut
2867 914 3087 971 totidem
3112 927 3246 971 esset
3287 936 3588 977 aureorum.
3637 922 3702 975 In
3727 920 3940 977 dicendi

2390 1016 2512 1053 vero
2534 999 2708 1055 studio
2725 1019 2788 1055 ac
2809 1002 3156 1075 philosophie
3181 1022 3247 1058 eo
3267 1022 3437 1077 usque
3455 1019 3806 1063 exercuerunt
3827 1028 3939 1065 sese

2385 1096 2447 1139 ut
2467 1086 2558 1158 qui
2587 1088 2808 1141 Romani
2829 1087 3224 1161 disciplinarum
3252 1108 3434 1148 amore
3463 1102 3784 1161 tenerentur,
3821 1114 3928 1151 uon

2385 1171 2610 1226 Athenas
2632 1172 2724 1227 sed
2763 1174 3044 1228 Massiliam
3073 1174 3547 1248 proficiscerentur.
3648 1181 3774 1235 Hac
3813 1182 3940 1237 urbs

2385 1258 2777 1317 Phocaeensium
2800 1273 2880 1316 est
2901 1261 3126 1319 colonia.

2458 1376 2512 1428 7.
2547 1360 2691 1413 Inter
2706 1358 3008 1414 Narbonem
3032 1368 3088 1414 et
3111 1358 3488 1433 Aphrodisium
3517 1366 3940 1433 promontorium

2386 1470 2416 1507 e
2435 1454 2636 1525 Pyrene
2657 1453 2926 1509 Rhuscino
2943 1455 3137 1509 fluvius
3161 1456 3296 1519 exit,
3315 1452 3468 1525 juxta
3495 1472 3654 1527 quem
3681 1457 3822 1513 lacus
3839 1470 3937 1525 est,

2386 1558 2438 1602 et
2465 1566 2588 1619 ager
2611 1548 2793 1605 subtus
2815 1566 3042 1623 aquosus
3055 1590 3071 1618 ,
3099 1548 3369 1623 paululum
3395 1566 3552 1623 supra
3573 1569 3737 1619 maxe,
3767 1554 3944 1609 salinis

2387 1642 2608 1698 refertus
2627 1656 2681 1699 et
2699 1643 2896 1700 fossiles
2919 1645 3118 1701 babens
3146 1645 3390 1715 mugiles3
3409 1664 3530 1703 nam
3547 1646 3638 1707 ubi
3669 1648 3785 1720 quis
3807 1647 3942 1703 duos

2386 1754 2478 1798 aut
2499 1752 2602 1798 tres
2627 1742 2820 1801 foderit
2843 1744 3021 1818 pedes,
3049 1744 3423 1801 etinlimosam
3446 1764 3635 1819 aquam
3665 1748 3940 1803 immiserit

2388 1845 2671 1912 fuscinam,
2715 1846 2912 1919 piscem
2953 1847 3072 1902 licet
3096 1848 3300 1903 eximiae
3347 1846 3722 1922 magnitudinis
3774 1850 3938 1904 conli-

2384 1960 2507 2015 gere
2534 1960 2549 1999 z
2583 1942 2628 1997 is
2649 1942 2777 1999 limo
2800 1943 2978 2013 alitur,
3006 1945 3454 2018 quemadmodum
3479 1944 3738 2019 anguilla.

2455 2053 2510 2107 8.
2551 2050 2696 2105 Inter
2737 2050 3014 2106 Massiliam
3051 2062 3108 2106 et
3149 2052 3391 2109 Rhodani
3441 2054 3588 2109 fluvii
3632 2056 3766 2110 ostia
3807 2054 3939 2128 jacet

2383 2164 2596 2221 campus
2612 2186 2631 2215 ,
2667 2164 2698 2204 a
2752 2148 2888 2203 mari
2919 2147 3120 2203 distans
3155 2148 3338 2205 stadiis
3383 2160 3597 2205 centum
3615 2190 3630 2218 ,
3679 2150 3940 2207 diametro

2382 2243 2614 2316 ejusdem
2643 2246 2978 2318 quantitatis,
3025 2245 3195 2302 forma
3225 2246 3485 2303 circulari.
3556 2250 3610 2303 Is
3648 2248 3716 2303 ab
3747 2260 3942 2305 eventu

2383 2342 2672 2415 lapidosus
2687 2340 2884 2399 dieitur
2901 2354 3083 2418 utpote
3095 2343 3356 2418 lapidibus
3369 2346 3462 2418 qui
3481 2363 3698 2400 manum
3723 2346 3940 2421 implere

2383 2446 2585 2517 possint
2609 2444 2936 2519 plenissimus
2956 2445 3055 2500 sub
3067 2446 3259 2519 quibus
3275 2465 3488 2520 gramen
3513 2450 3772 2516 exoritur,
3793 2450 3940 2523 quod

2383 2545 2564 2619 pabuli
2590 2545 2877 2601 ubertatem
2899 2546 3178 2620 pecoribus
3209 2548 3522 2621 suppeditat.
3552 2552 3618 2603 In
3647 2549 3826 2605 medio
3844 2569 3939 2607 su·

2383 2646 2490 2693 tem
2513 2655 2661 2711 sque
2685 2647 2810 2692 sunt
2831 2648 2884 2693 et
2908 2638 3085 2693 salina
3114 2649 3168 2693 et
3193 2638 3340 2695 sales.
3385 2641 3528 2697 Dicit
3549 2640 3712 2711 igitur
3735 2643 3940 2697 Aristo-

2386 2731 2510 2787 teles
2531 2729 2728 2805 lapides
2752 2748 2843 2785 eos
2867 2747 2900 2784 a
2930 2741 3081 2785 terre
3097 2730 3326 2786 motibus
3342 2770 3360 2800 ,
3389 2749 3522 2804 quos
3543 2730 3748 2786 brastos
3771 2732 3942 2805 appel-

2383 2824 2527 2889 lant,
2553 2823 2608 2877 in
2633 2820 2960 2894 superficiem
2986 2820 3179 2894 ejectos
3195 2862 3213 2887 ,
3243 2822 3312 2875 ad
3351 2840 3476 2877 cava
3515 2821 3629 2876 loca
3655 2822 3935 2879 confertim

2381 2916 2622 2990 delapsos
2641 2933 2773 2972 esse.
2799 2913 3115 2971 Posidonius
3145 2933 3268 2970 vero
3292 2914 3464 2969 lacum
3485 2913 3644 2969 fuisse
3665 2914 3814 2985 dicit,
3844 2918 3936 2990 qui

2383 3024 2549 3079 quum
2565 3005 2904 3061 fluctuatione
2913 3004 3142 3078 quadam
3156 3008 3434 3071 exaruerit,
3445 3005 3670 3080 ideoque
3687 3008 3742 3061 in
3761 3006 3936 3083 plures

2382 3096 2644 3172 dispersus
2672 3095 2832 3153 fuerit
2855 3096 3081 3169 lapides,
3116 3098 3253 3151 sicut
3275 3096 3578 3153 fluviatilem
3607 3097 3853 3169 glaream,
3884 3110 3935 3154 et

2379 3188 2604 3245 calculos
2626 3188 2882 3245 littoreas.
2955 3189 3095 3243 Saue
3121 3198 3342 3261 uterque
3364 3187 3690 3261 probabilem
3729 3192 3806 3243 rei
3849 3208 3932 3243 ra·

2379 3280 2580 3335 tionem
2615 3280 2876 3352 exposuit.
2947 3278 3170 3333 Necesse
3201 3278 3342 3332 enim
3367 3288 3446 3332 est
3483 3279 3556 3332 ita
3595 3290 3936 3349 congregatos

2379 3370 2574 3443 lapides
2597 3380 2688 3425 aut
2709 3388 2776 3425 ex
2793 3367 2999 3424 humidi
3025 3368 3358 3423 eones-ctione
3376 3368 3512 3423 banc
3539 3368 3762 3423 sormam
3789 3386 3935 3423 acce·

2375 3464 2512 3537 pisse
2539 3474 2630 3519 aut
2650 3482 2714 3517 ex
2739 3462 2938 3535 magnis
2963 3462 3102 3517 saxis
3129 3461 3425 3543 frequentes
3445 3472 3691 3535 rupturas
3707 3465 3935 3535 expertis

2375 3574 2486 3611 esse
2512 3555 2738 3611 avulsos.

2377 3676 2380 3679 ’
2448 3672 2502 3723 9.
2533 3651 2704 3726 Salyes
2727 3652 2866 3707 inter
2889 3648 3208 3705 Rhodanum
3225 3660 3278 3705 et
3303 3650 3611 3705 Druentiam
3635 3666 3814 3703 amnes
3842 3649 3934 3703 ha·

2377 3740 2546 3796 bitant
2572 3759 2665 3814 per
2690 3741 2974 3814 quingenta
2999 3736 3186 3794 stadis.

2452 3846 2536 3886 10.
2576 3827 2800 3895 Galata,
2851 3828 2943 3900 qui
2976 3823 3320 3899 Cappadocia
3349 3822 3589 3897 adjacent
3603 3863 3622 3892 ,
3655 3823 3934 3879 Gallorum

2375 3927 2501 3971 sunt
2525 3915 2716 3972 coloni.

2455 4030 2542 4069 11.
2579 4014 2643 4066 In
2668 4011 2951 4083 Aquitania
2987 4009 3168 4064 Galliae
3187 4048 3204 4075 ,
3249 4024 3410 4081 quam
3440 4006 3637 4061 habent
3677 4004 3932 4072 Tarbelli,

2377 4098 2689 4155 aurifodinae
2732 4108 2859 4153 sunt
2911 4098 3152 4152 omnium
3199 4096 3660 4169 prestantissima
3706 4112 3829 4149 nam
3878 4095 3936 4150 in

2377 4185 2650 4240 scrobibus
2672 4184 2944 4259 paululum
2968 4182 3188 4237 defossis
3202 4221 3219 4248 ,
3243 4183 3358 4236 suri
3379 4180 3584 4236 laminae
3601 4180 3938 4253 reperiuntur

2379 4290 2595 4327 manum
2625 4270 2896 4344 implentes
2911 4309 2929 4335 ,
2971 4267 3257 4341 aliquando
3295 4268 3484 4339 exigua
3518 4266 3812 4337 indigentes
3851 4284 3934 4322 re·

2380 4358 2720 4431 purgatione3
2769 4356 3030 4429 reliquum
3065 4363 3300 4409 ramenta
3343 4363 3399 4407 et
3449 4350 3608 4422 gleboe
3646 4361 3771 4406 sunt
3810 4352 3936 4424 ipsae

2381 4460 2594 4516 quoque
2609 4460 2718 4498 non
2729 4441 2953 4496 multum
2966 4440 3141 4514 operis
3154 4437 3526 4494 desiderantes.
3551 4435 3936 4493 Mediterranea

2384 4538 2560 4583 autem
2582 4539 2634 4583 et
2659 4538 2908 4583 montana
2927 4544 3114 4599 agrum
3138 4525 3334 4581 bahem
3357 4524 3642 4582 meliorem.

2455 4642 2544 4684 12.
2579 4624 2837 4681 Universa
2862 4624 2976 4680 hnc
3000 4624 3177 4689 natio,
3221 4638 3339 4695 qua
3365 4620 3562 4677 Gallica
3582 4630 3636 4674 et
3662 4618 3858 4674 Celtica
3882 4630 3935 4673 et

2381 4710 2614 4769 Galatica
2637 4709 2942 4785 appellatur,
2973 4708 3218 4764 bellicosa
3255 4716 3336 4763 est
3359 4716 3414 4761 et
3445 4705 3591 4761 ferox
3637 4716 3693 4759 et
3723 4704 3792 4760 ad
3831 4722 3935 4777 pu·

2380 4814 2536 4870 gnam
2559 4807 2805 4871 prompta
2813 4836 2832 4863 ,
2855 4795 3020 4867 magis
3045 4804 3220 4849 tamen
3246 4792 3474 4865 equestri
3499 4809 3674 4865 pugna
3709 4790 3928 4855 nobilis,

2381 4884 2620 4956 adeoque
2657 4884 2918 4957 optimum
2968 4881 3258 4954 equitatum
3311 4879 3562 4934 Romanis
3609 4875 3930 4950 suppeditat.

2379 4972 2600 5043 Ingenio
2623 4970 2851 5026 candido
2875 4979 3000 5025 sunt
3017 4978 3072 5024 et
3094 4967 3351 5041 simplici,
3373 4979 3427 5022 et
3451 4965 3520 5020 ab
3543 4964 3796 5038 improbis
3819 4982 3936 5018 mo·

740 5030 799 5111 ἐζ
826 5050 887 5110 τὸ
916 5050 1239 5131 διεγερθῆναι
1278 5050 1406 5133 πρὸς
1443 5052 1670 5130 πόλεμον
1713 5051 1932 5131 ἑτοίμως
1956 5050 2290 5129 έρεθίζονται,
2387 5059 2535 5114 ribus
2574 5057 2888 5113 abhorrente
2899 5076 2918 5125 ς
2961 5054 3054 5110 sed
3092 5052 3162 5109 ad
3195 5053 3390 5108 bellum
3433 5050 3752 5106 movendum
3784 5050 3934 5103 facile

742 5273 815 5287 -
838 5244 889 5302 5.
918 5262 975 5317 p.
1011 5246 1131 5315 178,
1154 5247 1311 5299 BCD.
1340 5244 1362 5313 ΙΙ
1392 5273 1465 5287 -
1483 5248 1536 5299 6.
1561 5261 1616 5317 p.
1646 5261 1765 5316 179,
1786 5249 1851 5300 B.
1876 5245 1992 5316 11-
2021 5260 2072 5313 7.
2092 5261 2147 5317 p.
2174 5246 2291 5311 182,

740 5328 814 5377 A.
846 5324 867 5393 ss
894 5352 962 5363 -
985 5326 1038 5378 8.
1070 5341 1125 5394 p.
1167 5326 1287 5389 182,
1323 5326 1482 5379 BCD.
1531 5322 1553 5393 ΙΙ
1584 5352 1657 5364 -
1690 5342 1723 5394 9
1750 5333 1803 5377 et
1831 5340 1913 5378 ιο.
1934 5341 1989 5396 p.
2018 5327 2136 5379 185.
2178 5324 2294 5394 11-

929 5420 1105 5466 αεοοε.
1135 5428 1186 5465 ιι.

2325 5241 2342 5374 Ι
2388 5257 2472 5295 11.
2502 5258 2556 5314 p.
2593 5256 2711 5311 190,
2745 5242 2798 5292 0.
2835 5238 2956 5309 11-
2987 5252 3070 5290 12.
3103 5253 3160 5309 p.
3187 5236 3319 5305 195,
3358 5237 3418 5288 C.
3447 5236 3563 5304 196,
3593 5234 3653 5285 Β.
3689 5231 3817 5300 11-
3844 5226 3929 5282 13.

3715 5406 3772 5451 :ts
