4584 6284
686 500 800 553 192
2101 492 2485 555 muscum

681 624 920 699 partibus
947 644 978 680 a
1005 625 1245 697 Libycis,
1275 626 1370 699 qui
1393 643 1613 681 currens
1640 626 1763 681 solis
1790 624 1858 680 ad
1881 636 2031 681 ortus

681 711 812 767 Siris
837 711 905 766 ab
925 712 1238 787 AEthiopum
1264 713 1477 787 populis
1502 714 1819 786 cognomine
1846 714 2046 781 sertui-3

684 816 898 855 versum
919 800 1149 856 cultores
1168 801 1350 857 Nilum
1378 802 1560 857 dixere
1585 804 1796 876 Syenes.

530 876 651 953 (⁸³⁶)
683 888 826 943 Hinc
850 887 1026 943 boreoe
1047 906 1268 943 currens
1289 886 1356 943 ad
1379 900 1553 961 partes
1571 889 1793 944 flumine
1813 890 1995 962 pingui

539 967 575 1018 2
591 966 656 1017 ¹5
685 974 872 1031 fertilis
893 976 1108 1050 AEgypti
1134 986 1302 1031 terras
1327 974 1576 1032 fecimdat
1601 979 1832 1051 opimas,

685 1072 1010 1136 septenoque
1032 1061 1155 1118 ferit
1170 1062 1416 1119 Pellaenm
1444 1066 1647 1137 gurgite
1667 1076 1907 1139 pontum.

683 1149 810 1204 Non
831 1148 964 1204 alius
984 1158 1192 1204 tantum
1213 1150 1500 1205 fluviorum
1525 1151 1661 1207 ditat
1679 1170 1889 1222 arenas,

686 1246 849 1309 atque
869 1234 1084 1291 trahens
1109 1235 1297 1292 limum
1323 1238 1693 1312 complectitur
1718 1240 1878 1295 ubere
1895 1257 2131 1313 campos.

538 1318 660 1398 (πω)
687 1325 794 1380 Hic
809 1324 927 1379 latis
948 1324 1152 1399 Libyen
1170 1327 1308 1383 Asiae
1333 1326 1668 1383 disterminat
1688 1331 1794 1384 oris
1816 1346 1830 1383 :

545 1407 659 1461 ²20
688 1411 806 1467 haee
827 1422 978 1467 ortus
1003 1412 1200 1479 cernit,
1222 1412 1368 1469 videt
1384 1426 1588 1470 austros
1607 1416 1691 1471 illa
1710 1416 1952 1471 calentes.

687 1501 849 1557 Hune
865 1500 1106 1556 habitant
1118 1498 1272 1574 juxta
1289 1503 1583 1576 sapientum
1601 1503 1761 1559 corda
1779 1505 2011 1559 vimrum
2025 1545 2041 1571 ,

687 1587 997 1663 disposuere
1022 1591 1132 1645 vias
1157 1590 1252 1663 qui
1277 1590 1398 1645 vitae
1423 1602 1598 1645 mente
1623 1593 1824 1664 potenti
1837 1632 1852 1659 ,

536 1662 662 1745 (2³⁶)
687 1686 744 1729 et
767 1676 925 1748 primi
950 1674 1212 1731 dederunt
1238 1676 1411 1731 sulcos
1429 1688 1482 1733 et
1497 1678 1700 1733 semina
1724 1681 1902 1745 terris,

687 1762 932 1836 obliquos
956 1763 1080 1819 solis
1106 1774 1386 1820 metantes
1408 1776 1622 1839 pectore
1646 1782 1850 1821 cursus.

543 1854 658 1907 225
758 1852 964 1933 Horum
993 1850 1191 1907 telluris
1213 1851 1344 1907 fines
1363 1871 1509 1909 nunc
1527 1854 1762 1909 carmine
1781 1852 1954 1909 dicam
1968 1895 1985 1920 ,

533 1926 657 2005 (²⁴⁰)
685 1948 742 1992 et
763 1937 986 1995 sormam
1004 1978 1022 2007 ,
1045 1939 1271 1996 celebrat
1296 1960 1458 2015 quam
1483 1941 1648 2014 gloria
1675 1960 1862 2014 magna
1888 1960 1984 2015 per
2010 1950 2212 2001 orbem.

684 2026 813 2080 Haec
835 2026 996 2098 igitur
1011 2026 1129 2081 latis
1149 2026 1344 2083 diffusa
1364 2031 1582 2101 patescit
1604 2030 1659 2083 in
1687 2030 1824 2085 arvis

685 2110 868 2167 fertilis
888 2123 940 2167 et
960 2130 1214 2186 superans
1239 2112 1364 2169 alias
1389 2114 1710 2189 pinguedine
1734 2114 1911 2189 gleba.

681 2201 1010 2273 Marginibus
1034 2201 1256 2257 laterum
1275 2200 1532 2259 formatur
1552 2214 1607 2259 at
1627 2203 1864 2278 undique
1889 2205 2081 2272 ternis;

537 2277 656 2331 ²3⁰
681 2288 785 2344 lata
803 2288 1020 2363 quidem
1039 2289 1216 2347 boreae
1240 2290 1342 2346 sub
1365 2291 1520 2347 litore
1546 2290 1782 2347 tenditur
1805 2293 1912 2348 oris
1929 2332 1945 2357 ‚

681 2386 762 2430 ast
787 2387 936 2431 ortus
959 2388 1176 2449 angusta
1197 2378 1328 2450 petit
1353 2394 1719 2451 summamque
1743 2380 1944 2453 Syenen
1959 2420 1977 2447 ,

527 2446 649 2527 (²⁴⁸)
680 2480 787 2535 qua
807 2462 928 2519 celsi
955 2462 1184 2519 mediam
1207 2474 1412 2519 montes
1438 2466 1707 2537 utrimque
1735 2475 2004 2534 coercent,

675 2552 863 2624 irrigui
879 2570 976 2625 per
994 2570 1154 2625 quam
1177 2550 1506 2607 descendunt
1524 2552 1745 2608 flumina
1769 2554 1894 2612 Nili.

674 2642 828 2697 Hanc
847 2640 1087 2696 habitant
1110 2640 1352 2697 homines
1379 2640 1527 2695 multi
1552 2642 1852 2716 pariterque
1870 2642 2106 2717 opulenti
2141 2661 2156 2698 :

531 2721 644 2774 285
672 2729 766 2801 qui
787 2730 976 2786 veteris
994 2728 1251 2803 claraeque
1271 2728 1454 2785 colunt
1468 2729 1570 2785 sub
1591 2732 1789 2786 monia
1809 2732 2015 2789 Thebes
2030 2773 2046 2800 ,

669 2833 830 2887 quam
849 2816 1130 2891 perhibent
1151 2827 1364 2872 centum
1385 2828 1566 2890 portas
1584 2816 1828 2873 habuisse
1848 2820 2052 2892 priores
2068 2861 2085 2888 ,

667 2901 809 2959 filius
833 2907 1054 2959 Aurora
1079 2902 1332 2960 Memnon
1355 2922 1460 2976 qua
1481 2922 1643 2975 regna
1669 2904 1895 2963 tenebat.

513 2966 636 3053 (²⁵⁰)
668 2990 772 3043 Hic
795 3000 921 3046 sunt
939 3001 996 3045 et
1019 3001 1222 3064 septem
1248 2990 1440 3045 mediis
1465 2991 1522 3045 in
1547 2989 1745 3046 finibus
1769 2990 1926 3047 urboe
1941 3032 1958 3061 ‚

667 3094 799 3148 quas
823 3075 1050 3131 celebrat
1071 3086 1246 3131 totum
1269 3075 1573 3131 discurrens
1599 3076 1740 3132 fama
1763 3096 1861 3150 per
1883 3078 2098 3147 orbem;

525 3153 640 3205 ²⁴0
669 3172 723 3216 et
747 3162 1054 3234 quicunque
1082 3162 1243 3216 maris
1269 3162 1460 3217 vivunt
1483 3180 1653 3235 prope
1680 3162 1836 3219 litora
1861 3165 2024 3231 vasti,

669 3266 777 3321 qua
797 3248 941 3303 lacus
967 3260 1047 3304 αἱ
1070 3250 1256 3321 ingens
1282 3248 1501 3322 liquidae
1525 3250 1830 3305 Serbonidis
1855 3251 2034 3310 undae.

515 3322 636 3401 (2⁵⁴)
669 3332 758 3388 Ad
782 3332 934 3406 eujus
955 3334 1248 3408 zephyrum
1267 3337 1532 3390 Macetum
1559 3346 1684 3391 sunt
1709 3338 1902 3393 moenia
1927 3341 2064 3411 regis
2079 3380 2098 3406 ,

517 3408 636 3481 (2⁵⁹)
667 3431 724 3475 et
745 3420 946 3477 Pharos
961 3461 979 3488 ,
1003 3419 1250 3477 Idothees
1271 3421 1476 3495 scopuli
1499 3422 1778 3478 Pallenidis
1794 3424 1904 3482 alti.

667 3510 798 3564 Post
813 3507 940 3563 urbs
958 3507 1060 3563 sub
1083 3509 1239 3563 Casio
1270 3508 1441 3564 Pelusi
1466 3510 1635 3581 vergit
1654 3509 1724 3565 ad
1751 3522 1956 3579 ortum,

525 3591 638 3643 2⁴5
669 3598 891 3669 navigiis
916 3598 1145 3672 populus
1170 3596 1322 3653 duris
1347 3615 1508 3673 qnam
1533 3599 1768 3672 possidet
1789 3612 1960 3673 aptus.

667 3685 791 3740 Non
815 3697 990 3741 tamen
1015 3696 1096 3742 est
1121 3685 1316 3759 Libyes
1339 3685 1620 3760 ponendus
1639 3686 1833 3743 finibus
1860 3690 1956 3745 iste
1979 3706 1997 3743 τ

669 3773 870 3829 scilicet
887 3792 1010 3830 eoas
1033 3774 1142 3830 Nili
1169 3775 1263 3848 qui
1290 3776 1526 3830 continet
1546 3793 1695 3842 oras,

665 3861 804 3931 Nili,
831 3880 989 3936 quem
1013 3864 1217 3919 circum
1235 3864 1391 3919 floret
1414 3863 1668 3919 mirabilis
1693 3864 1870 3933 arbor,

668 3952 1057 4025 exstinguitque
1075 3954 1218 4008 sitim
1244 3971 1409 4027 pomo
1429 3955 1515 4009 cui
1537 3972 1736 4010 nomen
1755 3952 1985 4028 adipsos.

523 4029 640 4082 250
737 4040 865 4095 Haec
890 4038 1047 4095 facies
1072 4039 1267 4114 Libyes
1281 4080 1299 4108 ,
1327 4040 1418 4097 bie
1441 4041 1638 4096 claudit
1660 4042 1914 4097 terminus
1929 4042 2093 4098 illam.

511 4114 638 4198 1²0⁰)
665 4128 802 4184 Sunt
825 4138 1002 4183 tamen
1028 4126 1156 4184 buic
1178 4128 1294 4185 aliae
1318 4140 1526 4201 gentes,
1557 4147 1678 4202 quae
1700 4129 1852 4185 litore
1866 4148 2080 4187 summo

664 4214 897 4289 Tethyos
914 4226 1004 4270 aut
1027 4214 1216 4270 mediis
1233 4214 1477 4271 habitant
1499 4214 1696 4271 telluris
1716 4216 1772 4271 in
1793 4219 1930 4272 arvis
1943 4259 1959 4284 ,

665 4313 722 4359 et
739 4314 908 4376 gratas
928 4304 1131 4359 circum
1148 4304 1290 4378 ripas
1304 4303 1601 4361 Tritonidis
1619 4303 1797 4361 unde.

667 4393 918 4468 Hic'lapis
933 4434 949 4462 ,
973 4392 1363 4469 Heeliotropins
1387 4395 1484 4469 qui
1509 4396 1729 4450 nomine
1757 4412 1879 4450 vero

521 4484 639 4536 2⁵⁵
668 4480 883 4550 dicitur,
911 4494 990 4539 est
1015 4500 1031 4539 :
1062 4485 1218 4539 vertit
1240 4484 1418 4540 radios
1443 4502 1569 4539 nam
1591 4483 1716 4539 solis
1732 4524 1748 4551 ,
1775 4485 1830 4538 in
1854 4482 2002 4540 unda

664 4572 711 4624 si
729 4572 849 4643 quis
869 4589 993 4627 eum
1009 4570 1126 4627 fissa
1139 4571 1301 4627 labris
1321 4573 1599 4645 immergat
1617 4574 1788 4640 aenis,

665 4658 1043 4731 sanguineique
1059 4656 1258 4713 rubens
1273 4658 1569 4732 resplendet
1585 4659 1704 4715 luce
1719 4658 1908 4715 coloris
1923 4680 1940 4727 ς

663 4744 854 4817 purior
875 4754 932 4799 at
949 4742 1048 4800 soli
1073 4745 1266 4800 renitet
1291 4743 1519 4800 nudatus
1545 4745 1612 4801 ab
1644 4746 1822 4803 undis.

507 4820 634 4899 (πυ)
736 4831 792 4887 si
811 4831 983 4906 placet
996 4832 1237 4904 Europes
1254 4849 1465 4904 quoqne
1481 4850 1567 4886 me
1584 4832 1682 4887 tibi
1695 4832 1872 4889 dicere
1897 4832 2124 4889 formam
2141 4876 2160 4902 ,

517 4910 634 4962 ²⁶⁰
663 4915 810 4973 haud
827 4929 1050 4976 taceam.
1071 4917 1264 4973 Similis
1283 4917 1462 4991 Libye
1477 4929 1580 4986 αι,
1605 4918 1700 4974 sed
1725 4920 1888 4992 vergit
1904 4918 1972 4975 sd
1992 4932 2166 4976 arctos
2179 4964 2195 4991 ,

661 5002 862 5060 finibus
886 5016 942 5061 et
964 5006 1166 5079 pariter
1184 5004 1426 5060 distentis
1445 5006 1615 5078 pergit
1635 5004 1706 5061 ad
1723 5018 1886 5062 ortus.

661 5092 830 5149 Linea
855 5090 1088 5168 na'mque
1110 5094 1243 5150 Asiae
1267 5094 1450 5149 similis
1470 5092 1724 5166 disjungit
1739 5106 2054 5169 utramque:

503 5164 628 5250 (275)
659 5180 775 5237 haec
793 5184 966 5238 notias
987 5193 1192 5257 spectat
1209 5194 1413 5258 partes,
1437 5184 1696 5256 aquilonis
1711 5194 1766 5239 at
1786 5184 1890 5241 illa.

657 5272 758 5325 Ast
779 5269 959 5326 ambas
989 5288 1150 5325 unam
1171 5271 1218 5326 si
1243 5280 1410 5325 terras
1432 5288 1544 5325 esse
1568 5280 1839 5343 putemus,

509 5354 628 5408 265
661 5355 968 5413 assimulent
993 5374 1192 5412 conum
1219 5356 1444 5413 laterum
1471 5357 1812 5431 compagibus
1838 5358 2028 5430 aequis,

2353 624 2503 697 cujus
2521 624 2591 681 ad
2615 644 2827 681 cccmus
2853 636 2932 681 est
2956 644 3221 681 summum
3238 668 3255 693 ‚
3282 627 3388 683 lata
3412 626 3512 683 sub
3534 638 3677 687 ortu.

2350 714 2437 768 Sic
2456 714 2672 787 Europa
2693 712 2787 769 tibi
2817 712 2951 770 facili
2971 713 3301 785 dignoscitur
3318 726 3449 773 arte.

2422 800 2508 858 Ad
2526 800 2675 874 cujus
2696 819 2963 857 summum
2982 844 2998 867 ,
3019 820 3186 875 prope
3206 814 3371 857 metas
3389 803 3634 859 Herculis
3652 802 3743 859 alti
3757 845 3774 870 ,

2350 889 2693 960 magnanimae
2719 898 2897 958 gentes
2911 928 2927 955 ,
2952 886 3170 944 dederat
3188 889 3308 962 quis
3332 907 3529 944 nomen
3550 889 3737 945 Iberus
3753 929 3770 957 ,

2347 974 2417 1031 ad
2438 978 2664 1051 spatium
2688 977 2913 1032 multum
2938 988 3196 1033 terrarum
3222 996 3349 1032 rura
3376 977 3636 1045 colentes,

2348 1067 2621 1121 Oceanum
2646 1065 2811 1122 boreo
2838 1068 3151 1139 contingunt
3178 1066 3374 1139 frigore
3398 1066 3595 1122 durum
3610 1108 3627 1137 ‚

2346 1165 2752 1228 scrutanturque
2772 1155 2934 1211 decus
2957 1155 3239 1229 pulchrum
3262 1155 3587 1229 sapientibus
3609 1156 3724 1211 auri
3739 1196 3755 1221 ‚

2348 1260 2483 1316 quos
2504 1253 2679 1299 tamen
2700 1242 2847 1299 haud
2867 1242 3095 1299 maculat
3122 1262 3351 1317 presens
3370 1262 3469 1299 nec
3490 1242 3672 1317 dejicit
3691 1242 3911 1311 absens3

2347 1346 2453 1401 qua
2473 1340 2599 1385 sunt
2622 1330 2875 1386 Germani
2900 1329 3117 1385 bellaces
3140 1341 3299 1403 atque
3321 1330 3581 1387 Britanni.

2345 1416 2571 1473 Saltibus
2592 1418 2869 1492 Hercyniis
2892 1417 3175 1473 Germania
3199 1416 3435 1489 subjacet
3460 1429 3611 1473 atrox
3644 1434 3658 1471 :

2240 1522 2249 1533 ·
2346 1503 2459 1559 haec
2479 1514 2625 1575 tergo
2643 1504 2825 1559 similis
2849 1504 3056 1559 taurino
3078 1502 3273 1558 dieitur
3292 1520 3434 1569 ssse3

2344 1602 2401 1646 et
2420 1592 2587 1664 pascit
2609 1591 2847 1647 volucres
2870 1591 3109 1662 (mirum)
3127 1589 3443 1661 fulgentibus
3468 1590 3588 1657 alis,

2344 1680 2464 1752 quis
2484 1678 2707 1735 ducibus
2728 1690 2891 1735 noctu
2912 1689 3199 1735 cernuntur
3223 1678 3360 1733 flexa
3380 1678 3607 1735 viarum.

2343 1766 2636 1838 Pyrrhenes
2650 1766 2891 1839 sequitur
2906 1784 3077 1821 mons.
3106 1768 3233 1822 Post
3248 1764 3395 1819 hunc
3410 1764 3603 1820 Celtica
3620 1763 3773 1819 tellus
3784 1804 3800 1830 ‚

2342 1851 2559 1906 Eridani
2578 1853 2739 1908 iontis
2762 1851 3069 1925 contingens
3094 1869 3252 1906 rauca
3278 1850 3497 1905 fluenta.

2341 1941 2445 1994 Hic
2466 1940 2793 1997 Phaethonta
2808 1958 2967 1996 suum
2985 1958 3117 1995 carn
3141 1939 3320 1995 luxere
3343 1957 3552 1994 sorores
3566 1980 3583 2005 ,

2340 2028 2429 2083 hic
2449 2028 2640 2085 electra
2658 2028 2841 2101 legunt
2856 2027 2987 2084 alnis
3011 2028 3258 2084 stillantia
3280 2027 3439 2083 Celtoe
3448 2070 3469 2101 ‚

2339 2116 2551 2170 succina
2572 2133 2690 2189 qnae
2713 2124 3034 2181 memorant,
3054 2113 3220 2169 mellis
3243 2114 3417 2169 vinive
3436 2114 3614 2170 colore
3628 2154 3644 2179 ,

2337 2220 2458 2275 quae
2476 2201 2646 2276 paleas
2667 2202 2885 2277 rapiunt
2904 2212 3073 2258 tracus
3094 2200 3415 2275 frondesque
3434 2200 3675 2259 caducas.

2402 2292 2535 2345 Post
2558 2288 2657 2345 bos
2679 2288 2973 2363 Tyrrheni,
2998 2306 3133 2362 quos
3150 2286 3305 2361 juxta
3331 2288 3456 2345 solis
3477 2289 3546 2344 ab
3568 2300 3690 2345 ortu

2335 2375 2597 2451 incipiunt
2620 2375 2772 2450 Alpes
2799 2392 2815 2431 ε
2839 2374 3035 2449 quibus
3054 2376 3165 2431 exit
3186 2378 3394 2449 gurgite
3416 2387 3562 2431 vasto

2335 2465 2533 2519 Oceani
2554 2480 2805 2538 rumpens
2827 2463 3049 2535 glacialis
3073 2462 3227 2519 litora
3249 2464 3485 2521 Rhenus.

2334 2553 2494 2607 Hunc
2516 2569 2685 2626 prope
2707 2552 2979 2624 consurgit
3004 2550 3121 2608 fons
3147 2555 3268 2607 Istri
3298 2554 3519 2610 flumine
3540 2553 3725 2627 longo,

2334 2640 2425 2712 qui
2452 2657 2673 2713 poscens
2698 2650 2849 2695 ortus
2872 2640 3068 2695 Euxini
3094 2641 3335 2713 pervenit
3360 2639 3532 2696 undas
3546 2681 3565 2709 ,

2333 2729 2587 2801 irriguam
2606 2731 2811 2785 Peucen
2832 2728 3101 2802 amplexus
3123 2729 3327 2801 gurgite
3350 2731 3537 2803 quino.

2333 2816 2500 2891 Cujus
2520 2817 2589 2873 ad
2616 2829 2819 2874 arctoas
2845 2828 2925 2873 est
2945 2828 3119 2892 partes
3144 2817 3369 2874 barbara
3396 2818 3574 2888 tellus,

2333 2905 2639 2961 innumeras
2659 2914 2837 2977 gentes
2864 2906 3065 2977 gremio
3085 2904 3359 2978 complexa
3380 2904 3630 2970 reducto,

2334 2993 2421 3047 cui
2443 2992 2605 3048 finem
2631 2989 2830 3047 faciunt
2848 2990 3110 3047 Maeotidis
3136 2993 3269 3046 ostia
3291 3003 3467 3047 vastae.

2334 3082 2476 3135 Hine
2496 3090 2621 3135 sunt
2635 3080 2991 3151 Germanique
3010 3089 3212 3146 truces,
3238 3090 3293 3134 et
3316 3080 3551 3135 Sarmata
3578 3080 3741 3135 bellax
3759 3121 3774 3145 ‚

2332 3178 2493 3241 atque
2518 3169 2693 3233 Geta,
2716 3184 2816 3222 nec
2836 3184 2945 3221 non
2967 3169 3229 3222 Bastarnae
3254 3169 3457 3222 semina
3483 3171 3651 3240 gentis
3670 3210 3685 3235 ,

2335 3259 2707 3327 Dacorumque
2733 3272 2947 3322 manus,
2971 3265 3025 3309 et
3050 3256 3237 3310 martia
3254 3266 3470 3327 pectora
3485 3256 3675 3323 Alani,

2334 3354 2493 3416 atque
2510 3346 2749 3398 Dromon
2772 3344 2936 3398 Tauri
2957 3345 3241 3399 retinentes
3260 3343 3411 3399 fortis
3435 3343 3625 3399 Achilli

2333 3441 2613 3503 angustum
2636 3442 2693 3486 et
2710 3431 2927 3503 longum
2943 3470 2961 3498 ,
2985 3432 3246 3487 Maeotidis
3268 3433 3401 3487 ostia
3415 3430 3590 3505 juxta.

2333 3519 2445 3573 Hos
2468 3518 2671 3591 equites
2692 3536 2851 3592 supra
2875 3517 3065 3573 celeres
3090 3516 3391 3573 funduntur
3416 3521 3582 3590 Agaui
3602 3559 3618 3585 ‚

2331 3616 2491 3678 atque
2509 3604 2947 3661 Melanchlaenum
2970 3604 3196 3679 populus
3221 3603 3538 3660 metuendus
3557 3606 3613 3660 in
3636 3625 3793 3677 arcu3

2331 3702 2451 3766 post
2470 3692 2803 3765 Hippemolgi
2821 3702 2947 3747 sunt
2964 3690 3409 3765 Hippopodssque
3432 3703 3672 3765 potentes
3688 3736 3705 3759 ,
3763 3728 3767 3731 -

2331 3792 2489 3853 atque
2506 3780 2741 3838 Gelonus
2761 3798 2881 3835 cum
2900 3782 3087 3835 Neuris
3104 3820 3119 3847 ‚
3141 3782 3378 3854 pictique
3396 3781 3677 3855 Agathyrsi
3704 3800 3718 3837 :

2329 3868 2418 3924 bie
2443 3868 2535 3925 ubi
2552 3866 2823 3924 descendit
2847 3879 3086 3941 porrecta
3111 3869 3452 3941 Borysthenis
3480 3870 3656 3937 unda,

2328 3960 2704 4030 Euxinumque
2726 3957 2869 4013 subit
2891 3959 3021 4013 Criu
3040 3976 3207 4032 prope
3229 3968 3398 4014 tracta
3420 3970 3691 4033 metopon.

2327 4049 2375 4103 E
2400 4048 2613 4119 regione
2630 4045 2773 4120 jacet
2796 4046 2944 4103 locus
2970 4047 3058 4101 bic
3082 4046 3453 4119 Symplegados
3478 4060 3625 4105 artae.

2326 4136 2429 4191 nic
2447 4146 2573 4191 sunt
2593 4135 2802 4191 Ardisci
2823 4153 3035 4208 quoque
3054 4136 3432 4209 Pantiespique
3459 4138 3654 4193 fluenta
3688 4155 3704 4195 ;

2327 4221 2532 4278 dividui
2556 4232 2779 4278 currunt
2799 4222 3027 4295 Riphaeis
3048 4221 3319 4278 montibus
3345 4222 3527 4279 ambo.

2328 4310 2635 4366 Immiscent
2657 4326 2764 4383 qua
2788 4327 2847 4365 se
2868 4311 3023 4366 Ponti
3048 4309 3347 4383 glacialibus
3376 4310 3562 4379 undis,

2327 4399 2559 4455 nascitur
2583 4397 2835 4455 electrum
2856 4396 3166 4473 praefissgens
3188 4399 3307 4455 luce
3330 4401 3549 4467 nitenti,

2327 4506 2507 4544 mense
2527 4486 2660 4543 solet
2678 4488 2856 4562 primo
2882 4488 3051 4562 qualis
3072 4488 3434 4563 splendescere
3460 4489 3603 4546 luna.

2326 4579 2440 4633 Hos
2462 4576 2739 4633 adamanta
2760 4577 2940 4649 legunt
2954 4575 3106 4649 juxta
3132 4576 3293 4633 sortes
3310 4578 3609 4651 Agathyrsi.

2323 4665 2431 4719 Tot
2452 4662 2654 4718 dirimit
2675 4672 2853 4734 genta
2878 4662 3136 4735 aquilonis
3160 4664 3400 4736 partibus
3425 4666 3577 4718 Ister.

2396 4751 2569 4825 Hujus
2589 4750 2656 4806 ad
2676 4750 2925 4806 ausu-ales
2945 4761 3111 4806 terras
3138 4752 3461 4825 Gerrhaeque
3484 4753 3685 4807 seroces
3696 4790 3714 4819 ,

2327 4840 2633 4912 Noriciique
2650 4837 2832 4893 colunt
2858 4836 3074 4893 bellaces
3100 4838 3498 4911 Pannoniique,

2327 4938 2383 4982 et
2405 4926 2542 5000 Mysi
2561 4926 2827 4981 Thracum
2846 4925 3021 4981 boreis
3040 4926 3096 4980 in
3122 4926 3318 4981 finibus
3344 4927 3451 4981 orti
3481 4943 3496 4981 ε

2328 5016 2385 5069 in
2407 5031 2636 5087 quorum
2660 5014 2842 5080 terris,
2858 5030 2989 5086 quas
3012 5015 3167 5070 Ponti
3194 5015 3424 5087 praefluit
3446 5012 3622 5082 unda,

2327 5102 2623 5174 ignipotens
2650 5100 2767 5156 oleo
2788 5100 3075 5156 commixto
3094 5101 3329 5174 gignitur
3348 5100 3513 5155 herba
3525 5140 3542 5165 ,

2244 5230 2256 5244 .
2328 5186 2533 5243 Medica
2552 5187 2639 5242 eui
2664 5204 2857 5241 nomen
2875 5226 2891 5253 ,
2918 5185 3065 5260 cujus
3083 5206 3416 5262 compescere
3440 5188 3679 5242 flammas

2325 5277 2372 5331 si
2398 5276 2517 5348 quis
2547 5292 2682 5348 aqna
2701 5287 2877 5347 cupiat
2891 5314 2909 5343 ,
2938 5276 3056 5349 plus
3075 5276 3250 5348 ignem
3272 5276 3441 5349 pascit
3460 5276 3517 5330 in
3534 5275 3648 5342 illa3

2323 5361 2553 5437 pulveris
2567 5361 2711 5417 hunc
2723 5372 2895 5435 ‚actus
2918 5364 3055 5435 potis
3080 5373 3156 5419 est
3182 5364 3513 5435 exstinguere
3537 5361 3701 5420 solus.

3924 5364 4045 5419 820
