4584 6284
612 487 692 548 llv

617 617 766 679 dere
807 613 1278 699 quodammodo
1322 614 1474 677 licet
1523 613 1834 676 Xanthum
1874 617 2170 694 tanquam

615 703 894 787 priscum
921 700 1288 766 Scamandri
1310 719 1546 765 nomen
1576 701 1655 783 (c.
1677 703 1807 781 13);
1829 705 2178 763 ceterorum

614 811 790 870 vero,
831 810 974 875 quae
1021 791 1101 855 ab
1147 789 1290 854 aliis
1329 788 1562 854 tradita
1613 806 1740 853 non
1783 788 2138 871 accepimus
2156 835 2173 866 ,

619 899 760 961 pars
789 880 993 960 major
1027 880 1176 942 ficta
1223 883 1320 940 est
1361 893 1438 939 ex
1474 882 1622 940 noto
1660 882 1940 940 veterum
1966 894 2172 954 more,

615 989 742 1051 quo
780 968 1070 1032 locorum
1113 963 1578 1047 designationes
1612 963 1874 1048 poeticae
1902 983 2016 1048 pro
2047 963 2181 1048 pri-

614 1054 737 1120 scis
747 1054 1112 1120 nominibus
1127 1051 1402 1136 propriis
1421 1051 1832 1118 venditantur.
1845 1052 1948 1119 Sic
1963 1055 2180 1120 Pacto-

613 1144 711 1208 lus
737 1145 894 1209 olim
923 1142 1292 1227 Χρυσορρόας,
1337 1142 1652 1208 flexuosus
1689 1143 2005 1208 Maeander
2031 1145 2180 1206 Ἀνα-

618 1233 816 1296 ὅαίνων
829 1279 846 1310 ,
861 1233 1081 1297 Phasis
1099 1279 1116 1309 ,
1135 1231 1648 1314 septentrionalis
1671 1230 1913 1308 fluvius,
1935 1232 2179 1315 Ἀρκτοῦ-

617 1347 731 1403 ρος,
771 1321 1037 1404 frigidus
1075 1320 1481 1386 Thermodon
1528 1319 1894 1402 Κρῦσταλλος,
1937 1324 2176 1403 Ganges

617 1410 888 1492 Χλιαρός,
929 1409 1153 1475 Tanais
1181 1409 1512 1491 Ἀμαζόνιος,
1555 1411 1816 1473 Eurotas
1841 1408 2053 1492 Ἵμερος
2083 1413 2101 1492 (
2126 1410 2167 1475 i.

617 1519 680 1580 q.
702 1498 1000 1580 Ἱμιρόιις),
1017 1497 1275 1581 rapidus
1297 1497 1542 1562 Hebrus
1560 1497 1812 1575 Ῥόμὸος,
1842 1498 2172 1580 Sangarius

617 1587 957 1671 Ξηροὸύτης,
969 1586 1250 1668 Alpheus
1276 1592 1506 1650 terram
1531 1584 1785 1650 subiens
1809 1585 2070 1663 Νύκτιμος
2085 1590 2194 1664 et‚‘

617 1684 926 1758 quatenus
963 1692 1077 1758 per
1103 1673 1421 1739 Ladonem
1452 1672 1810 1737 affluentem
1843 1675 2176 1756 Stympha-

615 1763 771 1828 licas
809 1782 1004 1846 aquas
1046 1761 1306 1844 recipit,
1341 1760 1532 1825 etiam
1573 1761 1893 1844 Στύμφηλος
1935 1762 2168 1841 dictus;

614 1851 932 1916 Achelous
957 1851 1272 1914 instestii
1297 1849 1551 1931 regione
1567 1849 1928 1932 inhospitali
1949 1853 2173 1923 Θέστιος

613 1946 677 2004 et
708 1939 929 2012 Ἀξενος.
979 1940 1192 2003 Prisca
1235 1938 1589 2002 fabularum
1619 1937 1926 2003 memoria
1966 1939 2172 2004 effecit

612 2036 685 2093 ut
699 2031 984 2093 Ismenus
1003 2027 1228 2108 Κάδμου
1245 2033 1394 2101 ποῦς,
1407 2028 1678 2109 Marsyas
1696 2045 1842 2092 vero
1857 2027 2004 2090 Μίδα
2019 2030 2165 2108 πηγή

611 2115 768 2180 olim
819 2116 971 2180 dicti
1031 2114 1498 2198 perhibeantur.
1554 2115 1693 2179 Alia
1737 2115 1905 2179 fama
1955 2116 2170 2179 subest

609 2203 946 2270 narrationi
968 2203 1046 2268 de
1073 2207 1405 2286 Strymone
1424 2203 1579 2267 olim
1600 2203 1929 2268 Palaestino
1951 2212 2166 2268 vocato

609 2297 704 2374 (v.
735 2303 866 2358 not.
896 2292 973 2356 ad
1001 2311 1058 2356 c.
1088 2291 1228 2376 11).
1249 2292 1342 2354 Ex
1368 2291 1800 2382 geographicis
1822 2291 2165 2357 rationibus

607 2399 831 2464 parum
859 2380 1166 2445 accuratis
1187 2381 1366 2443 fluxit
1388 2378 1737 2461 Euphrates
1765 2379 1917 2443 olim
1947 2381 2163 2446 Medus

605 2468 810 2534 dictus
830 2469 1014 2551 (sicut
1035 2469 1368 2549 Hydaspen
1387 2466 1632 2530 Medum
1647 2466 1942 2547 Virgilius
1962 2465 2157 2550 dicit),

604 2562 668 2622 et
691 2556 1010 2640 Hydaspes
1049 2555 1201 2619 olim
1228 2554 1447 2630 Indus,
1483 2559 1548 2616 et
1594 2553 1829 2617 Araxes
1857 2554 2009 2620 olim
2047 2557 2160 2618 Ba·

603 2651 774 2710 ctrus
789 2693 806 2724 ,
835 2646 962 2709 sive
991 2643 1162 2726 quod
1182 2648 1402 2706 auctor
1420 2641 1690 2705 Araxem
1711 2659 1826 2724 per
1845 2643 2156 2707 Bactriam

601 2735 729 2799 labi
757 2734 1098 2817 acceperit,
1132 2733 1262 2797 sive
1291 2732 1463 2817 quod
1487 2735 1779 2797 Bactrum
1806 2731 2064 2797 fluvium
2091 2740 2160 2798 et

599 2828 894 2896 Araxem‚
922 2841 1078 2906 quos
1107 2819 1392 2886 nonnulli
1423 2821 1517 2907 (v.
1551 2819 1804 2884 Aristot.
1833 2820 2153 2886 Metereol.

596 2917 655 2988 1,
713 2913 832 2992 13)
885 2909 966 2974 de
1010 2908 1235 2973 eodem
1284 2909 1558 2973 Parnaso
1604 2908 1730 2972 sive
1779 2908 2158 2991 Paropaniso

597 3004 805 3063 monte
837 2995 1068 3061 deferri
1097 2994 1430 3078 putabant,
1473 2994 1542 3058 in
1570 3012 1769 3059 unum
1811 2993 1978 3058 male
2008 3012 2160 3059 con-

595 3087 833 3152 flaverit
858 3086 957 3167 (c.
989 3089 1090 3162 23,
1118 3083 1216 3166 1).
1247 3081 1610 3147 Secundum
1641 3082 1828 3146 aliam
1855 3083 2162 3146 narratio-

596 3193 742 3238 nem
769 3177 873 3256 (ο.
919 3176 1020 3250 23,
1055 3171 1129 3254 3)
1164 3173 1400 3234 Araxes
1429 3169 1584 3234 olim
1611 3169 1874 3233 Halmus
1899 3169 2164 3232 vocaba-

597 3271 718 3326 tur.
763 3265 1041 3339 Quorum
1091 3259 1420 3322 nominum
1452 3257 1698 3339 junctio
1743 3257 1810 3320 in
1844 3256 2162 3321 Thessalia

599 3350 908 3429 occurrit,
936 3348 1046 3412 ubi
1065 3350 1314 3411 Peneus
1340 3346 1495 3411 olim
1515 3349 1746 3409 Araxes
1773 3353 2163 3426 nuncupatus

601 3441 791 3504 ruisse
817 3436 1048 3502 dicitur
1077 3434 1343 3516 (Strabo
1369 3454 1434 3517 p.
1464 3437 1585 3498 455
1617 3433 1720 3496 ed.
1759 3431 1899 3496 Did.
1922 3435 1965 3512 ),
2001 3432 2163 3496 inter

601 3528 770 3592 hunc
796 3523 1065 3586 Araxem
1091 3539 1239 3585 vero
1276 3526 1341 3584 et
1367 3519 1702 3602 Olympum
1733 3524 2010 3582 montem
2045 3518 2162 3582 sita

601 3619 734 3680 erat
756 3611 1104 3695 Minyarum
1133 3608 1285 3671 urbs
1314 3607 1522 3691 Minya
1543 3606 1669 3671 sive
1691 3605 2021 3671 Halmonia
2049 3607 2158 3690 (St.

602 3703 744 3783 Byz.
777 3719 827 3764 S.
849 3719 907 3764 v.
939 3699 1150 3780 Μινύα)
1185 3698 1312 3761 sive
1342 3697 1613 3761 Halmon
1638 3695 1834 3778 (Plin.
1855 3699 1918 3773 4,
1945 3697 2005 3773 8,
2035 3695 2156 3776 15).

599 3791 741 3852 Jam
787 3805 934 3852 vero
984 3792 1231 3850 constat
1281 3787 1346 3848 in
1379 3783 1680 3848 Armenia
1707 3801 1960 3867 quoque
1996 3783 2162 3847 circa

599 3878 870 3940 Araxem
907 3873 1165 3938 fluvium
1205 3872 1560 3956 Minyadem
1589 3871 1897 3936 exstitisse
1929 3871 2021 3952 (y.
2054 3871 2163 3934 Ni-

601 3964 814 4028 colaus
835 3966 1013 4027 Dam.
1047 3963 1125 4026 fr.
1163 3967 1243 4027 ’16
1267 3961 1333 4024 in
1351 3963 1453 4025 Fr.
1486 3961 1643 4026 Hist.
1673 3964 1732 4038 3,
1763 3980 1828 4043 p.
1851 3963 1992 4035 415,
2011 3959 2157 4023 coll.

598 4050 811 4115 Indice
844 4050 1132 4114 strabon.
1165 4069 1217 4112 s.
1243 4070 1303 4115 v.
1334 4047 1538 4131 Bari-s)
1561 4095 1579 4126 ,
1609 4066 1682 4112 ac
1705 4046 1960 4111 omnino
1978 4048 2163 4110 Thes-

599 4140 819 4204 saliam
861 4139 1030 4203 vario
1060 4136 1253 4202 modo
1299 4155 1446 4202 cum
1487 4135 1788 4199 Armmia
1814 4153 1851 4198 a
1879 4141 2027 4199 vett.
2067 4133 2160 4197 hi-

595 4224 841 4290 storicis
887 4225 1230 4308 componi:
1263 4224 1422 4290 adeo
1473 4231 1546 4288 ut
1591 4241 1666 4287 ea
1713 4239 1964 4305 quoque
2016 4241 2158 4305 quae

597 4313 1210 4398 Pseudoplutarchus
1239 4312 1320 4378 de
1348 4314 1554 4376 Araxe
1585 4317 1647 4377 et
1670 4309 1896 4375 Halmo
1932 4311 2151 4389 tradit,

594 4406 872 4472 historiae
911 4404 1104 4468 fundo
1139 4403 1355 4487 aliquo
1384 4402 1499 4467 niti
1525 4401 1708 4466 facile
1749 4400 2151 4465 concesseris.

599 4497 724 4562 Sed
779 4495 984 4559 aliena
1037 4494 1267 4558 iterum
1322 4492 1591 4558 miscere
1643 4494 1867 4556 Noster
1913 4491 2158 4556 videtur

598 4603 656 4650 c.
688 4589 790 4662 24,
809 4582 922 4647 uhi
945 4581 1145 4665 Tigris
1165 4581 1318 4646 olim
1340 4582 1546 4646 dictus
1571 4600 1708 4645 esse
1730 4582 1927 4645 fertur
1949 4582 2155 4646 Sollax

599 4675 752 4757 (qui
809 4678 944 4738 erat
981 4671 1204 4736 fluvius
1244 4671 1312 4734 in
1349 4670 1666 4752 Tigridem
1707 4669 2057 4752 incidens),
2095 4676 2158 4734 et

597 4782 656 4828 c.
688 4767 789 4841 25,
821 4760 932 4825 ubi
959 4761 1184 4825 Indum
1232 4759 1297 4823 fl.
1329 4759 1577 4842 pridem
1621 4757 1886 4825 Mausoli
1924 4775 2152 4822 nomen

595 4851 818 4915 tulisse
846 4847 1064 4914 dicens
1091 4865 1240 4912 eum
1268 4846 1461 4912 Indiae
1491 4847 1678 4912 fluvio
1703 4845 1930 4910 Indum
1961 4845 2154 4911 Cariae

595 4937 973 5004 confuderit.
1013 4940 1141 5002 Nec
1176 4935 1404 5000 melius
1443 4937 1676 5001 hahent
1705 4954 1846 5017 quae
1870 4955 1927 5000 c.
1961 4940 2039 5000 18
2076 4935 2155 4999 de

593 5028 828 5090 Inacho
869 5025 1022 5088 olim
1060 5023 1471 5088 Haliacmone
1515 5023 1823 5106 leguntur,
1888 5041 2156 5107 quorum

590 5117 698 5179 ille
723 5125 927 5198 Argos
953 5113 1404 5196 Peloponnesi,
1426 5113 1533 5176 hic
1553 5117 1747 5194 Argos
1773 5111 2155 5177 Macedoniae

591 5204 984 5287 praeterfluit.
1029 5206 1282 5267 Restant
1329 5220 1532 5286 pauca
1570 5201 1854 5282 nomina,
1886 5219 2151 5286 quorum

1924 481 2500 545 PROLEGOMENA

2218 614 2228 622 '
2265 612 2481 677 Caicus
2516 613 2667 676 olim
2714 615 2986 678 Astraeus
3011 615 3087 696 (c.
3118 619 3241 695 21),
3276 618 3627 698 Euphrates
3661 619 3816 684 olim

2263 701 2608 765 Xarandus.

2343 789 2615 872 Singulis
2690 791 2885 854 ferme
2952 790 3150 855 fluviis
3204 791 3819 877 Pseudoplutarchus

2263 884 2509 942 montes
2533 877 2769 960 aliquot
2796 879 3083 963 apponit,
3119 879 3205 943 ita
3244 887 3459 945 tamen
3502 890 3574 947 ut
3600 904 3818 950 verum

2264 984 2483 1030 eorum
2528 966 2716 1030 situm
2757 984 2977 1049 parum
3018 987 3272 1044 curans,
3320 970 3605 1053 Sipylum
3642 974 3819 1053 Juxta

2260 1053 2669 1132 Maeandrum,
2690 1053 3123 1138 Griumetopon
3136 1056 3313 1138 Juxta
3331 1058 3591 1122 Tanaim
3607 1106 3626 1141 ,
3658 1063 3819 1126 Pan-

2263 1161 2470 1224 gaeum
2505 1143 2683 1224 juxta
2720 1142 2996 1207 Hebrum
3017 1191 3034 1220 ‚
3065 1143 3437 1226 Coccygium
3461 1146 3637 1226 juxta
3680 1152 3821 1212 Ina-

2263 1231 2452 1296 chum
2465 1232 2748 1295 collocet.
2764 1229 3009 1296 Diversa
3018 1231 3298 1313 ejusdem
3312 1234 3542 1298 montis
3562 1237 3821 1302 nomina

2261 1319 2485 1384 iisdem
2543 1317 2818 1400 fingendi
2880 1319 3121 1402 legibus
3187 1321 3489 1400 nituntur,
3532 1342 3688 1405 quas
3753 1325 3819 1390 in

2259 1406 2591 1472 fluviorum
2624 1406 2982 1471 nominibus
3009 1409 3197 1473 modo
3226 1408 3518 1475 vidimus.
3550 1414 3819 1476 Nomina

2261 1495 2567 1560 montium
2619 1495 2870 1561 aliunde
2904 1514 3029 1560 non
3074 1505 3219 1560 nota
3260 1506 3405 1561 sunt
3434 1499 3706 1583 Elephas
3738 1501 3815 1564 ad

2259 1583 2517 1663 Indum,
2551 1586 2815 1651 Anatole
2880 1585 2961 1649 ad
3017 1587 3323 1668 Gangem,
3372 1585 3456 1650 ad
3528 1589 3815 1653 Euenum

2257 1675 2513 1756 Myenus
2529 1720 2547 1753 ‚
2600 1676 2681 1739 ad
2746 1675 3045 1739 Inachum
3120 1676 3454 1740 Athenaeus
3470 1723 3489 1752 ,
3549 1677 3629 1740 ad
3692 1681 3817 1743 Eu-

2257 1762 2541 1846 phratem
2570 1764 2912 1846 Drimylus,
2950 1763 3028 1827 ad
3056 1764 3263 1826 Nilum
3296 1764 3584 1845 Argillus.

2336 1851 2814 1916 Historiunculae
2870 1857 3081 1916 autem
3144 1870 3286 1935 quae
3350 1853 3430 1917 de
3488 1855 3817 1919 nominum

2257 1939 2497 2022 origine
2529 1941 2903 2018 asseruntur,
2928 1940 3085 2006 adeo
3113 1941 3277 2005 inter
3294 1959 3360 2005 se
3390 1941 3627 2006 similes
3646 1952 3811 2021 sunt,

2253 2033 2325 2090 ut
2382 2046 2458 2091 ex
2518 2028 2741 2092 eadem
2794 2029 3064 2112 imagine
3118 2035 3361 2092 tantum
3418 2048 3544 2093 non
3594 2049 3814 2094 omnes

2255 2133 2581 2196 expressas
2608 2133 2745 2179 esse
2775 2112 3027 2179 dixeris.
3058 2114 3310 2178 Scilicet
3337 2115 3542 2192 fluvii,
3578 2115 3631 2178 si
3659 2117 3817 2179 Mar-

2254 2221 2426 2284 syam
2476 2209 2541 2267 et
2586 2203 2903 2285 Tigridem
2956 2203 3309 2286 exceperis,
3362 2221 3582 2266 omnes
3628 2222 3705 2266 ex
3741 2223 3817 2270 eo

2253 2289 2511 2354 nomina
2549 2290 2715 2355 nacti
2763 2299 2937 2371 sunt,
2970 2281 3148 2375 'quod
3206 2291 3495 2354 homines
3556 2291 3816 2373 quidam

2251 2379 2660 2461 cognomines
2687 2397 2817 2462 prae
2846 2396 3110 2443 moerore
3138 2379 3235 2442 vel
3266 2377 3483 2444 dolore
3513 2379 3609 2442 vel
3640 2387 3817 2442 metu

2248 2467 2349 2531 vel
2374 2466 2618 2530 insania
2657 2466 2725 2529 in
2766 2484 2875 2531 eos
2920 2485 2987 2530 se
3034 2465 3396 2547 dejecerint.
3426 2469 3638 2532 Causae
3667 2487 3815 2532 vero

2249 2554 2509 2618 istarum
2572 2553 2977 2618 affectionum
3022 2553 3167 2616 inde
3213 2560 3604 2634 repetuntur,
3639 2555 3811 2638 quod

2248 2649 2425 2724 pater
2460 2641 2659 2705 tiliam
2700 2641 2817 2722 (1),
2849 2640 3017 2704 filius
3052 2647 3315 2705 matrem
3349 2640 3428 2725 (4)
3446 2689 3462 2722 ‚
3488 2643 3680 2706 frater
3709 2662 3815 2706 so-

2244 2747 2455 2794 rorem
2481 2730 2602 2814 (17.
2629 2723 2734 2806 24)
2754 2728 2948 2793 nescii
2978 2734 3370 2812 stupratum,
3398 2728 3567 2792 filius
3594 2731 3812 2794 matris

2245 2836 2461 2884 amore
2516 2818 2748 2883 exarsit
2797 2817 2915 2902 (14)
2967 2818 3065 2881 vel
3118 2835 3400 2882 novercas
3458 2817 3813 2885 libidinosae

2245 2906 2507 2970 insidias
2529 2906 2717 2987 fugit,
2750 2905 2907 2969 alius
2943 2906 3158 2969 Jovem
3193 2923 3339 2967 cum
3371 2906 3617 2969 Junone
3661 2925 3816 2972 con-

2247 2995 2651 3060 cumbentem
2700 2995 2819 3077 (18)
2852 2993 2955 3057 vel
3002 2993 3233 3057 Rheam
3277 2992 3395 3078 (13)
3446 2997 3808 3079 conspexit,

2244 3085 2345 3149 vel
2388 3083 2693 3164 virginem
2720 3080 2952 3146 vitiavit
2988 3083 3069 3165 (8.
3113 3084 3213 3146 20.
3244 3082 3377 3166 25),
3428 3083 3526 3146 vel
3568 3083 3809 3148 caedem

2248 3170 2566 3235 commisit
2590 3171 2672 3252 (δ.
2700 3173 2761 3234 9.
2792 3173 2890 3236 16.
2924 3171 3022 3234 19.
3054 3171 3150 3233 20.
3186 3171 3285 3232 21.
3320 3173 3420 3233 22.
3452 3169 3578 3252 23),
3614 3171 3712 3234 vel
3746 3171 3812 3236 in

2248 3257 2315 3321 in
2356 3259 2521 3322 furto
2566 3256 2991 3340 deprehensus
3021 3257 3101 3340 (7)
3124 3303 3141 3336 ,
3169 3256 3267 3320 vel
3306 3257 3552 3322 cladem
3590 3277 3815 3342 passus

2250 3352 2346 3408 est
2364 3347 2485 3429 (11.
2509 3345 2609 3426 17)
2624 3391 2642 3421 ,
2670 3346 2765 3408 vel
2794 3343 2989 3408 filiam
3013 3345 3341 3410 fratremve
3365 3347 3573 3410 amisit
3594 3349 3677 3430 (6.
3702 3346 3802 3430 19)

2247 3432 2345 3497 vel
2372 3432 2668 3515 mysteria
2682 3431 2911 3515 sprevit
2928 3430 3046 3515 (12)
3056 3477 3075 3511 ,
3093 3433 3192 3496 vel
3213 3431 3450 3497 doloris
3469 3434 3807 3516 impatiens

2247 3518 2365 3582 fuit
2378 3565 2397 3600 ,
2418 3519 2516 3582 vel
2535 3517 2785 3583 Cerberi
2806 3518 3031 3583 latratu
3050 3517 3302 3583 territus
3326 3525 3422 3584 est
3449 3519 3594 3604 (16).
3618 3520 3811 3585 Simi-

2248 3609 2341 3673 les
2366 3608 2751 3674 narrationes
2778 3607 2974 3672 habes
3000 3606 3167 3690 apud
3194 3607 3435 3674 Livium
3462 3613 3541 3676 38
3558 3657 3576 3690 ,
3613 3613 3693 3675 34
3726 3611 3807 3674 de

2245 3695 2402 3762 Indo
2430 3696 2625 3763 Cariae
2643 3745 2660 3771 ,
2694 3697 2857 3781 apud
2899 3697 3286 3763 Eustathium
3322 3698 3422 3783 (ad
3450 3699 3633 3765 Dion.
3666 3702 3805 3779 369)

2248 3785 2327 3847 de
2359 3787 2593 3850 Sarone
2626 3785 2937 3868 Argolidis
2970 3792 3032 3848 et
3054 3787 3289 3850 AEsano
3328 3786 3551 3867 Italiae,
3581 3788 3811 3870 quibus

2249 3871 2453 3936 fluviis
2496 3872 2783 3936 homines
2824 3871 2890 3935 in
2932 3871 3009 3935 iis
3036 3878 3367 3953 pereuntes
3400 3874 3657 3938 nomina
3698 3874 3813 3939 de-

2249 3959 2493 4037 derint3
2543 3959 2624 4025 de
2685 3962 2899 4024 Eueno
2954 3959 3140 4023 fluvio
3194 3959 3419 4024 eadem
3476 3963 3607 4027 fere
3667 3982 3809 4046 quae

2246 4049 2467 4112 Noster
2512 4054 2765 4112 narrant
2820 4046 3237 4130 Apollodorus
3286 4053 3350 4128 1,
3392 4054 3454 4126 7,
3497 4053 3537 4113 8
3586 4056 3651 4113 et
3698 4051 3809 4113 Di-

2247 4135 2469 4218 dymus
2530 4135 2613 4198 ad
2655 4137 2723 4198 Il.
2778 4139 2840 4214 9,
2887 4137 3041 4210 5583
3090 4139 3395 4216 praeterea
3433 4137 3604 4218 apud
3648 4137 3809 4201 anti·

2245 4221 2495 4307 quiores
2536 4221 2869 4304 scriptores
2895 4222 3186 4302 leguntur
3226 4240 3371 4304 quae
3410 4223 3806 4308 Pseudoplu-

2244 4311 2494 4374 tarchus
2515 4310 2593 4374 de
2612 4317 2825 4374 monte
2842 4311 3157 4392 Mycenaeo
3176 4311 3295 4393 (18,
3320 4310 3382 4393 6)
3403 4316 3468 4375 et
3487 4309 3567 4374 de
3583 4314 3805 4377 Haemo

2244 4404 2308 4463 et
2331 4399 2635 4481 Rhodope
2664 4399 2785 4481 (11,
2819 4400 2881 4481 3)
2911 4398 3183 4481 exponit.
3219 4397 3344 4463 Sed
3386 4399 3529 4464 haec
3553 4399 3806 4464 nonnisi

2243 4507 2384 4553 rara
2410 4486 2702 4572 quaedam
2718 4487 2975 4570 vestigia
3002 4487 3305 4553 doctrinae
3333 4495 3597 4566 exstant,
3623 4493 3803 4571 cujus

2243 4576 2459 4644 sedem
2500 4575 2882 4660 praecipuam
2911 4582 2975 4640 et
3002 4576 3179 4661 quasi
3220 4595 3430 4640 arcem
3480 4576 3545 4640 in
3586 4585 3803 4642 nostro

2243 4665 2459 4729 libello
2486 4666 2903 4747 agnoscimus.

2323 4757 2374 4817 E
2400 4753 2716 4837 lapidibus
2762 4750 3013 4816 aliunde
3043 4751 3325 4817 novimus
3369 4751 3599 4815 aetiten
3637 4753 3795 4834 (20),

2243 4843 2629 4925 antipathem
2645 4842 2763 4926 (21)
2790 4849 2854 4905 et
2869 4839 3119 4925 lychnin
3141 4841 3220 4922 (1,
3250 4841 3385 4922 2),e
3406 4840 3631 4922 plantis
3652 4860 3800 4907 vero

2245 4930 2559 4996 leucoium
2612 4929 2692 5015 (8)
2737 4936 2800 4994 et
2851 4929 3290 4993 Prometheam
3344 4927 3450 5012 (5),
3505 4947 3621 4992 nec
3674 4949 3802 4994 non

2241 5019 2522 5083 Thmciae
2552 5019 2862 5100 quandam
2909 5019 3179 5102 plantam
3198 5063 3217 5097 ,
3244 5017 3423 5098 cujus
3448 5017 3688 5082 mentio
3728 5018 3801 5082 fit

2243 5126 2301 5172 c.
2332 5111 2392 5185 3,
2421 5111 2489 5184 33
2522 5107 2761 5190 reliqua
2783 5125 2924 5190 quae
2953 5105 3031 5170 de
3059 5105 3340 5188 lapidum
3360 5112 3425 5168 et
3444 5105 3797 5188 plantarum

2241 5195 2601 5261 nominibus
2611 5213 2952 5278 eorumque
2959 5193 3291 5258 virtutibus
3304 5192 3566 5276 magicis
3575 5196 3797 5257 Noster

591 5290 752 5354 ratio
781 5309 898 5355 nos
926 5291 1107 5368 latet,
1141 5299 1210 5355 ut
1241 5291 1404 5355 Arar
1430 5289 1583 5355 olim
1611 5288 1899 5370 Brigulus
1923 5289 2015 5374 (c.
2041 5289 2149 5365 6),
2245 5283 2461 5366 tradit,
2490 5284 2661 5368 apud
2702 5284 2887 5365 alios,
2915 5292 3215 5368 quantum
3265 5283 3490 5360 sciam,
3525 5299 3654 5346 non
3702 5281 3796 5346 le·
