4584 6284
2038 456 2460 518 ΠΑΡΑΦΡΑΣ
2473 457 2568 516 ΙΣ.

702 588 941 669 τέρματα
965 590 1057 659 τῆς
1083 587 1203 647 καθ’
1219 592 1363 666 ἡμᾶς
1390 585 1661 659 θαλάσσης
1688 586 1781 648 καὶ
1806 592 1901 659 τῆς
1926 591 2015 645 τοῦ
2040 588 2271 647 ὠκεανοῦ
2356 609 2470 664 γος,
2508 585 2634 665 πρὸς
2667 589 2881 667 βορρᾶν,
2925 586 3268 667 παρεκκλίνει
3302 590 3356 649 δὲ
3387 592 3561 671 ὀλίγον
3595 593 3725 676 πρὸς
3750 598 3909 661 ἐσπέ-

702 678 872 756 ἁρχῆς
903 676 1042 754 μέγα
1064 674 1283 736 ἵσταται
1318 680 1533 754 θαῦμα,
1563 676 1651 734 ἰπὶ
1679 673 1748 734 τδι
1773 672 1979 754 ἰσχατα
2004 671 2137 753 μέρη
2168 678 2268 733 τῶν
2361 694 2451 751 Ραν
2480 671 2516 745 ἢ
2565 672 2764 751 δυσμὰς
2811 670 2949 733 κατὰ
3005 674 3094 735 τὸν
3139 676 3409 739 ἷνδόωτθν
3465 681 3681 743 κόλπον·
3730 684 3910 756 {vtum

708 468 823 519 ⁴10

700 763 995 845 Γαδείρων,
1020 763 1108 825 ἰπὶ
1136 765 1226 825 τὸν
1257 763 1461 844 μακρὸν
1487 766 1744 843 πρηῶνα,
1769 762 1889 837 ἤτοι
1916 761 2011 835 τὴν
2037 760 2271 840 μεγάλην
2358 760 2604 843 Ἀδριάδα
2653 762 2702 819 ot
2749 760 3000 841 περίοικοι
3053 759 3144 821 καὶ
3195 760 3383 825 Ἰονίαν
3433 766 3702 829 θάλασσαν
3750 762 3908 836 εἶπον.

700 851 910 933 έξοχὴν,
940 856 1046 912 τῶν
1076 852 1164 911 ἰπὶ
1192 850 1329 912 πολὺ
1362 850 1671 925 διηκόντων,
1702 850 1823 925 ἤτοι
1860 854 1966 910 τῶν
2010 852 2081 918 εἶς
2102 846 2272 908 πολλὰ
2361 850 2452 916 Εἰς
2478 848 2658 915 δισσὰς
2685 848 2741 908 δὲ
2769 848 3024 930 ἠπείρους
3057 851 3430 932 ἀπερεύγεται,
3457 853 3576 928 ἤτοι
3611 859 3683 928 εἰς
3709 858 3802 921 δύο
3825 859 3910 921 τό.

699 940 1119 1021 διεσπαρμένων,
1152 938 1449 1001 Ἀτλάντων
1486 938 1523 1011 ἢ
1550 943 1655 999 τῶν
1695 942 2039 1001 Ἀτλαντικῶν
2078 938 2269 1019 πόρων·

698 1028 831 1091 ὅπου
855 1034 884 1090 ὃ
906 1026 1102 1097 Ἄτλας
1139 1027 1392 1109 μέγιστον
1420 1031 1515 1099 τῆς
1552 1026 1759 1099 Λιὸύης
1786 1026 1900 1107 ὄρος
1933 1028 2003 1093 ὣς
2029 1026 2268 1105 χάλκειος

698 1118 789 1178 καὶ
828 1117 1026 1200 ὑψηλὸς
1053 1115 1183 1177 κίων
1228 1117 1302 1184 εἰς
1333 1114 1550 1196 οὐρανὸν
1591 1113 1854 1199 ἀνέδραμε
1869 1162 1885 1191 ,
1928 1124 2139 1183 πυκνοῖς
2178 1114 2267 1175 καὶ

701 1208 932 1287 ἰσχυροῖς
956 1205 1135 1288 νέφεσι
1155 1202 1576 1282 καλυπτόμενος.

778 1314 943 1355 ου-Ὶο.
987 1291 1183 1374 Ἀρχὴν
1213 1293 1269 1353 δὲ
1299 1292 1624 1371 ποιουμένοις
1649 1294 1777 1369 ἡμῖν
1807 1297 1898 1351 τοῦ
1940 1289 2109 1367 λέγειν
2130 1289 2267 1350 ἰστω

696 1380 840 1451 τάξις
868 1380 1223 1463 αὕτη.(τοῦτο
1249 1381 1354 1461 γὰρ
1374 1377 1842 1459 συνυπακούεται).
1871 1378 1997 1439 Ἀπὸ
2019 1380 2125 1437 τῶν
2157 1379 2269 1440 Γα-

699 1468 918 1551 δείρων,
964 1468 1083 1542 ἤτοι
1150 1467 1475 1550 Ἡρακλέους
1522 1470 1733 1540 στηλῶν
1750 1513 1769 1542 ,
1822 1470 2025 1548 πρῶτος
2090 1464 2184 1544 μὲν
2234 1467 2264 1524 ὁ

699 1556 966 1640 ’Ῑὸηρικὸς
995 1556 1341 1638 περικέχυται
1361 1555 1549 1623 πόντος
1570 1600 1589 1628 ,
1616 1552 1756 1621 ὅστις
1783 1553 1875 1613 καὶ
1898 1558 1991 1626 τῆς
2008 1550 2269 1633 Εὐρώπης

700 1643 794 1705 καὶ
820 1648 918 1717 τῆς
938 1643 1144 1717 Λιὸύης
1165 1641 1394 1725 ὑπάρχει
1420 1639 1577 1723 ἀρχή·
1600 1639 1816 1721 καὶγὰρ
1843 1640 2137 1717 ἆναμεταξὸ
2164 1644 2267 1700 τῶν

702 1731 1017 1815 ἀμφοτέρων
1042 1734 1207 1813 γαιῶν
1227 1729 1596 1811 συστρέφεται.
1678 1731 1749 1790 Αἱ
1778 1730 1831 1789 δὲ
1848 1727 2267 1811 Ἧρακλεωτικαὶ

702 1825 897 1895 στῆλαι
936 1820 1084 1904 παρὰ
1113 1828 1229 1889 ταῖς
1268 1822 1518 1901 πλευραῖς
1562 1819 1721 1878 αὖτοῦ
1759 1818 2076 1891 ἰπίκεινται,
2105 1821 2141 1889 ἡ
2171 1816 2265 1895 μὲν

702 1909 789 1971 ἰπὶ
816 1907 911 1983 τὴν
935 1908 1171 1988 Λιὸύην,
1200 1914 1235 1983 ἡ
1264 1907 1318 1969 δί
1342 1907 1429 1970 ἐπὶ
1448 1907 1544 1983 τὴν
1574 1906 1838 1988 Εὐρώπην
1863 1908 2061 1987 δρῶσα.
2111 1904 2267 1969 Μετὰ
2323 1914 2332 1926 “

699 2006 879 2061 τοῦτον
903 1998 958 2059 δὲ
982 1998 1069 2059 τὸν
1098 1997 1359 2079 Ἰόηρικὸν
1389 1996 1576 2057 πόντον
1603 1996 1901 2077 διαδέχεται
1927 1998 1955 2054 ὃ
1979 1995 2267 2063 Γαλατικὸς

703 2093 837 2172 ῥοῦς,
863 2086 1103 2149 τουτέστι
1132 2092 1168 2161 ἡ
1203 2084 1476 2159 Γαλατικὴ
1510 2084 1781 2161 θάλασσα,
1823 2084 1889 2159 ἣν
1931 2088 2266 2163 παροικοῦσιν

697 2180 749 2238 οἱ
772 2174 1189 2258 Κελτογαλάται.
1270 2174 1379 2255 [οῖ
1397 2171 1500 2254 γὰρ
1523 2174 1577 2233 ἰν
1604 2176 1671 2253 τῇ
1698 2170 1849 2253 Ἀσία
1882 2169 2119 2233 Γαλάται
2155 2175 2257 2231 τῶν

700 2269 926 2328 ἰνταῦθα
966 2262 1177 2325 ἄποικοί
1233 2266 1394 2338 εἰσιν,
1448 2259 1631 2345 ὥσπερ
1676 2260 1769 2320 καὶ
1818 2262 1867 2321 οἱ
1913 2261 1966 2319 ἰν
2003 2264 2069 2340 τῇ
2119 2258 2265 2341 Ἀσίᾳ

698 2353 912 2438 Ἴὸηρες
940 2358 1047 2416 τῶν
1076 2356 1128 2413 ἰν
1158 2352 1325 2435 ταύτῃ
1336 2352 1384 2432 ].
1466 2350 1647 2413 Ὅπου
1675 2349 1817 2423 καὶὴ
1848 2348 2139 2411 Μασσαλία
2161 2352 2230 2427 γῆ
2247 2392 2264 2421 ,

698 2446 816 2519 ἤτοι
852 2446 1032 2519 πόλις,
1069 2440 1333 2520 εὐλίμενος
1348 2488 1367 2521 ,
1413 2440 1573 2523 ὅρμον
1614 2441 1869 2520 περιφερῆ
1914 2436 1949 2510 ἢ
1990 2435 2265 2518 ἰπίδρομον

698 2534 739 2593 ἰ·
764 2555 915 2594 ουσα.

724 2558 933 2684 '‘n-88.
980 2617 1138 2690 Ἑξῆς
1168 2615 1223 2677 δὲ
1256 2613 1394 2694 μετὰ
1435 2614 1524 2676 τὸν
1550 2611 1849 2675 Γαλατικὸν
1876 2612 2072 2673 κόλπον
2114 2615 2150 2685 ἡ
2172 2616 2267 2673 Λι-

692 2706 913 2789 γυστικὴ
960 2706 1203 2767 θάλασσα
1232 2704 1447 2784 σύρεται
1466 2748 1484 2781 ,
1528 2700 1659 2762 ὅπου
1696 2706 1747 2762 οἱ
1774 2704 1879 2762 τῶν
1908 2700 2134 2763 Ἰταλῶν
2162 2700 2265 2761 υἱοὶ

693 2793 975 2864 διαπαντὸς
1002 2792 1091 2854 ἰπὶ
1129 2796 1244 2861 ταῖς
1278 2792 1513 2871 ἠπείροις
1541 2789 1790 2867 νέμονται
1808 2834 1830 2864 ,
1868 2789 2007 2867 μέγα
2045 2788 2151 2849 ἀπὸ
2174 2796 2265 2849 τοῦ

687 2883 879 2955 Διὸςτὸ
902 2882 1094 2964 κράτος
1114 2879 1321 2962 ἔχοντες
1346 2879 1439 2939 καὶ
1468 2877 1641 2958 ἀρχὴν
1668 2876 1950 2957 μεγίστην,
1975 2876 2262 2959 ἀρξάμενοι

690 2972 793 3032 ἀπὸ
817 2978 910 3032 τοῦ
931 2974 1129 3051 βορρᾶ,
1151 2969 1270 3042 ἤτοι
1292 2971 1395 3028 τῶν
1428 2966 1645 3048 βορείων
1667 2970 1865 3045 μερῶν,
1894 2968 1997 3024 τῶν
2024 2964 2263 3026 Ἄλπεων

688 3058 922 3133 δηλονότι
941 3103 958 3132 ,
992 3057 1089 3125 ἕως
1117 3057 1205 3118 ἐπὶ
1242 3055 1339 3129 τὴν
1369 3054 1579 3124 Λευκὴν
1602 3052 1815 3134 πέτραν
1836 3096 1854 3125 ,
1894 3052 2014 3123 ἥτις
2040 3050 2263 3132 ἔσχατον

685 3152 781 3221 τῆς
822 3145 1055 3214 Ἰταλίας
1083 3144 1225 3205 ἰστὶν
1258 3140 1586 3223 ἀκρωτήριον
1628 3140 1719 3199 ἰπὶ
1756 3139 1846 3198 τὸν
1891 3138 2125 3219 πορθμὸν
2169 3143 2264 3211 τῆς

689 3234 965 3307 Σικελίας,
986 3224 1031 3312 ᾧ
1061 3231 1322 3292 ἐπίκειται
1340 3228 1585 3307 Ῥήγιον.
1673 3227 1785 3311 [Τὸ
1814 3230 1871 3288 δὲ
1901 3252 1927 3281 ιι
1951 3230 2219 3299 Αὖσονῆις
2239 3255 2262 3282 ι

689 3321 794 3381 ἀπὸ
814 3320 1041 3388 Αὔσονός
1062 3341 1201 3387 τινος
1223 3316 1485 3398 βασιλέως
1516 3315 1812 3389 ἐκλήθησαν
1833 3318 1881 3376 οὶ
1906 3317 2147 3393 Ρωμαῖοι
2176 3314 2263 3374 οὔ·

689 3434 789 3478 τως
808 3455 825 3485 ,
868 3409 924 3477 ὃς
952 3400 1018 3483 ἦν
1056 3406 1164 3474 υἱὸς
1206 3403 1509 3472 Ὀδυσσέως
1547 3404 1638 3464 καὶ
1676 3403 1941 3486 Κίρκης.]
2026 3401 2187 3475 Ἑξῆς
2210 3401 2264 3462 δὲ

690 3498 825 3577 μετὰ
846 3496 939 3569 τὴν
966 3494 1295 3576 Λιγυστικὴν
1322 3493 1593 3555 θάλασσαν
1622 3492 1685 3553 τὸ
1710 3493 1834 3572 περὶ
1857 3492 2065 3574 Κύρνον
2094 3492 2260 3553 πέλα·

690 3612 778 3668 γος
802 3588 863 3651 τὸ
881 3585 1113 3667 ἁλμυρὸν
1133 3583 1274 3666 ὕδωρ
1298 3583 1535 3665 προχέει.
1619 3581 1754 3645 Ἐπὶ
1776 3582 1947 3665 τούτῳ
1980 3582 2035 3644 δί
2063 3587 2092 3642 ὁ
2117 3586 2264 3665 Σαρ-

692 3676 853 3745 δόνιος
875 3676 1058 3743 πόντος
1080 3674 1249 3736 ἔνδοθι
1285 3670 1601 3754 ἀναόράζει,
1628 3671 1751 3745 ἦτοι
1772 3663 1903 3753 ἦχον
1932 3672 2197 3731 ἀποτελεῖ.

774 3787 936 3828 σι-υι.
978 3762 1133 3827 Μετὰ
1161 3762 1218 3823 δί
1240 3761 1327 3823 τὸν
1350 3760 1635 3843 Σαρδόνιον
1660 3760 1848 3821 πόντον
1877 3765 1973 3834 τῆς
1999 3759 2264 3842 Τυρσηνί·

691 3856 776 3923 δος
804 3860 946 3933 κῦμα
975 3851 1246 3925 θαλάσσης
1284 3848 1391 3909 ἀπὸ
1417 3848 1596 3931 βορέου
1626 3852 1701 3918 εἰς
1739 3850 1883 3910 νότον
1908 3848 2260 3930 παραπέπτα·

690 3962 797 4004 ται·
826 3940 962 4022 μετὰ
982 3940 1038 4001 δί
1068 3940 1130 4001 τὸ
1152 3935 1497 4019 Τορσηνικὸν
1537 3935 1765 4017 πέλαγος
1792 3940 1821 3995 ὁ
1854 3936 2071 4005 Σικελὸς
2094 3935 2261 4019 ρόοςῆ

692 4030 965 4099 Σικελικὸς
992 4029 1183 4093 πόντος
1210 4026 1317 4087 ἀπὸ
1343 4026 1541 4093 δύσεως
1580 4022 1711 4105 πρὸς
1734 4022 1992 4091 ἀνατολὰς
2016 4024 2200 4105 κυρτὸς
2226 4024 2259 4097 ἢ

690 4118 1032 4201 κυρτούμενος
1060 4112 1455 4197 ἐπιστρέφεται.
1537 4112 1861 4193 Ἐκκέχυται
1882 4111 1936 4171 δὶ
1965 4111 2024 4172 τὸ
2046 4114 2261 4173 Σικελι-

693 4206 785 4268 κὸν
813 4206 1065 4285 πέλαγος,
1103 4203 1227 4264 ἔνθα
1258 4202 1355 4280 μὲν
1383 4200 1543 4281 μέχρι
1563 4206 1656 4260 τοῦ
1673 4198 2039 4259 πολυκλύστου
2063 4198 2257 4280 Παχύ-

694 4318 811 4368 νου,
838 4295 967 4376 ὅπερ
1007 4290 1333 4374 ἀκρωτήριόν
1374 4291 1487 4349 ἐστι
1536 4291 1629 4360 τῆς
1679 4286 1961 4360 Σικελίας,
2008 4289 2175 4347 ἐκεῖσε
2206 4282 2259 4345 δί

700 4383 858 4464 μέχρι
884 4388 975 4456 τῆς
995 4384 1265 4461 Κρητικῆς
1288 4378 1479 4459 ἄκρας,
1508 4374 1624 4450 ἥτις
1651 4374 1929 4437 καταπολὸ
1949 4376 2021 4444 εἰς
2047 4373 2145 4447 τὴν
2168 4375 2263 4434 θά-

699 4474 902 4533 λασσαν
930 4470 1185 4543 ἔκκειται,
1218 4468 1365 4549 παρά
1383 4489 1444 4527 τε
1466 4465 1562 4540 τὴν
1586 4466 1731 4547 ἱερὰν
1754 4465 2021 4546 Γόρτυναν
2052 4463 2144 4522 καὶ
2166 4464 2261 4536 τὴν

701 4560 754 4617 ἰν
784 4558 931 4640 μέσῳ
957 4559 1174 4639 ἠπείρου
1217 4557 1462 4636 κειμένην
1501 4554 1742 4616 Φαιστὸν
1774 4564 2147 4635 προνενευκυῖα
2171 4554 2263 4613 καὶ

700 4654 849 4729 κριοῦ
898 4646 1331 4728 παρεμφαίνουσα
1381 4645 1635 4725 κεφαλήν.
1717 4644 1921 4705 Τούτου
1971 4641 2128 4723 χάριν
2174 4641 2265 4701 καὶ

701 4737 877 4817 Κριοῦ
908 4734 1145 4814 μέτωπον
1174 4734 1371 4809 ταύτην
1410 4725 1555 4793 εἶπον
1596 4731 1725 4814 [διὰ
1767 4731 1862 4805 τὴν
1910 4736 2123 4812 κροῦσιν
2173 4731 2265 4791 καὶ

697 4821 799 4895 τὴν
832 4822 1103 4903 ὖπήχησιν
1137 4826 1239 4882 τῶν
1268 4822 1472 4881 ὑδάτων
1490 4828 1536 4895 ].
1582 4819 1903 4883 Ἐκτέταται
1941 4818 1997 4879 δὲ
2024 4818 2085 4879 τὸ
2109 4820 2263 4879 Σικε·

697 4910 847 4972 λικὸν
875 4910 1103 4987 πέλαγος
1131 4910 1218 4970 ἰπὶ
1256 4912 1352 4983 τὴν
1382 4909 1655 4989 Ἰαπυγίαν
1696 4904 1983 4993 [Ἰαπυγία
2022 4908 2078 4969 δί
2107 4907 2262 4978 ἰκλή.

698 5002 765 5072 θη
797 5000 906 5059 ἀπὸ
940 4998 1189 5078 Ἰαπύγου
1217 4998 1419 5079 τινός],
1457 4997 1572 5071 ἥτις
1608 4998 1761 5078 μέρος
1798 4997 1909 5059 ἰστὶ
1950 5001 2047 5071 τῆς
2077 4998 2267 5058 Καλα-

698 5086 872 5167 Θρίας.

776 5197 968 5239 οε-ῐοα.
993 5176 1228 5238 Ἐκεῖθεν
1256 5174 1312 5235 δί
1340 5178 1693 5235 πλατυνθεῖσα
1713 5172 1995 5234 ἰκτείνεται
2012 5174 2268 5256 ἡἈδριὰς

698 5267 878 5346 ἅλμη,
910 5265 1030 5340 ἤτοι
1057 5263 1383 5345 πλατύτερον
1408 5262 1623 5344 σύρεται
1647 5262 1710 5323 τὸ
1752 5262 2070 5344 Ἀδριατικὸν
2100 5265 2265 5324 πέλα-

2356 962 2484 1007 πους
2507 941 2600 1011 τῆς
2623 942 2720 1013 γῆς
2747 937 3013 999 ἰκὸάλλει.
3097 942 3488 1023 Εἰσερχομένου
3515 944 3619 1026 γάρ
3645 970 3780 1017 τινος
3812 974 3913 1011 κα-

2355 1024 2421 1086 τὰ
2450 1024 2542 1099 τὴν
2589 1024 2758 1095 δεξιὰν
2807 1030 2998 1109 χεῖρα,
3038 1025 3068 1088 8
3105 1027 3220 1088 ἔστι
3249 1030 3389 1090 κατὰ
3427 1033 3488 1091 τὸ
3534 1032 3696 1103 δεξιὸν
3737 1036 3910 1118 μέρος,

2357 1113 2592 1197 φαίνεται
2613 1120 2647 1187 ἡ
2676 1115 2940 1197 Ἰλλυρικὴ
2965 1119 3034 1195 γῆ
3049 1162 3066 1191 ,
3090 1121 3126 1189 ἡ
3160 1117 3213 1177 δί
3243 1120 3530 1196 Δαλματία
3558 1124 3664 1181 τῶν
3689 1126 3914 1202 πολεμι-

2355 1203 2604 1264 κωτάτων
2654 1204 2855 1285 ἀνδρῶν
2907 1204 3061 1285 χώρα
3100 1206 3433 1287 ὕπεράνωθεν
3483 1212 3580 1283 τῆς
3629 1208 3914 1294 Ἰλλυρίδος

2355 1296 2468 1370 γῆς.
2549 1291 2644 1354 Ἐν
2675 1292 2730 1351 δὲ
2759 1296 2826 1373 τῇ
2849 1300 3010 1373 σκαιᾷ
3031 1292 3168 1375 χειρὶ
3195 1297 3226 1353 ὁ
3246 1298 3350 1355 τῶν
3374 1294 3662 1375 Ῥωμαίων
3695 1298 3914 1371 ἄπλετος

2357 1380 2448 1439 καὶ
2473 1378 2696 1440 ἰπιπολὸ
2726 1380 3063 1457 ἰκτεταμένος
3104 1380 3286 1458 ἰσθμὸς
3335 1384 3668 1465 διασύρεται,
3713 1388 3832 1461 ἤτοι
3873 1395 3908 1465 ἡ

2356 1468 2555 1529 Ἰταλία
2576 1468 2756 1551 μακρὰ
2783 1466 2874 1528 καὶ
2903 1466 3057 1540 στενὴ
3080 1468 3438 1547 παρατέταται
3455 1518 3475 1551 ,
3502 1473 3605 1535 ὑπὸ
3629 1480 3787 1554 τριῶν
3815 1482 3912 1537 θα-

2355 1558 2564 1618 λασσῶν
2593 1557 2902 1639 περίδρομος
2947 1547 3078 1618 οὖσα
3097 1602 3115 1631 ,
3145 1556 3264 1630 ἤτοι
3309 1561 3638 1643 πανταχόθεν
3667 1588 3914 1646 περιεχο·

2355 1645 2486 1722 μένη
2502 1693 2519 1720 ,
2545 1650 2612 1725 τῇ
2638 1669 2698 1705 τε
2724 1647 2973 1725 Τυρσηνῇ
3009 1644 3100 1706 καὶ
3133 1648 3332 1727 Σικελῇ
3373 1647 3464 1707 καὶ
3489 1653 3557 1729 τῇ
3599 1652 3873 1734 πληθούσῃ
3893 1697 3912 1727 ,

2354 1734 2383 1795 δ
2413 1734 2525 1795 ἔστι
2545 1736 2751 1816 πολλῇ,
2790 1734 3038 1817 Ἀδριάδι.
3124 1731 3370 1808 Ἓκάστη
3401 1735 3456 1795 δί
3495 1740 3667 1798 αὐτῶν
3695 1743 3768 1809 εἰς
3797 1742 3916 1803 ἄνε-

2355 1821 2454 1900 μόν
2483 1845 2601 1882 τινα
2647 1821 2708 1881 τὸ
2745 1826 2914 1904 ῥεῦμα
2957 1820 3326 1903 τεκμαίρεται,
3364 1823 3520 1884 οἱονεὶ
3551 1826 3771 1904 τἐλειοῖ,
3824 1830 3916 1891 καὶ

2354 1911 2449 1983 τὴν
2478 1909 2768 1989 κυματώδη
2819 1910 3020 1981 κίνησιν
3065 1908 3176 1989 ἔχει
3189 1953 3207 1982 ,
3251 1910 3344 1970 καὶ
3386 1914 3422 1983 ἡ
3469 1910 3564 1990 μὲν
3603 1917 3909 1996 Τυρσηνικὴ

2354 1998 2488 2061 νεύει
2516 1999 2604 2061 ἰπὶ
2641 2002 2854 2083 ζέφυρον
2875 2045 2892 2075 ,
2937 2003 2972 2073 ἡ
3014 1997 3071 2059 δί
3117 1996 3314 2075 Σικελῆ
3365 1998 3453 2061 τὸν
3497 1999 3660 2083 ὅρμον
3703 2003 3796 2066 καὶ
3823 2004 3913 2079 τὴν

2354 2087 2512 2164 ὁλκὴν
2539 2090 2649 2172 ἔχει
2675 2088 2764 2149 ἰπὶ
2789 2086 2934 2149 νότον
2950 2133 2967 2162 ,
2993 2091 3027 2160 ἧ
3051 2086 3254 2168 Ἀδριὰς
3277 2088 3333 2149 δί
3359 2090 3447 2149 ἰπὶ
3473 2088 3562 2151 τὸν
3582 2082 3752 2171 εὗρον.

2435 2198 2654 2241 loz-m.
2701 2176 2983 2259 Ὑπεράνω
3011 2178 3066 2237 δὶ
3090 2181 3186 2251 τῆς
3211 2181 3492 2253 Σικελικῆς
3516 2184 3616 2261 γῆς
3639 2183 3669 2240 ὁ
3685 2182 3911 2253 Αιὸυκὸς

2355 2266 2540 2336 πόντος
2569 2265 2628 2327 τὸ
2650 2270 2797 2345 κῦμα
2837 2264 3106 2348 κορύσσων
3130 2266 3222 2327 καὶ
3245 2266 3416 2337 αὔξων
3443 2269 3654 2331 ἕλκεται
3677 2270 3784 2332 ἰσω
3813 2275 3912 2334 An·

2357 2354 2487 2427 6ύης
2515 2356 2587 2424 εἰς
2609 2354 2802 2416 κόλπον
2847 2353 3093 2433 μέγιστον
3110 2400 3126 2424 ,
3176 2354 3294 2427 ἤτοι
3333 2354 3432 2431 τὴν
3467 2356 3650 2441 Ξτέραν
3682 2361 3876 2441 Σύρτιν
3893 2406 3909 2434 ,

2355 2442 2590 2503 τουτέστι
2628 2436 2728 2517 τὴν
2767 2441 2964 2516 νοτίαν,
2991 2442 3315 2525 συστρέφων,
3349 2444 3530 2519 ἥντινα
3567 2445 3660 2507 καὶ
3700 2449 3912 2525 μείζονα

2352 2530 2610 2609 λέγουσιν.
2695 2527 2762 2591 Ἣ
2799 2528 2854 2589 δί
2876 2528 3012 2603 ἄλλη
3041 2528 3226 2609 μικρὸν
3253 2529 3370 2610 ἔχει
3401 2530 3489 2591 τὸν
3522 2532 3708 2614 πόρον,
3743 2536 3914 2593 οὗτο-

2356 2623 2538 2679 σοῦτον
2585 2617 2860 2699 εἶσέχουσα
2879 2662 2896 2692 ,
2935 2616 3027 2675 καὶ
3075 2616 3394 2699 δυτικωτέρα
3435 2619 3791 2701 τυγχάνουσα,
3819 2624 3913 2696 τὴν

2354 2706 2703 2787 πλημμυρίδα
2731 2710 2824 2765 τοῦ
2851 2708 3042 2765 πόντου
3066 2710 3156 2765 τοῦ
3181 2706 3435 2785 Σαρδώου
3459 2707 3552 2767 καὶ
3583 2711 3912 2789 Τυρσηνικῶ

2355 2792 2617 2876 πόρρωθεν
2639 2792 2928 2875 ἐρχομένην
2957 2791 3184 2873 δέχεται.
3269 2793 3458 2863 Οὕτως
3481 2793 3576 2873 μὶν
3601 2786 3767 2870 οὗτοι,
3798 2796 3830 2854 ὅ
3857 2822 3912 2857 τε

2352 2886 2445 2952 τῆς
2472 2882 2704 2961 μεγάλης
2752 2880 3004 2963 Σύρτιδος
3046 2884 3138 2941 καὶ
3179 2884 3274 2953 τῆς
3323 2892 3514 2964 μικρᾶς
3556 2884 3832 2957 δηλονότι,
3869 2888 3915 2945 οἱ

2352 2971 2537 3031 κόλποι
2565 2970 2940 3052 συστρέφονται
2968 2969 3060 3030 καὶ
3086 2974 3299 3051 βοῶσιν.
3384 2972 3511 3033 Ἀπὸ
3540 2972 3596 3033 δί
3620 2977 3727 3033 τῶν
3752 2978 3915 3037 Σικε-

2350 3059 2512 3116 λικῶν
2535 3058 2688 3137 ὀρῶν,
2717 3056 2872 3117 οἱονεὶ
2898 3055 3140 3118 πλέουσιν
3157 3059 3219 3116 ἰκ
3235 3058 3503 3132 Σικελίας,
3525 3057 3610 3119 διὰ
3640 3059 3703 3119 τὸ
3725 3062 3915 3140 μηκέτι

2353 3145 2625 3227 φαίνεσθαι
2650 3145 2717 3205 τὰ
2738 3149 2835 3217 τῆς
2875 3144 3118 3213 Σικελίας
3143 3145 3242 3225 ὄρη
3269 3190 3286 3219 ,
3319 3146 3380 3208 τὸ
3407 3147 3610 3227 μακρὸν
3639 3152 3734 3220 τῆς
3769 3149 3916 3228 Κρή-

2353 3256 2448 3303 της
2481 3231 2569 3292 ἰπὶ
2595 3230 2691 3303 τὴν
2726 3230 2982 3303 ἀνατολὴν
3002 3230 3302 3312 διαδέχεται
3342 3233 3598 3312 πέλαγος,
3635 3234 3794 3316 μέχρι
3821 3240 3914 3307 τῆς

2355 3318 2692 3394 Σαλμωνίδος
2735 3319 2900 3400 ἄκρης
2917 3361 2934 3391 ,
2989 3318 3171 3390 ἥντινα
3220 3318 3281 3378 τὸ
3331 3320 3778 3401 ἀνατολικῶτερον
3821 3327 3914 3394 τῆς

2359 3404 2572 3485 Κρήτης
2617 3404 2936 3487 ἀκρωτήριον
2968 3407 3206 3486 λέγουσιν
3250 3398 3385 3468 εἶναι
3407 3452 3426 3482 ,
3455 3408 3517 3468 τὸ
3547 3410 3603 3469 δὲ
3634 3411 3802 3491 Κριοῦ
3826 3412 3913 3489 μέ-

2353 3517 2526 3556 τωπον
2555 3493 2614 3553 τὸ
2635 3493 2997 3575 δυτικώτερον.

2435 3603 2640 3645 πίε-129.
2683 3582 2792 3644 Δύο
2835 3581 2890 3643 δὲ
2939 3584 3118 3665 ἰφεξῆς
3162 3582 3484 3667 προσωτέρω
3508 3585 3914 3661 πυκνοῦνται,ὃ

2352 3674 2491 3734 ἔστιν
2519 3670 2758 3741 αὔξονται
2781 3671 2872 3731 καὶ
2898 3672 2968 3739 εὶς
2989 3672 3114 3753 ὕψος
3140 3672 3374 3753 αἴρονται
3391 3717 3410 3750 ,
3430 3673 3665 3752 πελάγη,
3692 3674 3911 3749 ὑπὸτῆς

2361 3767 2453 3821 τοῦ
2483 3762 2754 3842 Θρακικοῦ
2787 3764 2952 3843 βορρᾶ
2973 3758 3292 3837 ἐλαυνόμενα
3317 3766 3508 3835 πνοῆς,
3535 3764 3691 3845 ὀρθοῦ
3715 3767 3914 3844 φυσῶν-

2353 3876 2436 3918 τος
2453 3853 2608 3909 αὖτοῦ
2624 3893 2641 3922 ,
2678 3847 2860 3919 ἰπειδὴ
2904 3847 3188 3917 ἰξεναντίας
3228 3857 3402 3909 κεῖται
3431 3852 3628 3913 αὐτῶν.
3713 3852 3827 3924 Τὴν
3857 3854 3910 3913 δὲ

2350 3937 2563 4019 πρώτην
2582 3940 2684 3996 τῶν
2712 3936 2803 3995 δύο
2825 3937 3098 3996 θαλασοῶν
3142 3938 3355 4017 Φαρίαν
3372 3982 3389 4012 ,
3415 3937 3535 4007 ἤτοι
3567 3941 3868 4020 Αἰγυπτίαν
3888 3986 3907 4017 ,

2349 4030 2622 4098 καλοῦσιν,
2652 4023 2740 4086 ἰπὶ
2767 4024 2865 4096 τὴν
2904 4024 3132 4104 ἰσχάτην
3173 4024 3360 4105 ἐξοχὴν
3411 4024 3779 4105 ἰκτεινομένην
3823 4032 3912 4087 τοῦ

2354 4114 2558 4179 Κασίου
2585 4114 2761 4195 ὅρους,
2808 4112 2836 4172 ὃ
2867 4112 3009 4172 ἔστιν
3059 4111 3190 4193 ὗπίρ
3217 4114 3278 4173 τὸ
3322 4115 3628 4189 Πηλούσιον
3675 4116 3804 4196 πρὸς
3847 4120 3914 4195 τῇ

2353 4203 2646 4285 Σερὸωνίδι
2697 4203 2880 4281 λίμνῃ.
2963 4200 3078 4272 Τὴν
3126 4201 3183 4260 δί
3227 4200 3409 4283 ἑτέραν
3460 4203 3752 4277 Σιδωνίαν,
3797 4205 3914 4277 ἤτοι

2352 4291 2628 4356 Φοινικίαν
2645 4338 2662 4367 ,
2687 4290 2948 4371 λέγουσιν,
2991 4285 3124 4349 ὅπου
3148 4293 3177 4350 ὃ
3205 4289 3432 4360 Ἰσσικὸς
3461 4290 3674 4372 ἄπειρος
3699 4290 3734 4363 ἢ
3762 4291 3910 4372 μέγι-

2352 4406 2470 4453 στος
2497 4382 2688 4448 κόλπος
2715 4376 2999 4461 συρόμενος
3024 4378 3113 4438 ἰπὶ
3130 4380 3218 4442 τὸν
3245 4383 3439 4460 βορρᾶν
3469 4382 3521 4448 ἐς
3545 4380 3714 4460 μυχὸν
3736 4380 3912 4461 γαίης,

2351 4472 2470 4545 ἤτοι
2492 4470 2579 4531 ἰπὶ
2603 4469 2696 4541 τὴν
2724 4466 2910 4549 ἰξοχὴν
2950 4472 3045 4541 τῆς
3069 4472 3166 4547 γῆς
3203 4468 3238 4541 ἢ
3265 4468 3354 4527 ἐπὶ
3379 4468 3479 4541 τὴν
3505 4468 3791 4548 παραλίαν,
3819 4468 3913 4547 μέ-

2351 4585 2442 4643 χρι
2464 4564 2557 4631 τῆς
2581 4559 2750 4619 Ἰασοῦ
2770 4556 2972 4626 πόλεως
2995 4556 3090 4631 τὴν
3119 4561 3223 4617 τῶν
3261 4558 3498 4619 Κιλίκων
3527 4557 3710 4638 χώραν
3745 4580 3916 4638 παρα·

2355 4648 2548 4726 μείὸων
2579 4646 2841 4726 διέρχεται
2859 4689 2876 4718 ,
2900 4646 2958 4703 οὗ
2982 4644 3248 4727 πόρρωθεν
3269 4646 3366 4722 μὲν
3393 4644 3532 4705 κατὰ
3559 4643 3628 4705 τὰ
3649 4645 3757 4705 ἄνω
3778 4642 3910 4725 μέρη

2352 4736 2423 4797 ὢν
2447 4734 2746 4814 ἰσόδρομος,
2771 4730 2890 4792 οὐδὲ
2919 4731 3090 4793 διόλου
3119 4733 3205 4792 ἰπὶ
3227 4734 3318 4793 τὸν
3351 4737 3545 4815 βορρᾶν
3579 4736 3666 4793 ἰπ’
3715 4731 3913 4801 εὐθείας

2353 4824 2649 4910 φερόμενος·
2683 4818 2906 4894 πλησίον
2931 4820 3033 4900 γὰρ
3060 4825 3153 4892 τῆς
3188 4824 3292 4882 τῶν
3336 4820 3570 4883 Κιλίκων
3607 4826 3706 4899 γῆς
3725 4822 3914 4899 καμπῇ

2356 4910 2681 4993 μελαγγείῳ,
2721 4911 2841 4984 ἤτοι
2872 4912 2938 4987 τῇ
2981 4908 3203 4987 μελαίνῃ
3239 4909 3402 4969 αὐτοῦ
3432 4912 3738 4988 συστροφῇ,
3785 4910 3913 4967 ἄπο·

2357 4997 2600 5059 παύεται.
2681 4995 2857 5057 Ὅταν
2898 4994 2998 5075 γὰρ
3044 4998 3110 5074 τῇ
3167 4996 3383 5075 Κιλικία
3437 4996 3664 5073 ἰπιὸάλῃ
3683 5040 3700 5068 ,
3753 4994 3912 5051 πάλιν

2357 5087 2445 5146 ἰπὶ
2464 5084 2606 5143 δύσιν
2637 5086 2917 5163 ἀναχωρεῖ,
2938 5080 3030 5141 καὶ
3049 5082 3145 5154 τὴν
3167 5085 3396 5165 στροφὴν
3432 5084 3542 5143 ἰκεῖ
3567 5082 3916 5155 ποιησάμενος

2358 5172 2446 5233 ἰπὶ
2466 5171 2554 5231 τὸν
2578 5172 2790 5255 ζέφυρον
2822 5170 3033 5232 ἰκπτύει
3061 5170 3156 5242 τὴν
3185 5171 3480 5232 θάλασσαν.
3617 5169 3807 5250 [Ἐπεὶ
3836 5170 3912 5248 μὴ

2359 5262 2480 5323 κατ’
2503 5260 2620 5323 εὗθὸ
2650 5258 2900 5344 φέρεται,
2931 5258 3010 5320 διὸ
3031 5260 3120 5319 καὶ
3142 5258 3279 5320 κατὰ
3304 5259 3398 5334 τὴν
3427 5260 3642 5340 ἰρπυσιν
3668 5258 3914 5340 δράκοντι
