4584 6284
660 442 774 494 638
1843 433 2647 504 PSEUDOPLUTARCHUS

654 564 774 645 περὶ
796 568 897 625 τῶν
919 562 1334 642 συμὸεὸηκότων
1355 567 1383 622 ὁ
1408 563 1655 644 βασιλεὺς
1679 565 1776 638 τὴν
1796 565 1899 642 μὲν·
1921 568 2213 652 ἐνεδρεύσα·
2297 582 2619 652 contigerant
2638 584 2950 656 compertis,
2981 602 3143 640 anum
3167 605 3286 660 quae
3325 589 3541 645 insidias
3576 594 3675 664 ipsi
3698 611 3850 665 para-

652 675 749 712 σαν
791 653 945 715 αὐτὸν
979 658 1144 732 γραῦν
1173 656 1347 720 ζῶσαν
1378 652 1700 732 κατέχωσῑν·
1738 651 1833 724 *ἢν
1861 653 1917 714 δὲ
1959 657 2212 737 θυγατέρα
2300 679 2462 734 verat,
2491 669 2659 722 vivam
2683 670 2884 741 sepeliri
2899 669 3057 741 jussit
3082 684 3153 740 et,
3180 673 3287 730 filia
3312 677 3367 730 in
3391 695 3601 732 crucem
3624 679 3847 746 sublata,

650 740 955 822 σταυρώσας
988 739 1074 798 διὰ
1114 738 1284 810 λύπης
1331 737 1631 819 ὑπερὸολὴν
1678 739 1884 819 ἔρριψεν
1913 741 2094 800 ἑαυτὸν
2144 745 2214 808 είς
2298 770 2403 823 prae
2438 771 2655 807 maerore
2679 766 2915 809 extremo
2940 774 2997 810 se
3028 760 3349 832 praecipitem
3374 761 3524 817 dedit
3548 765 3602 816 in
3626 765 3851 819 fluvium

648 827 886 905 ποταμὸν
913 825 1102 899 Ἰνδὸν,
1131 824 1186 895 ὃς
1205 824 1301 884 ἀπ’
1324 826 1485 884 αὐτοῦ
1513 822 1792 897 Ὑδάσπης
1816 828 2210 904 μετωνομάσθη·
2296 836 2486 891 Indum
2503 879 2519 902 ,
2552 841 2643 910 qui
2670 839 2736 893 ab
2762 857 2826 895 eo
2851 852 3029 912 postea
3054 843 3421 900 denominatus
3446 859 3527 902 eet
3551 849 3845 922 Hydaspes.

647 913 762 974 ἔστι
805 914 860 974 δί
904 919 998 989 τῆς
1034 911 1229 981 Ἰνδίας
1273 915 1525 980 νεανικῶς
1564 912 1983 994 καταφερόμενος
2013 916 2086 984 εἰς
2116 915 2210 989 τὴν
2298 923 2506 976 Flavius
2533 923 2620 978 hic
2642 943 2707 978 ex
2722 925 2873 979 India
2896 943 3081 1000 magna
3106 946 3231 984 cum
3254 931 3583 987 vehementia
3610 932 3848 990 defertur

647 1001 954 1082 Σαρωνικὴν
985 1000 1202 1082 Σύρτιν.
2297 1010 2351 1064 in
2378 1012 2569 1083 Syrtim
2596 1013 2961 1069 Samniticum.

727 1109 776 1151 2.
819 1093 1077 1153 Γεννᾶται
1113 1087 1169 1148 δὲ
1202 1089 1255 1146 ἰν
1286 1089 1433 1170 αὐτῷ
1470 1085 1609 1156 λίθος
1648 1085 1828 1167 λύχνις
1862 1087 2200 1166 καλούμενος.

644 1175 938 1250 Ἐλαιώδης
965 1177 1021 1236 δέ
1049 1178 1192 1236 ἐστιν
1221 1179 1292 1255 τῇ
1316 1175 1456 1256 χρόᾳ
1493 1173 1584 1233 καὶ
1610 1175 1784 1245 ζεστὸς
1805 1174 1962 1235 πάνυ·
1991 1179 2208 1253 σελήνης

645 1263 699 1324 δὶ
724 1264 1009 1344 αὖξομένης
1037 1262 1339 1344 εὑρίσκεται
1362 1263 1489 1344 πρὸς
1525 1263 1782 1344 μελῳδίαν
1803 1265 2001 1325 αὐλῶν·
2028 1269 2208 1348 χρῶν-

643 1375 732 1413 ται
759 1355 814 1414 δὲ
842 1356 985 1435 αὐτῷ
1011 1355 1063 1413 οἱ
1088 1354 1142 1412 ἔν
1171 1352 1330 1434 ἐξοχῇ
1363 1352 1728 1432 τυγχάνοντες.

721 1463 767 1503 ³.
811 1441 1130 1523 Εὖρίσκεται
1151 1440 1208 1500 δὲ
1234 1443 1392 1500 αὐτοῦ
1421 1440 1568 1521 παρὰ
1609 1439 1701 1508 τὰς
1740 1438 2062 1518 καλουμένας
2087 1443 2204 1502 Πύ-

641 1532 738 1598 λας
780 1529 976 1609 βοτάνη
1019 1527 1311 1608 παρόμοιος
1354 1528 1698 1609 ἦλιοτροπίῳ·
1749 1525 1943 1602 ταύτην
1986 1529 2203 1608 λειοτρι-

645 1617 857 1683 ὄοῧντες
874 1617 952 1696 τῷ
969 1616 1121 1696 χυλῷ
1137 1622 1243 1681 τοῖς
1261 1615 1524 1693 καύμασιν
1545 1613 1839 1694 ἀλείφονται
1855 1611 1946 1672 καὶ
1960 1612 2199 1694 φέρουσιν

644 1702 924 1769 ἀκινδύνοις
933 1705 1027 1774 τῆς
1040 1699 1408 1784 περισσοτέρας
1429 1698 1713 1781 θερμασίας
1723 1699 1817 1772 τὴν
1832 1697 2194 1777 ἀναθυμίασιν.

726 1812 776 1853 ε.
817 1793 890 1853 Ol
907 1789 964 1850 δὲ
987 1787 1228 1872 ἔγχώριοι
1249 1789 1345 1859 τὰς
1363 1789 1560 1856 άσεὸῶς
1588 1789 2036 1870 ἀναστρεφομένας
2058 1809 2201 1868 παρ-

647 1883 822 1952 θένους
864 1890 1102 1964 σταυροῖς
1127 1881 1556 1964 προσηλώσαντες
1600 1883 1674 1948 εἰς
1703 1879 1857 1940 αὗτὸν
1894 1880 2194 1960 βάλλουσιν,

646 1976 716 2056 τῇ
743 1975 888 2053 σφῶν
907 1969 1161 2052 διαλέκτῳ
1186 1968 1275 2029 τὸν
1302 1968 1598 2051 Ἀφροδίτης
1619 1967 1778 2048 ὕμνον
1804 1967 2036 2052 ᾅδοντες.
2075 1970 2200 2029 Κα-

641 2059 949 2145 τορύσιιόιοσι
989 2057 1045 2120 δὲ
1079 2061 1196 2120 κατ’
1233 2057 1464 2119 ἐνιαυτὸν
1498 2064 1661 2140 γραῦν
1707 2057 2018 2137 κατάκριτον
2058 2054 2204 2136 παρὰ

639 2238 885 2312 qumvis
925 2237 1180 2293 uniam-soe
1215 2237 1495 2310 scriptum·
1529 2254 1668 2311 soepe
1707 2236 1941 2293 Mediam
1987 2246 2191 2289 vocam.

637 2319 758 2370 Jam
781 2326 984 2372 constat
1003 2315 1217 2371 Carhim
1230 2352 1251 2382 ‚
1276 2331 1436 2387 quem
1466 2316 1638 2369 minus
1664 2325 1804 2369 recte
1825 2313 2063 2369 AEthicus
2085 2317 2192 2371 Aru

640 2393 769 2458 him,
791 2393 1100 2450 Ptolemaeus
1118 2409 1243 2447 vero
1259 2392 1487 2450 Arabim
1511 2403 1725 2457 vocant,
1747 2391 2064 2446 hodiernum
2083 2409 2192 2446 esse

639 2475 702 2528 K
701 2483 877 2527 armat
894 2471 1110 2527 fluvium
1121 2508 1139 2537 ‚
1164 2471 1256 2543 qui
1276 2471 1469 2525 ostium
1491 2470 1648 2525 habet
1669 2473 1726 2526 in
1744 2469 1966 2526 Carhide
1983 2470 2192 2541 regione

635 2547 901 2604 Gedrosiae
933 2547 1084 2620 (vid.
1115 2557 1246 2603 tom.
1282 2565 1334 2620 1,
1360 2565 1418 2620 p.
1448 2546 1550 2613 344
1581 2548 1740 2621 not.).
1768 2547 2011 2602 Proxime
2034 2547 2102 2602 ab
2125 2566 2189 2604 eo

631 2644 810 2682 versus
829 2644 1069 2682 occasum
1081 2627 1136 2681 in
1168 2625 1454 2700 (Ptolemaei
1481 2631 1535 2692 6,
1567 2630 1622 2694 8,
1653 2627 1708 2701 8)
1735 2626 1922 2683 tabulis
1957 2644 2206 2706 sequitu·-

633 2715 724 2760 tur
749 2706 801 2760 αί
833 2704 1094 2780 Ὕδριάκου
1119 2708 1348 2778 ποταμοῦ
1374 2704 1594 2762 Ικὸολαί.
1620 2708 1898 2779 Pei-peram
1931 2704 2006 2760 ibi
2043 2706 2186 2761 Wil-

625 2781 836 2855 bergius
871 2803 902 2838 e
950 2782 1220 2840 codicibus
1262 2784 1526 2840 nonnullis
1565 2787 1774 2859 scripsit
1824 2785 2150 2857 Καυδριάκους
2163 2825 2180 2850 ,

629 2881 792 2936 quum
819 2863 1078 2935 vulgatam
1113 2861 1392 2917 lectionem
1436 2863 1650 2917 firment
1688 2863 1985 2917 Marcianus
2021 2865 2184 2918 Hera-

625 2943 786 2999 cleota
819 2943 970 3017 (tom.
1003 2960 1051 3010 1,
1076 2961 1134 3016 p.
1166 2943 1294 3012 532)
1321 2954 1376 2996 et
1400 2944 1711 2998 Ammianus
1734 2943 2066 2998 Marcellinus
2091 2944 2178 3011 23,

626 3025 676 3088 6,
705 3024 794 3088 48.
820 3023 1012 3078 Verior
1038 3033 1214 3077 tamen
1245 3023 1476 3075 nominis
1507 3021 1680 3076 forma
1721 3021 1877 3077 suerit
1906 3018 2174 3092 Ὑδράκης,

623 3099 767 3172 quod
789 3111 1036 3172 tanquam
1059 3117 1254 3154 nomen
1289 3098 1607 3154 Gedrosium
1631 3117 1695 3154 ex
1715 3101 1955 3156 Nearcho
1995 3103 2055 3156 in
2086 3105 2184 3160 Ar-

620 3180 754 3237 rian.
781 3178 900 3234 Iud.
932 3195 1020 3248 27,
1052 3196 1116 3232 ιο
1144 3179 1220 3251 (ν.
1246 3189 1377 3233 tom.
1413 3197 1460 3245 1,
1483 3199 1538 3252 p.
1560 3180 1690 3248 346)
1712 3181 1956 3234 novimus
1970 3190 2024 3235 et
2037 3179 2180 3252 quod

617 3257 832 3330 propius
879 3257 1078 3313 accedit
1094 3256 1163 3311 ad
1184 3257 1513 3332 Hydra-rpem
1537 3259 1914 3333 Cosmographi
1929 3260 2180 3326 Rom-1235

621 3353 687 3390 ex
713 3333 986 3410 ,Hydra-spe
1023 3334 1214 3390 deinde
1239 3345 1396 3390 natus
1420 3346 1501 3391 est
1525 3335 1809 3411 Hydaspes
1835 3336 2072 3408 Virgilii,
2097 3338 2186 3393 Ε-

620 3415 746 3469 thici
765 3455 780 3479 ‚
817 3414 1112 3488 Geographi
1153 3417 1491 3472 Ravennatis.
1545 3416 1760 3471 Fluvius
1797 3415 1886 3471 hic
1917 3417 1975 3472 in
2011 3418 2183 3473 sinum

622 3495 732 3550 exit
755 3495 847 3567 qui
873 3494 1014 3570 apud
1051 3495 1392 3552 Ptolemaeum
1435 3496 1684 3570 Παράγων
1714 3507 1934 3552 vocatur
1969 3498 2184 3552 nomine

619 3575 878 3648 permiro,
901 3573 1049 3648 cujus
1072 3576 1206 3630 ratio
1233 3593 1332 3630 nos
1359 3575 1501 3632 latet.
1526 3579 1592 3632 In
1614 3575 1844 3633 eundem
1867 3595 1992 3632 vero
2007 3577 2182 3634 sinum

619 3671 786 3726 quum
819 3657 977 3709 Sao-us
1013 3673 1222 3728 quoque
1251 3655 1498 3725 (Salat-us
1535 3675 1650 3713 var.
1677 3656 1740 3726 1.)
1766 3656 1958 3712 fluvius
1997 3664 2148 3716 exeat
2161 3699 2178 3727 ,

619 3731 766 3790 facile
791 3731 1106 3806 intelllgitur,
1129 3733 1404 3807 quomodo
1431 3733 1620 3792 Noster
1641 3735 1925 3809 Hydaspen
1949 3736 2006 3790 in
2031 3737 2182 3792 Saro-

616 3811 789 3871 nicam
815 3811 988 3886 Syrtin
1026 3811 1220 3871 deferri
1256 3811 1434 3868 dicere
1455 3815 1716 3887 potuerit,
1760 3813 1925 3871 modo
1949 3814 2180 3888 largiaris

613 3890 763 3964 juxta
797 3892 952 3965 Σάρος
993 3891 1218 3952 formam
1247 3894 1504 3949 exstitisse
1549 3893 1766 3950 alteram
1807 3894 2006 3968 Σάρων,
2034 3893 2180 3967 cujus

615 3972 844 4028 nominis
868 3971 1087 4030 fluvium
1112 3990 1210 4045 per
1235 3990 1422 4045 agrum
1448 3974 1786 4029 'lroezenium
1806 3975 1863 4030 in
1885 3976 2063 4029 sinum
2081 3977 2173 4030 s·-

616 4050 854 4104 ronicum
891 4049 1190 4108 effluentem
1217 4062 1598 4107 commemorat
1621 4053 1928 4107 Eustathius
1960 4051 2029 4108 ad
2054 4055 2180 4106 Dio·

613 4145 728 4199 nys.
741 4132 844 4194 420
859 4145 917 4201 p.
937 4132 1063 4200 294.
1079 4131 1277 4201 Reapse
1289 4139 1464 4184 autem
1477 4131 1730 4185 Nostrum
1749 4149 1874 4185 cum
1888 4129 2054 4185 Indiae
2071 4131 2178 4202 Hy-

615 4205 775 4280 daspe
794 4206 1013 4262 alterum
1032 4208 1177 4262 hunc
1206 4209 1417 4264 Arianae
1437 4209 1722 4283 Hydaspen
1753 4211 2134 4282 conglutinasse
2146 4250 2162 4277 ,

613 4302 724 4342 nou
737 4302 860 4340 vero
871 4285 1128 4359 Hydaspis
1149 4304 1342 4344 nomen
1366 4285 1434 4343 ad
1450 4298 1626 4344 totum
1640 4287 1758 4343 Indi
1771 4306 1988 4344 cursum
2006 4300 2167 4344 unns-

613 4363 790 4420 tulisse
804 4404 820 4431 ,
842 4362 898 4418 id
925 4363 1002 4419 vel
1023 4382 1088 4418 ex
1113 4383 1176 4420 eo
1194 4363 1401 4436 colligas
1422 4365 1568 4438 quod
1586 4365 1656 4422 de
1669 4366 1808 4422 Indo
1825 4365 1962 4421 iufra
1985 4365 2056 4438 (c.
2079 4367 2172 4437 25)

609 4443 828 4498 seorsim
845 4459 1016 4497 sermo
1039 4443 1346 4498 instituitur.
1365 4447 1540 4517 Ipsam
1558 4443 1789 4518 denique
1809 4445 2169 4500 confusionem

607 4523 664 4574 iu
692 4521 939 4576 helluone
965 4523 1065 4577 isto
1090 4541 1248 4579 nemo
1268 4523 1507 4578 miretur.
1535 4525 1830 4579 Gemellum
1855 4522 1968 4595 ejus
1986 4542 2161 4578 exem-

606 4602 753 4673 plum
776 4601 937 4657 habes
953 4601 1010 4656 in
1022 4602 1088 4656 iis
1106 4619 1222 4674 quoe
1237 4619 1287 4659 c.
1307 4604 1374 4656 25
1393 4595 1460 4657 de
1471 4601 1611 4656 Indo
1628 4601 1755 4656 olim
1773 4602 2006 4656 Mausolo
2023 4601 2167 4657 dicto

605 4680 870 4752 leguntur,
896 4680 992 4737 ubi
1011 4681 1232 4736 Mausoli
1253 4699 1445 4736 nomen
1468 4700 1533 4737 ex
1558 4682 1710 4737 Caria
1725 4721 1742 4746 ,
1769 4699 1886 4753 quae
1911 4683 2022 4754 ipsa
2040 4697 2170 4752 quo·

603 4777 710 4832 que
724 4758 922 4816 Indum
944 4761 1166 4816 fluvium
1188 4759 1428 4829 habebat,
1450 4766 1506 4816 {n
1523 4760 1733 4817 Indiam
1753 4759 2058 4815 translatum
2070 4770 2163 4816 est.

672 4844 703 4909 S
726 4857 783 4898 2.
811 4839 1008 4914 λύχνις]
1052 4865 1077 4890 ι
1109 4843 1316 4896 Locum
1339 4851 1577 4896 nostrum
1617 4849 1958 4914 respexerunt
1985 4837 2163 4912 Lydus

601 4917 671 4972 de
694 4935 864 4976 mens.
895 4919 949 4986 3,
976 4922 1041 4985 83
1069 4921 1253 4976 Anon.
1277 4920 1334 4973 in
1360 4920 1594 4976 Boisson.
1625 4923 1731 4974 An.
1761 4937 1839 4991 gr.
1874 4935 1924 4984 1,
1951 4937 2010 4993 p.
2031 4923 2164 4990 4173

600 4997 789 5071 Glycas
812 4995 1008 5053 Annal-
1038 5013 1090 5067 1,
1109 5015 1166 5071 p.
1193 4999 1282 5064 88,
1309 5018 1364 5070 9.
1397 5024 1420 5046 ι
1453 4999 1735 5057 Haaonaa.
1772 4997 2163 5072 ΙΙ-ζλαιώδης]

602 5075 883 5131 Oleaceum
904 5074 1160 5143 colorem,
1182 5094 1342 5149 quem
1367 5078 1422 5132 iu
1437 5075 1708 5132 sandastro
1725 5095 1930 5149 gemma
1952 5077 2168 5133 ardente

599 5156 797 5211 Plinius
821 5155 910 5226 37,
931 5172 1022 5227 29,
1056 5158 1088 5225 S
1115 5172 1214 5211 102
1237 5157 1403 5224 novit,
1441 5159 1498 5212 in
1529 5157 1770 5230 lychnide
1799 5175 1906 5211 non
1942 5175 2168 5212 comme·

603 5245 773 5290 morat
788 5276 804 5302 ,
833 5233 928 5290 sed
971 5233 1097 5289 alias
1139 5234 1412 5308 lychnidas
1447 5254 1771 5311 purpuram,
1794 5235 1918 5291 alias
1953 5255 2165 5291 coccum

2365 1114 2418 1152 2.
2454 1099 2695 1154 Nascitur
2725 1101 2780 1155 in
2824 1119 2889 1155 eo
2922 1102 3048 1175 lapis
3093 1104 3297 1176 lychnis
3336 1117 3549 1162 vocatus
3565 1148 3581 1173 ,
3625 1109 3717 1181 qui
3744 1107 3847 1163 olei

2292 1182 2519 1238 colorem
2555 1203 2663 1257 prae
2684 1204 2739 1240 se
2760 1186 2861 1242 fert
2883 1198 2937 1242 et
2957 1187 3103 1244 valde
3134 1189 3366 1246 fervidus
3388 1203 3487 1250 est.
3562 1194 3840 1249 Crescente

2291 1271 2415 1326 luna
2440 1273 2703 1327 invenitur
2730 1273 2795 1328 ad
2820 1285 3030 1329 cantum
3062 1277 3327 1333 tibiarum.
3387 1281 3626 1335 Utuntur
3650 1300 3713 1336 eo
3742 1283 3841 1336 viri

2291 1361 2677 1416 eminentiores.

2364 1446 2415 1502 3.
2438 1449 2683 1504 Occurrit
2707 1447 2903 1503 ibidem
2915 1466 3078 1523 prope
3096 1451 3263 1522 Pylas,
3286 1469 3415 1524 quas
3444 1465 3651 1520 vocant,
3671 1454 3836 1509 herba

2288 1531 2469 1588 similis
2489 1533 2801 1607 heliotropio
2816 1575 2832 1599 ,
2876 1533 3025 1607 cujus
3057 1539 3295 1591 contritae
3332 1557 3489 1593 succo
3514 1551 3697 1598 contra
3722 1540 3847 1596 solis

2288 1631 2442 1675 astus
2468 1630 2758 1691 unguntur,
2794 1631 2849 1674 et
2886 1623 2999 1676 sine
3022 1623 3254 1694 periculo
3278 1627 3615 1696 quantumvis
3642 1645 3868 1698 magna>

2287 1704 2560 1760 caliditatis
2594 1705 2975 1767 exhalationem
3005 1707 3202 1762 serunt.

2358 1803 2415 1863 4.
2442 1797 2708 1870 Indigenae
2733 1817 2858 1854 vero
2884 1801 3109 1871 virgines
3129 1818 3247 1873 quae
3275 1819 3383 1856 non
3398 1811 3555 1856 castae
3578 1803 3825 1870 vixerint,

2288 1885 2345 1940 in
2364 1880 2515 1939 'hunc
2536 1884 2760 1939 fluvium
2784 1882 3056 1956 dejiciunt,
3080 1885 3303 1942 dialecto
3316 1888 3595 1944 vernacula
3617 1889 3844 1944 Veneris

2287 1970 2544 2044 hymnum
2567 1979 2830 2027 canentes.
2876 1972 3129 2026 Praeterea
3158 1967 3442 2044 quotannis
3469 1973 3692 2028 vetulam
3720 1993 3849 2030 con-

2289 2061 2587 2117 demnatam
2634 2059 2915 2116 defodiunt
2940 2059 3096 2134 juxta
3134 2061 3319 2117 collem
3368 2065 3463 2136 qui
3497 2064 3845 2137 'l'hernssonus

2279 2231 2483 2288 radiare
2520 2230 2649 2287 dicit
2674 2231 2709 2286 l.
2736 2231 2771 2285 l.
2798 2235 2829 2300 ς
2862 2231 2979 2287 ιο3.
3008 2230 3256 2301 ἡλιοειδὴς
3288 2232 3428 2306 conj.
3456 2233 3774 2290 Dodwellus.
3814 2237 3839 2306 u

2278 2341 2352 2354 —
2376 2311 2561 2384 ζεστὸς]
2587 2335 2611 2359 ι
2635 2309 2860 2380 Vulgata
2884 2322 3130 2384 corrupta
3150 2311 3388 2379 videtum
3410 2312 3581 2376 ζεστὸς
3603 2314 3747 2368 enim
3773 2313 3844 2369 de

2279 2401 2429 2456 astu,
2480 2407 2591 2444 non
2634 2387 2702 2443 de
2740 2387 3017 2461 splendore
3058 2387 3275 2448 dicitur.
3335 2389 3641 2462 Legendum
3681 2393 3844 2465 igitur

2275 2469 2589 2524 crediderim
2630 2468 2715 2523 καὶ
2750 2467 2876 2522 πάνυ
2906 2468 3109 2532 ναστός.
3138 2470 3177 2523 i.
3204 2487 3252 2523 e.
3282 2468 3473 2524 densus
3512 2470 3593 2525 vel
3625 2472 3840 2526 cavita-

2276 2545 2421 2602 tt'bus
2450 2563 2652 2602 canas.
2679 2543 2981 2601 Dodwellus
3011 2543 3079 2600 de
3113 2544 3276 2608 Εεστός
3308 2548 3582 2617 cogitavit3
3606 2548 3845 2621 loquitur

2275 2635 2448 2681 autem
2474 2624 2843 2697 grammaticus
2864 2621 2934 2680 de
2952 2621 3124 2697 lapide
3144 2623 3301 2690 rudi,
3321 2626 3489 2697 qualis
3508 2645 3539 2680 e
3562 2637 3714 2682 terrae
3736 2629 3841 2682 vis·

2273 2703 2485 2759 ceribus
2516 2701 2848 2777 producitur,
2904 2719 3013 2758 non
3059 2700 3127 2756 de
3174 2701 3427 2774 laevigato.
3478 2730 3503 2752 ι
3552 2707 3839 2760 anm.

2273 2787 2439 2852 ’ζεστὸς
2464 2787 2621 2844 habet
2646 2784 2812 2843 schol.
2829 2788 3075 2860 Dionys„
3095 2786 3240 2858 quod
3264 2787 3320 2840 iu
3343 2787 3514 2859 Orph.
3540 2792 3671 2859 Arg.
3702 2807 3837 2860 1099

2273 2867 2341 2923 de
2375 2867 2561 2941 lapillis
2592 2883 2742 2939 aqum
2776 2864 3023 2920 fluctibus
3043 2863 3288 2936 levigatis
3322 2877 3626 2940 usurpatur,
3654 2867 3746 2922 sed
3769 2868 3839 2923 ad

2271 2961 2510 3006 naturam
2542 2966 2759 3022 gemma
2798 2967 2835 3002 a
2859 2947 3058 3017 :uigore
3078 2965 3275 3002 nomen
3302 2959 3467 3003 nactae
3502 2949 3835 3007 indicandam

2270 3047 2473 3101 parum·
2495 3024 2948 3086 accommodatum
2990 3035 3088 3082 est.
3129 3027 3289 3098 Apud
3331 3027 3555 3099 Dionys.
3584 3031 3703 3084 Per.
3731 3030 3835 3100 329

2268 3107 2441 3179 λύχνις
2458 3109 2603 3180 πυρὸς
2615 3105 2770 3178 φλογὶ
2791 3107 2993 3176 πάμπαν
3018 3105 3219 3176 δμοίοςς
3240 3105 3382 3178 apud
3400 3107 3653 3160 Nostrum
3672 3107 3839 3172 ζεστὸς

2273 3185 2431 3240 fuerit
2453 3185 2723 3260 splendore
2742 3201 2834 3238 seu
2862 3182 2979 3251 igne
2993 3194 3243 3240 estuans.
3276 3184 3418 3238 Num
3445 3184 3569 3240 alibi
3594 3203 3659 3239 eo
3680 3203 3835 3240 sensu

2271 3283 2375 3318 vox
2404 3274 2673 3328 occurrat,
2698 3263 2895 3318 nescio.
2927 3260 3095 3317 Simili
3124 3261 3432 3334 metaphora
3455 3265 3731 3321 Lueretius
3768 3269 3823 3329 6,

2278 3357 2413 3397 ιοο2
2435 3353 2623 3396 oestum
2662 3338 2899 3394 attribuit
2934 3338 3159 3409 magneti
3178 3337 3341 3410 lapidi
3358 3377 3375 3405 ,
3402 3339 3498 3412 qui
3523 3339 3723 3396 ferrum
3755 3353 3835 3396 at·

2271 3419 2464 3485 trahit,
2492 3420 2629 3473 sicut
2666 3415 2869 3490 lychnis
2907 3413 3185 3471 excalfacta
3198 3451 3220 3483 ,
3262 3425 3484 3472 testante
3527 3417 3698 3472 Plinio
3740 3417 3830 3488 37,

2271 3502 2305 3570 ς
2335 3503 2456 3566 tolo,
2475 3497 2657 3572 ‚paleas
2679 3506 2734 3551 et
2751 3495 3050 3552 chartarum
3074 3492 3161 3549 iila
3184 3493 3253 3548 ad
3274 3511 3332 3550 se
3358 3495 3516 3568 rapit.
3548 3495 3669 3567 Ε-
3690 3493 3833 3559 αὔξο-

2274 3580 2440 3652 μίνης]
2467 3577 2679 3646 σελήνης
2700 3575 2754 3630 Bi
2779 3573 3107 3650 αὖξανομάνης
3132 3575 3253 3648 πρὸς
3280 3573 3526 3650 μελῳδίαν
3564 3573 3729 3630 σδλῶν
3758 3576 3839 3630 εὓ-

2271 3661 2485 3733 ρίσκεται
2529 3656 2691 3712 echol.
2720 3654 2808 3712 Cf.
2832 3673 2883 3710 c.
2924 3654 2975 3720 5,
3002 3671 3055 3720 2,
3094 3652 3189 3708 ubi
3225 3651 3581 3728 leucophyllus
3608 3654 3831 3708 inveniri

2269 3736 2466 3792 dicitur
2492 3734 2611 3808 πρὸς
2633 3733 2928 3806 παιανισμδν
2957 3731 3145 3788 ἔνθεον.
3168 3734 3325 3789 Joan.
3356 3730 3537 3806 Lydus
3556 3734 3640 3788 De
3660 3750 3827 3788 mens.

2269 3818 2323 3880 3,
2350 3819 2383 3872 8
2400 3815 2574 3870 locum
2588 3821 2827 3868 nostrum
2844 3812 2915 3867 ita
2938 3809 3191 3868 intellexit
3212 3819 3275 3864 ut
3295 3808 3462 3866 αὖλῶν
3483 3811 3551 3865 sit
3576 3809 3831 3871 tibiarum

2267 3912 2421 3950 sonos
2439 3893 2625 3957 eden&
2651 3890 2777 3946 dicit
2803 3891 2945 3947 enim
2971 3905 2987 3944 Ξ
3016 3885 3159 3953 οὗτος
3178 3888 3395 3957 σελήνης
3416 3887 3680 3963 αΚὋμὲνης
3698 3883 3828 3961 ἦχον

2271 3971 2515 4048 μελῳδίας
2552 3970 2839 4028 ἀποδίδωσι.
2873 3970 2990 4041 ΙΙ-
3024 3967 3159 4042 σῦτῷ
3192 3978 3314 4040 post
3333 3973 3555 4040 χρῶνται
3590 3967 3646 4022 Bi
3669 3967 3829 4023 habet

2263 4054 2449 4120 schol„
2478 4062 2599 4124 post
2616 4067 2797 4106 vocem
2824 4049 3159 4120 τυγχάνοντες
3180 4045 3375 4104 codex.

2335 4137 2366 4202 ς
2395 4132 2447 4188 3.
2477 4129 2661 4202 Πύλας]
2682 4127 2892 4183 Collatia
2910 4127 2973 4183 iis
2992 4144 3109 4199 quae
3130 4129 3162 4196 S
3184 4130 3217 4190 4
3231 4135 3533 4190 narrantur,
3560 4125 3716 4179 hasce
3726 4125 3833 4178 1125-

2264 4210 2356 4273 λας
2382 4208 2780 4267 commemorari
2820 4214 2953 4279 puto
2990 4202 3133 4277 apud
3172 4203 3547 4261 Philostratum
3562 4243 3578 4268 ,
3610 4205 3665 4256 in
3707 4205 3820 4260 Vit.

2261 4287 2434 4362 Apoll.
2463 4305 2517 4355 2,
2543 4291 2612 4353 42
2637 4305 2693 4360 p.
2717 4286 2785 4352 43
2809 4284 2898 4341 ed.
2922 4281 3126 4347 Didot.,
3150 4283 3243 4337 ubi
3276 4283 3391 4338 hec
3415 4298 3431 4337 t
3466 4280 3817 4344 Ἐξελάσαντες

2259 4366 2315 4421 Bi
2333 4373 2431 4423 τῶν
2455 4364 2677 4430 Ταξίλων
2696 4363 2885 4419 καὶδύο
2907 4361 3105 4436 ἡμερῶν
3132 4361 3249 4417 δδδν
3279 4360 3559 4425 διελθόντες
3578 4359 3817 4434 ἀφίκοντο

2261 4445 2309 4510 ἔς
2330 4446 2391 4502 *th
2421 4445 2611 4510 πεδίον,
2643 4443 2693 4499 ἐν
2713 4439 2758 4517 ᾧ
2782 4442 2985 4514 λέγεται
3001 4441 3120 4515 πρὸς
3148 4439 3456 4514 Ἆλίξανδρον
3484 4439 3827 4512 ἅγωνίσασθαι

2261 4525 2451 4597 Πῶρος,
2476 4524 2561 4579 καὶ
2580 4521 2736 4585 πύλας
2757 4521 2809 4576 ἐν
2832 4519 2965 4594 niti.)
2990 4518 3115 4574 ἰδεῖν
3138 4537 3258 4592 φασι
3284 4517 3631 4591 ξυγκλειούσας
3656 4517 3821 4586 οῦδὲν,

2259 4603 2391 4658 ἀλλὰ
2410 4603 2655 4675 τροπαίων
2678 4601 2823 4655 ἕνεκα
2851 4599 3253 4672 ᾠκοδομημένος.
3290 4595 3593 4657 Ἀνακεῗσθαι
3616 4595 3715 4669 γὰρ
3740 4594 3817 4651 ἐπ’

2257 4683 2416 4738 αὐτῶν
2438 4681 2526 4737 τδν
2552 4679 2858 4751 Ἁλέξανδρον
2888 4676 3186 4750 ἐφεστηκότα
3210 4675 3555 4749 τετραρρύμοις
3588 4675 3821 4748 ἅρμασιν,

2258 4754 2365 4824 οἶος
2389 4759 2469 4816 ἰπὶ
2492 4761 2600 4824 τοῖς
2632 4757 2839 4831 Δαρείου
2867 4755 3132 4827 σατράπαις
3167 4753 3219 4810 ἐν
3254 4755 3437 4818 Ἰσσοῖς
3456 4755 3661 4822 ἔστηκε.
3704 4753 3823 4805 Δια·

2259 4839 2517 4894 λείπουσαι
2553 4839 2598 4892 δ’
2626 4837 2685 4892 οὖ
2726 4835 2858 4892 πολὶ)
2898 4833 3135 4902 ἀλλήλων
3176 4833 3265 4888 δύο
3307 4831 3704 4906 ἔξῳκοδομῆσθαι
3738 4831 3825 4886 λέ-

2255 4937 2430 4988 γονται
2454 4917 2604 4974 πύλαι
2619 4915 2749 4985 ,καὶ
2777 4916 2935 4990 φέρειν
2956 4912 2990 4982 ἡ
3016 4911 3103 4986 μὲν
3130 4913 3326 4986 Πῶρον,
3353 4911 3387 4981 ἡ
3407 4914 3453 4967 δ’
3480 4911 3815 4983 Ἀλέξανδρον,

2257 4997 2590 5072 ξυμόεόηκότε
2607 5037 2623 5063 ,
2648 4993 2797 5066 οἶμαι
2824 4991 2949 5067 μετὰ
2972 4990 3061 5062 τὴν
3080 4993 3277 5067 μάχην·
3312 4991 3341 5046 ὁ
3366 4991 3452 5066 μὲν
3480 4990 3579 5064 γὰρ
3600 4989 3819 5052 ἀσπαζο-

2257 5081 2389 5153 μένῳ
2428 5077 2608 5142 ἔοικεν,
2644 5074 2673 5129 ὁ
2710 5073 2764 5128 Bi
2800 5073 3170 5146 προσκυνοῦντα
3210 5073 3233 5144 ΙΙ
3256 5069 3647 5142 -ἄλείφονταιῙ
3690 5067 3823 5138 espl-

2257 5175 2459 5211 σκονται
2480 5153 2564 5208 καὶ
2582 5152 2745 5226 nete.
2769 5151 2958 5218 schol„
2982 5151 3039 5206 in
3062 5151 3254 5224 quibus
3276 5149 3375 5223 εδρ.
3399 5148 3523 5203 fort.
3548 5158 3727 5202 natum
3750 5163 3816 5200 ex

2246 5234 2575 5292 »recedente
2588 5233 2855 5306 εὑρίσκεται
2870 5231 3003 5286 male
3020 5231 3257 5304 repetito,
3280 5231 3301 5301 ΙΙ
3324 5260 3398 5272 -
3418 5226 3701 5295 ἀκινδύνως]
3726 5225 3809 5283 dx.
