4584 6284
2064 505 2629 573 COMMENTARII.

733 631 770 705 ἣ
790 630 896 693 ἀπὸ
916 628 1127 715 Πέρσου
1145 633 1257 693 υἱοῦ
1278 630 1528 714 Περσέως
1548 632 1639 694 καὶ
1654 634 1994 715 Ἀνδρομέδας
2008 678 2025 708 ,
2052 636 2123 705 ὥς
2144 660 2300 719 φησιν

732 718 1041 801 Ἡρόδοτος,
1070 719 1239 799 λέγων
1260 719 1342 781 ὅτι
1370 718 1605 801 Περσεὺς
1634 725 1661 780 ὃ
1685 722 1899 794 Δανάης
1928 722 2019 783 καὶ
2036 725 2157 793 Διὸς
2179 725 2305 805 ἀφί-

732 832 852 869 κετο
878 808 1025 889 παρὰ
1048 807 1241 892 Κηφέα
1263 809 1351 869 τὸν
1376 808 1555 882 Βήλου
1573 852 1591 883 ,
1613 809 1703 871 καὶ
1725 809 1850 891 ἔσχε
1868 813 2026 871 αὐτοῦ
2046 810 2304 893 θυγατέρα

735 896 829 972 τὴν
854 898 1223 979 Ἀνδρομέδαν,
1246 896 1341 957 καὶ
1357 907 1513 980 γεννᾷ
1537 897 1771 981 Πέρσην,
1796 900 1851 969 ἐξ
1880 890 1937 960 οἶ
1966 900 2061 974 τὴν
2094 902 2302 962 έπωνυ-

683 1006 709 1044 ε
736 984 863 1066 μίαν
892 986 1051 1068 ἔσχον
1080 988 1128 1048 οἱ
1156 983 1367 1067 Πέρσαι
1386 1032 1403 1063 ,
1429 986 1596 1047 πάλαι
1632 987 1761 1049 ποτὲ
1797 992 2042 1069 Κηφῆνες
2080 990 2183 1051 ἀπὸ
2208 996 2302 1051 τοῦ

731 1076 967 1137 τοιούτου
1004 1076 1229 1157 Κηφέως
1255 1075 1588 1155 καλούμενοι.
1613 1074 1771 1157 Λέγει
1798 1076 1851 1137 δέ
1880 1081 1909 1137 ὁ
1928 1077 2193 1145 Διονύσιος
2211 1079 2303 1139 καὶ

729 1161 811 1224 ὅτι
842 1164 1111 1245 ἀπείριτον
1148 1161 1305 1225 όλὸον
1334 1168 1383 1227 οἱ
1414 1163 1621 1245 Πέρσαι
1662 1164 2066 1245 περιεὸάλοντο,
2094 1166 2300 1246 θέμενοι

730 1253 782 1309 έν
816 1250 1143 1330 μεγάροισιν,
1174 1250 1258 1311 ὅτε
1286 1250 1505 1333 Μῄονας
1526 1252 1618 1313 καὶ
1640 1252 1960 1334 Σαρδιανοὺς
1976 1253 2296 1336 ἐπόρθησαν,

730 1339 1039 1408 καθελόντες
1060 1339 1149 1399 τὸν
1182 1342 1425 1420 Κροῖσον.
1456 1340 1565 1402 Καὶ
1582 1341 1773 1419 δεῖγμά
1792 1365 1918 1423 φησι
1935 1348 2026 1403 τοῦ
2045 1342 2296 1419 πλούτου,

653 1446 704 1486 10
729 1428 809 1486 ὅτι
833 1427 1037 1507 χρύσεα
1069 1426 1165 1508 μὲν
1199 1436 1307 1495 τοῖς
1334 1428 1554 1510 ἀνδράσι
1577 1427 1645 1488 τὰ
1672 1427 1845 1503 ὅπλα,
1872 1429 2074 1511 χρύσεα
2104 1431 2161 1491 δὲ
2194 1436 2298 1502 τοῖς

727 1510 910 1581 ἵπποις
932 1513 999 1574 τὰ
1013 1514 1205 1595 χαλινὰ
1218 1560 1237 1591 ,
1258 1524 1471 1595 χρυσοῖς
1494 1516 1549 1576 δὲ
1576 1516 1802 1586 πεδίλοις
1821 1517 1941 1589 τοὺς
1965 1518 2131 1603 πόδας
2152 1523 2303 1579 ἐκοσ-

732 1600 991 1679 μήσαντο.
1027 1605 1211 1663 Ταῦτα
1260 1600 1315 1662 δέ
1353 1606 1533 1685 πολλῷ
1576 1605 1830 1686 πρότερον
1877 1606 1995 1676 τοὺς
2047 1606 2300 1688 Μῄονας,

728 1688 847 1761 ἤτοι
895 1688 1012 1758 τοὺς
1056 1688 1286 1765 Λυδοὺς,
1318 1691 1740 1762 πλουσιωτάτους
1788 1692 2071 1772 δείκνυσιν,
2110 1692 2199 1764 οὓς
2252 1696 2302 1756 οἱ

728 1773 939 1859 Πέρσαι
963 1776 1269 1855 ληϊσάμενοι
1296 1779 1659 1859 παμπλούσιοι
1686 1784 1983 1861 γεγόνασιν,
2017 1782 2191 1851 ἄλλως
2222 1782 2299 1863 μὴ

646 1884 699 1928 1⁸
728 1867 1088 1934 πλουτοῦντες·
1118 1865 1307 1948 ὅπουγε
1345 1868 1437 1927 καὶ
1485 1871 1540 1929 αἱ
1587 1870 2079 1951 παρονομαζόμεναι
2122 1873 2301 1942 αὐτοῖς

722 1954 984 2034 Περσικαὶ
1008 1955 1251 2033 έμὸάδες,
1266 1954 1340 2027 ὥς
1356 1956 1493 2025 τινές
1508 1980 1686 2038 φασιν,
1705 1959 1953 2035 ὑπόδημα
1980 1958 2183 2028 εὐτελὲς
2204 1950 2296 2032 ἦν.

722 2043 924 2105 Ἀσκεῖν
956 2044 1013 2105 δὲ
1042 2044 1283 2127 λέγονται
1306 2045 1400 2105 καὶ
1424 2046 1823 2128 μεγαλοφωνίαν
1854 2050 1905 2107 οἱ
1940 2046 2178 2127 Πέρσαι,
2209 2046 2302 2106 καὶ

717 2138 899 2211 καῦμα
932 2132 1025 2193 καὶ
1064 2133 1231 2216 ψύχος
1270 2133 1445 2214 φέρειν
1472 2133 1565 2193 καὶ
1590 2132 1819 2214 ὄμὸρους
1856 2135 1945 2195 καὶ
1987 2136 2299 2217 χειμάρρων

719 2219 1023 2294 διαδάσεις,
1052 2220 1189 2282 ὥστε
1218 2219 1428 2302 ἀὸροχα
1451 2222 1738 2303 φυλάσσειν
1761 2224 1831 2283 τά
1855 2246 1911 2283 τε
1932 2223 2067 2283 ὅπλα
2092 2227 2188 2283 καὶ
2205 2224 2302 2295 τὴν

640 2327 693 2367 20
721 2310 941 2383 ἐσθῆτα.
971 2313 1189 2389 Τιμῶσι
1214 2310 1269 2370 31
1288 2310 1349 2370 τὸ
1376 2316 1485 2391 πῦρ
1500 2354 1517 2383 ,
1538 2312 1631 2375 καὶ
1655 2311 1721 2371 δι’
1744 2311 1873 2373 αὐτὸ
1894 2312 2091 2372 καὶτὸν
2107 2313 2303 2394 χρυσὸν

722 2388 809 2457 οἶα
836 2400 1091 2478 πυροειδῆ
1114 2397 1258 2461 ὄντα.
1290 2398 1521 2478 Λέγεται
1542 2400 1597 2459 δὲ
1626 2399 1863 2480 Περσική
1891 2425 1968 2468 τις
1995 2390 2129 2463 εἶναι
2157 2401 2269 2485 ᾦδὴ
2285 2448 2304 2479 ,

723 2478 783 2557 ἧς
812 2484 908 2555 τὰς
934 2486 1252 2567 ὠφελείαςξ’
1278 2487 1696 2570 διαριθμοῦνται.
1725 2488 1912 2566 Τίμιοι
1940 2488 1994 2548 δέ
2022 2489 2169 2571 παρὰ
2196 2498 2306 2557 τοῖς

727 2572 968 2653 Πέρσαις
996 2579 1046 2635 οἱ
1074 2574 1265 2654 μάγοι,
1292 2571 1343 2634 οἱ
1370 2573 1489 2633 οὔτε
1530 2574 1767 2656 οὖροῦσιν
1798 2578 1871 2643 εἰς
1900 2577 2157 2653 ποταμὸν,
2184 2575 2305 2638 οὔτε

724 2659 1029 2737 νίπτονται,
1060 2662 1177 2722 οὔτε
1216 2661 1482 2725 λούονται.
1520 2660 1801 2742 Ἡρόδοτος
1846 2662 1906 2723 δέ
1947 2686 2077 2745 φησι
2104 2663 2197 2724 καὶ
2222 2665 2305 2726 ὅτι

642 2769 698 2808 25
726 2748 935 2830 Πέρσαι
957 2748 1261 2811 παιδεύουσι
1288 2747 1408 2819 τοὺς
1434 2752 1635 2811 ἑαυτῶν
1652 2752 1847 2818 παῖδας
1866 2750 1971 2811 ἀπὸ
1993 2760 2306 2821 πενταετοῦς

723 2836 817 2904 ἕως
857 2841 989 2899 ἐτῶν
1035 2838 1087 2898 κ’
1128 2837 1365 2899 ἱππεύειν
1411 2838 1505 2899 καὶ
1544 2838 1767 2910 τοξεύειν
1803 2839 1896 2901 καὶ
1942 2842 2300 2916 ἀληθίζεσθαι.

724 2922 947 3006 Ἱστορεῖ
974 2924 1029 2984 δὲ
1059 2925 1149 2984 καὶ
1169 2925 1402 3001 νομάδας
1421 2924 1562 2993 τινὰς
1579 2926 1829 3008 Πέρσας,
1848 2928 1942 2987 καὶ
1969 2928 2139 3009 συχνὰ
2168 2921 2304 2991 εἶναι

719 3011 845 3089 γένη
873 3012 1019 3091 λέγει
1043 3015 1286 3092 Περσῶν.
1310 3014 1541 3092 Λέγεται
1563 3014 1619 3073 δὲ
1642 3016 1735 3074 καὶ
1756 3014 2023 3092 σύμὸολον
2047 3008 2183 3076 εἶναι
2208 3022 2304 3079 ἀσ-

719 3104 934 3177 πασμοῦ
959 3102 1110 3182 παρὰ
1131 3099 1361 3181 Πέρσαις
1378 3100 1439 3161 τὸ
1458 3101 1744 3184 ἀφελέσθαι
1770 3102 1869 3177 τὴν
1890 3104 2075 3186 τιάραν
2096 3108 2191 3177 τῆς
2207 3130 2296 3166 κε-

639 3208 694 3248 ³0
719 3190 905 3269 φαλῆς.
938 3190 1207 3268 Μεγάλοις
1233 3188 1288 3248 δὲ
1316 3187 1461 3269 ὄρεσι
1486 3190 1802 3274 περίδρομός
1841 3193 1981 3251 ἔστιν
2008 3196 2044 3263 ἡ
2076 3194 2302 3274 Περσὶς,

716 3275 999 3356 νοτιωτέρα
1020 3279 1124 3336 τῶν
1156 3276 1417 3338 Κασπίων
1449 3270 1583 3338 οὖσα
1612 3279 1816 3352 πυλῶν,
1844 3278 2105 3358 ἑλκομένη
2138 3280 2302 3363 μέχρι

718 3366 815 3420 τοῦ
846 3360 1131 3440 ὁμωνύμου
1155 3364 1420 3441 Περσικοῦ
1449 3364 1664 3424 κόλπου.
1696 3366 1777 3428 Τὸ
1799 3364 1857 3426 δέ
1878 3369 2114 3449 ἀρκτῶον
2134 3370 2300 3439 αὐτῆς

716 3459 828 3519 τοῖς
856 3452 959 3510 τῶν
991 3450 1193 3523 Μήδων
1218 3450 1395 3533 ὄρεσιν
1430 3452 1828 3530 ὑπο-πέπτωκεν,
1860 3454 1997 3535 ἅπερ
2034 3455 2244 3533 τέμπεα
2270 3460 2300 3516 ὁ

719 3537 987 3607 Διονύσιος
1014 3537 1257 3623 ἀνωτέρω
1285 3540 1384 3624 ἔφη
1406 3540 1647 3616 Μηδικά.
1894 3595 1905 3601 .

638 3640 691 3683 ⁸⁵
804 3648 930 3693 10⁰⁹.
974 3627 1106 3690 Ὅτι
1128 3628 1306 3690 Σάὸαι
1331 3622 1467 3704 ἦσαν
1493 3629 1589 3710 μέν
1608 3630 1702 3691 καὶ
1720 3630 1985 3713 Ἆραὸικοὶ
2003 3678 2021 3713 ‚
2046 3635 2117 3702 ὥς
2138 3655 2298 3713 προε-

718 3716 899 3799 γράφη
919 3762 935 3791 ,
960 3714 1204 3798 εὕρηνται
1226 3716 1283 3778 δὲ
1304 3718 1397 3778 καὶ
1418 3708 1522 3779 ὧδε
1546 3718 1825 3799 Περσικαί.
1847 3722 1981 3781 Μεθ’
2002 3720 2089 3789 οὓς
2112 3725 2161 3782 οἱ
2182 3724 2299 3783 Πα-

718 3804 983 3883 σαργάδαι
1003 3848 1022 3881 ,
1053 3803 1175 3883 περὶ
1200 3796 1274 3865 ὄν
1302 3806 1587 3888 κατωτέρω
1615 3808 1921 3888 ῥηθήσεται.
1961 3808 2061 3870 Ἔν
2097 3807 2153 3869 δὲ
2190 3809 2298 3877 τοῖς

716 3888 835 3962 ἑξῆς
874 3890 968 3951 καὶ
1010 3891 1228 3954 Ἰνδικὸν
1278 3892 1419 3963 έθνος
1446 3898 1495 3954 οἱ
1523 3894 1703 3957 Σάὸαι
1730 3896 2079 3977 εὑρίσκονται.
2112 3886 2295 3959 ’Ἦσαν

713 3976 769 4038 δέ
794 3979 887 4039 καὶ
907 3979 1050 4048 ἔθνος
1068 3981 1338 4063 Θρακικὸν
1367 3982 1567 4055 Σάὸοι,
1589 3982 1717 4063 ὅπερ
1744 3983 1863 4055 τοὺς
1883 3984 2125 4065 Βάκχους
2144 3986 2296 4057 δηλοῖ

633 4081 687 4123 εο
716 4067 935 4148 Φρυγίᾳ
958 4068 1219 4151 διαλέκτῳ
1234 4090 1249 4107 ·
1277 4068 1330 4139 ἐξ
1354 4060 1415 4131 οὗ
1437 4071 1528 4129 καὶ
1550 4075 1579 4130 δ
1602 4070 1849 4143 Διόνυσος
1874 4072 2009 4133 ἔοικε
2032 4070 2295 4143 Σαὸάζιος

710 4154 957 4233 λέγεσθαι
974 4200 992 4229 ,
1025 4156 1155 4217 διότι
1182 4158 1273 4218 καὶ
1300 4158 1513 4239 Βάκχος
1539 4163 1569 4219 ὁ
1598 4159 1770 4227 αὐτός.

786 4240 920 4306 Ὅτι
962 4244 1025 4303 τὸ
1050 4244 1257 4305 Τασκοὶ
1286 4244 1461 4313 ἔθνους
1502 4250 1767 4328 Περσικοῦ
1796 4248 1963 4326 ὄνομα
1996 4246 2292 4328 βαρυτόνως

713 4449 762 4487 1.
792 4430 942 4499 ἣάπὸ
962 4462 1036 4473 ——
1058 4432 1244 4503 Πέρσου
1276 4432 1385 4485 υἱοῦ
1426 4432 1649 4504 Περσέως
1697 4452 1807 4489 om.
1858 4435 2040 4501 codd„
2080 4454 2199 4495 exc.
2223 4455 2282 4507 y.

708 4509 1078 4583 Bernhardyus
1098 4510 1164 4565 de
1192 4529 1288 4565 suo
1315 4510 1497 4566 dedit:
1518 4512 1643 4567 κατὰ
1678 4513 1733 4567 δὲ
1770 4513 1954 4578 ἄλλους
1980 4514 2075 4569 ἀπὸ
2100 4515 2287 4587 Πέρσου

708 4589 815 4643 υἱοῦ
845 4590 1067 4662 Περσέως
1092 4590 1175 4643 καὶ
1202 4589 1353 4662 Ἀνδρ.
1376 4595 1449 4646 At
1474 4594 1661 4646 Persas
1682 4592 1975 4647 secundum
2004 4594 2287 4649 nonnullos

710 4670 867 4723 etiam
896 4668 964 4723 de
993 4672 1107 4742 ipso
1146 4672 1333 4725 Perseo
1361 4688 1557 4725 nomen
1593 4670 1879 4726 habebant.
1919 4674 1990 4729 V.
2020 4674 2111 4729 Fr.
2142 4675 2282 4731 Hist.

709 4758 844 4803 tom.
883 4751 938 4814 4,
971 4766 1027 4820 p.
1064 4748 1163 4814 544
1199 4752 1230 4819 S
1268 4754 1354 4806 18.
1380 4759 1434 4804 et
1466 4751 1579 4823 ipse
1614 4751 1919 4805 Eustathius
1960 4751 2027 4806 ad
2070 4772 2123 4807 v.
2154 4760 2282 4825 767.

714 4827 737 4896 ΙΙ
758 4856 835 4868 -
857 4843 911 4882 2.
937 4826 966 4880 ὁ
993 4839 1114 4881 ante
1132 4828 1335 4899 Περσεὺς
1360 4846 1470 4884 om.
1491 4833 1651 4884 CDY.
1678 4830 1701 4899 ΙΙ
1724 4860 1796 4871 -
1817 4832 1867 4885 3.
1896 4830 2047 4904 παρὰ]
2067 4832 2179 4903 περὶ
2207 4838 2278 4898 D,

709 4905 791 4961 ἐπὶ
827 4911 895 4969 L,·
930 4905 1049 4979 ἔσχε
1088 4913 1129 4964 L
1170 4906 1368 4962 Herod.
1376 4948 1392 4975 ‚
1425 4908 1572 4980 ἔσχεν
1604 4907 1781 4980 vulgo.
1825 4911 1847 4981 ΙΙ
1871 4940 1945 4953 —-
1978 4916 2031 4965 6.
2060 4910 2279 4985 Κηφέως]

705 4984 936 5055 Κηφῆνος
970 4992 1011 5041 L
1022 5009 1046 5047 ,-
1088 4985 1381 5057 καλούμενοι
1418 4992 1481 5051 L,
1530 4986 1801 5059 λεγόμενοι
1835 5000 1983 5054 cett„
2022 4987 2286 5045 ἐκαλέοντο

706 5063 911 5120 Herod.
964 5064 987 5135 ΙΙ
1033 5094 1107 5107 -
1152 5084 1183 5137 7
1234 5065 1589 5136 περιὸάλλοντο
1618 5070 1672 5121 C.
1710 5068 1734 5137 ΙΙ
1769 5096 1843 5109 —-
1873 5085 1955 5122 11.
1986 5066 2049 5121 τὰ
2080 5086 2191 5123 om.
2226 5073 2281 5124 C.

706 5141 1049 5214 ἒκοσμήσαντο
1084 5145 1195 5207 τοὺς
1231 5145 1381 5207 πόδας
1430 5150 1482 5200 C.
1520 5147 1542 5216 ΙΙ
1565 5176 1636 5188 -
1683 5162 1768 5202 12.
1814 5146 1987 5220 πολλῷ
2028 5152 2113 5219 6),
2154 5148 2286 5203 πολὺ

706 5234 825 5278 cett.
864 5224 887 5295 ΙΙ
910 5254 982 5267 -—
1014 5227 1100 5288 14.
1131 5224 1495 5296 λικμησάμενοι.
1507 5244 1564 5295 y.
1601 5227 1624 5297 ss
1653 5256 1721 5267 —
1750 5242 1839 5281 20.
1876 5226 2069 5281 καὶτὸν
2096 5228 2284 5299 χρυσὸν

708 5318 812 5355 om.
844 5308 911 5365 1...-
945 5318 1047 5373 pro
1086 5302 1267 5373 χρυσὸν
1313 5303 1592 5374 legendum
1639 5322 1753 5357 esse
1786 5303 1930 5371 ἥλιον
1970 5304 2114 5379 conj.
2152 5308 2282 5360 Bre-

708 5376 914 5436 dovius.
954 5379 1037 5437 Cf.
1078 5381 1218 5438 Bast.
1250 5383 1548 5437 Comment.
1580 5383 1824 5457 palaeogr.
1860 5401 1918 5457 p.
1965 5384 2087 5450 834.
2130 5385 2197 5439 At
2224 5404 2277 5439 v.

2386 641 2562 695 Persei
2583 652 2637 695 et
2663 641 3021 699 Andromedae
3043 644 3180 712 filio,
3209 655 3268 700 ut
3302 645 3604 701 Herodotus
3643 650 3816 719 (72⁶1)
3843 651 3948 721 ait,

2388 738 2496 791 quo
2531 722 2649 777 loco
2681 724 2725 777 is
2745 736 2924 779 narrat
2948 727 3227 793 Perseum,
3255 728 3462 782 Danaes
3492 739 3546 783 et
3581 729 3728 783 Jovis
3755 728 3950 799 filium,

2387 798 2454 853 ad
2498 801 2798 873 Cepheum,
2842 804 2952 859 Beli
2995 804 3164 861 filium
3174 847 3196 878 ‚
3245 806 3475 872 venisse,
3525 808 3788 882 filiamque
3843 808 3957 882 ejus

2387 880 2785 939 Andromedam
2843 902 3064 941 uxorem
3132 885 3368 952 duxisse,
3415 888 3732 961 Persemque
3783 906 3957 945 susce-

2385 961 2551 1031 pisse,
2598 982 2629 1017 a
2684 982 2793 1037 quo
2843 968 3015 1021 Persae
3061 964 3421 1032 denominati,
3471 982 3636 1038 quum
3684 960 3810 1021 oliui
3857 968 3956 1023 Ge-

2387 1040 2584 1112 phenes
2626 1062 2656 1099 a
2703 1045 2948 1118 Cephene
2989 1056 3321 1104 vocarentur.
3357 1044 3594 1101 Affirmat
3628 1064 3790 1119 porro
3827 1048 3956 1103 Dio-

2385 1124 2566 1195 nysius
2607 1126 2788 1179 Persas
2827 1127 2935 1180 vim
2959 1126 3270 1181 immensam
3291 1125 3596 1191 divitiarum
3607 1145 3953 1201 comparasse,

2385 1218 2607 1272 eamque
2629 1204 2686 1257 in
2713 1202 2913 1257 aedibus
2938 1206 3261 1276 reposuisse,
3297 1222 3464 1277 quum
3482 1245 3498 1271 ‚
3529 1224 3708 1260 everso
3735 1210 3916 1267 Croeso
3936 1253 3951 1279 ,

2385 1282 2603 1335 Meouas
2645 1292 2702 1335 et
2743 1281 3025 1338 Sardianos
3073 1283 3436 1351 devastarant3
3482 1298 3955 1364 argumentumque

2387 1357 2689 1415 divitiarum
2723 1361 2854 1416 iuud
2874 1380 2986 1417 esse
3007 1364 3082 1417 ait
3112 1362 3258 1435 quod
3284 1382 3442 1419 aurea
3482 1375 3606 1418 sunt
3629 1367 3756 1421 viris
3779 1387 3950 1436 arma,

2386 1454 2545 1493 aurea
2571 1440 2720 1510 equis
2749 1440 2927 1506 frena,
2961 1442 3135 1496 aureis
3166 1440 3394 1514 denique
3415 1444 3772 1501 calceamentis
3799 1450 3961 1521 pedes

2387 1529 2666 1574 exornant.
2713 1522 2839 1574 Hinc
2873 1538 3000 1575 vero
3025 1523 3242 1575 Meones
3279 1524 3389 1577 sive
3420 1522 3597 1594 Lydos
3636 1525 3802 1581 multo
3837 1541 3958 1586 ante

2387 1594 2674 1653 ditissimos
2699 1598 2857 1655 fuisse
2895 1601 3184 1657 ostendunt
3217 1618 3231 1656 ε
3271 1602 3464 1675 quibus
3491 1605 3661 1660 Persae
3683 1605 3958 1665 devastatis

2387 1677 2770 1749 opulentissimi
2793 1690 3096 1746 evaserunt,
3127 1699 3292 1753 quum
3319 1682 3418 1753 ipsi
3439 1682 3672 1755 alioquin
3698 1704 3806 1740 non
3835 1690 3956 1743 satis

2386 1755 2455 1810 ab
2465 1757 2656 1831 opibus
2667 1760 2910 1814 instructi
2925 1758 3145 1814 fuissent
3160 1800 3178 1827 ,
3193 1760 3452 1833 siquidem
3467 1772 3521 1816 et
3534 1766 3624 1835 qui
3635 1763 3701 1818 ab
3715 1767 3776 1819 iis
3793 1767 3954 1821 deno·

2389 1834 2662 1893 minantur
2682 1839 2874 1893 Persici
2893 1838 3173 1905 cothurni,
3196 1849 3256 1893 ut
3276 1838 3436 1913 aliqui
3459 1842 3634 1904 aiunt.
3668 1844 3766 1898 vile
3793 1864 3956 1917 genus

2388 1926 2466 1969 est
2487 1916 2844 1975 calceamenti.
2897 1920 3098 1973 Ferunt
3117 1918 3330 1987 (Strabo
3343 1938 3404 1992 p.
3439 1922 3568 1991 734)
3594 1924 3773 1978 Persas
3799 1927 3952 1982 etiam

2389 1996 2738 2066 magnitudini
2762 2000 2905 2053 vocis
2927 2014 3140 2071 operam
3163 1996 3289 2052 dare
3305 2038 3322 2066 ,
3343 2009 3630 2072 aestumque
3647 2012 3700 2055 et
3723 2002 3883 2075 frigus
3900 2018 3953 2061 et

2388 2074 2584 2131 imbres
2611 2076 2776 2145 serre,
2805 2088 2858 2133 et
2879 2082 3138 2133 torrentes
3173 2080 3246 2132 ita
3280 2076 3548 2151 trajicere,
3570 2090 3631 2133 ut
3659 2092 3712 2137 et
3738 2101 3882 2139 arma
3901 2096 3953 2140 et

2388 2158 2695 2213 vestimenta
2705 2158 2858 2214 illaesa
2867 2159 2934 2214 ab
2944 2160 3094 2232 aquis
3102 2168 3327 2225 κενεαῖς
3343 2158 3514 2215 colere
3521 2180 3644 2215 vero
3654 2181 3744 2217 eos
3757 2166 3950 2237 ignem,

2388 2248 2444 2291 et
2471 2249 2692 2313 propter
2733 2256 2858 2293 eum
2906 2239 3062 2294 etiam
3091 2256 3300 2302 aurum,
3341 2240 3536 2313 quippe
3575 2242 3718 2314 quod
3748 2244 3856 2315 igni
3879 2248 3948 2301 sit

2390 2317 2578 2372 simile.
2607 2319 2798 2373 Fertur
2823 2320 2980 2374 etiam
3004 2336 3166 2391 genus
3190 2337 3300 2374 esse
3324 2318 3590 2393 quoddam
3617 2332 3798 2377 santus
3829 2326 3953 2380 Per·

2363 2398 2512 2463 sici,
2567 2397 2721 2470 cujus
2773 2400 3020 2455 utilitates
3075 2400 3336 2471 sexaginta
3389 2412 3713 2456 enumerant.
3775 2405 3952 2461 Habiti

2391 2495 2604 2548 quoque
2631 2478 2772 2551 apud
2804 2481 2986 2534 Persas
3019 2479 3076 2532 iu
3118 2479 3320 2533 honore
3359 2481 3527 2551 Magi,
3557 2482 3648 2552 qui
3679 2500 3847 2555 neque
3897 2486 3952 2541 in

2392 2557 2590 2611 flumen
2645 2560 2914 2629 mingunt.
2966 2575 3138 2629 neque
3187 2576 3375 2613 manus
3419 2577 3590 2631 neque
3648 2578 3841 2635 corpus
3879 2564 3954 2619 la-

2391 2646 2533 2693 vant.
2563 2636 2865 2692 Herodotus
2893 2640 2970 2705 (1,
2995 2639 3117 2708 136)
3153 2656 3315 2711 porro
3341 2640 3524 2694 scribit
3557 2643 3738 2696 Persas
3762 2643 3953 2701 liberos

2389 2734 2515 2771 suos
2542 2733 2573 2770 a
2607 2718 2794 2789 quinto
2823 2716 2890 2771 ad
2920 2718 3227 2789 vigesimum
3255 2736 3422 2790 usque
3459 2737 3657 2773 annum
3683 2721 3954 2779 instituere

2389 2796 2457 2851 ad
2483 2795 2826 2869 equitandum
2849 2808 2904 2851 et
2941 2796 3289 2869 sagittandum
3329 2816 3614 2871 verumque
3644 2799 3950 2860 dicendum.

2388 2884 2626 2954 Itemque
2663 2882 2844 2935 Persas
2884 2880 3138 2953 quosdam
3182 2880 3444 2935 Nomades
3484 2895 3860 2939 commemorat
3901 2898 3954 2941 et

2389 2968 2660 3039 complura
2685 2984 2797 3021 asse
2833 2964 2962 3021 dicit
2997 2983 3187 3037 genera
3223 2968 3521 3023 Persarum.
3550 2970 3801 3023 Preterea
3828 2988 3956 3026 vero

2387 3052 2710 3106 salutationis
2738 3051 2945 3121 signum
2981 3049 3121 3121 apud
3165 3052 3346 3103 Penas
3371 3068 3483 3105 esse
3507 3050 3730 3105 traditur
3767 3052 3954 3107 tiaram

2388 3130 2487 3183 sibi
2512 3130 2580 3185 de
2606 3133 2774 3205 capite
2806 3129 3026 3185 auferre.
3047 3132 3251 3202 Magnis
3275 3142 3450 3186 autem
3478 3133 3745 3187 montibus
3776 3134 3949 3189 Persis

2387 3223 2466 3267 est
2499 3212 2821 3267 circumdata
2831 3233 2848 3279 ς
2877 3222 2932 3267 et
2957 3228 3122 3285 quum
3148 3232 3181 3268 a
3216 3215 3384 3287 portis
3413 3214 3612 3287 Caspiis
3642 3225 3740 3268 sita
3781 3234 3842 3270 ea
3884 3217 3954 3271 sit

2386 3295 2453 3349 ad
2475 3306 2708 3365 austrum
2725 3335 2743 3361 ,
2770 3296 2840 3350 ad
2878 3298 3052 3351 sinum
3083 3314 3248 3369 usque
3279 3297 3546 3352 Persicum
3583 3300 3950 3369 cognominem

2383 3383 2686 3455 porrigitur.
2707 3384 2833 3437 Pars
2849 3398 2973 3435 vero
2984 3378 3098 3452 ejus
3109 3380 3333 3435 borealis
3343 3380 3576 3451 subjecta
3587 3391 3666 3435 est
3683 3381 3954 3439 montibus

2383 3464 2662 3520 Medorum
2681 3481 2798 3537 quae
2818 3463 3035 3537 quidem
3057 3480 3213 3537 supra
3231 3464 3516 3535 Dionysius
3531 3464 3730 3537 Tesnpe
3747 3462 3950 3520 dixerat

2382 3552 2604 3609 Media.

2458 3644 2610 3711 1069.
2646 3637 2795 3694 saba
2836 3647 2962 3692 sunt
3001 3634 3215 3708 quidem
3255 3645 3308 3689 et
3335 3633 3574 3698 Arabici,
3609 3644 3669 3688 ut
3693 3634 3948 3707 scriptum

2382 3740 2458 3784 est
2479 3746 2654 3802 supra,
2677 3726 2770 3783 sed
2789 3726 2874 3781 hic
2887 3725 3230 3781 inveniuntur
3245 3724 3402 3778 etiam
3425 3723 3640 3789 Persici,
3669 3734 3788 3796 post
3813 3742 3950 3795 quos

2383 3814 2706 3889 I’asargadae,
2733 3813 2801 3869 de
2818 3812 3012 3887 quibus
3032 3811 3188 3867 infra.
3214 3813 3400 3867 Postea
3428 3811 3585 3864 etiam
3613 3828 3738 3881 gens
3763 3810 3948 3865 Indica

2381 3906 2721 3959 inveniuntur
2745 3902 2907 3959 saba.
2940 3900 3088 3971 Quin
3112 3911 3166 3956 et
3187 3917 3313 3972 gens
3335 3897 3590 3952 Thracia
3621 3908 3747 3953 sunt
3790 3897 3943 3964 Sabi,

2381 3991 2520 4064 quod
2548 3990 2774 4064 Phrygia
2795 3986 3010 4063 quidem
3031 3988 3208 4059 lingua
3228 3985 3462 4041 Bacchos
3488 3984 3762 4057 siguificat.
3788 3985 3951 4041 Unde

2379 4080 2536 4133 etiam
2559 4077 2719 4133 Liber
2741 4086 2890 4150 pater
2915 4074 3088 4129 dictus
3127 4071 3334 4127 videtur
3370 4068 3646 4137 Sabazius,
3665 4082 3946 4147 propterea

2380 4165 2524 4239 quod
2547 4164 2690 4221 idem
2715 4164 2875 4219 etiam
2894 4162 3146 4217 Bacchus.
3169 4161 3383 4226 Τασκοὶ,
3413 4178 3609 4214 nomeu
3635 4160 3802 4231 gentis
3810 4163 3946 4238 ‚Per-

2337 4284 2360 4301 a
2379 4255 2496 4309 sicae
2512 4293 2529 4320 ,
2556 4253 2746 4324 legitur
2773 4249 2913 4324 apud
2941 4246 3132 4303 multos
3166 4248 3440 4319 barytone.
3483 4246 3694 4315 Quibus
3737 4245 3948 4301 finitimi

2373 4434 2561 4489 Strabo
2603 4451 2660 4505 p.
2709 4431 2812 4503 734
2858 4446 2872 4483 :
2914 4414 3216 4501 κοσμοῦνταί
3249 4428 3294 4479 δ’
3337 4426 3386 4482 οἱ
3423 4428 3594 4488 παῖδες
3640 4430 3840 4498 χρυσῷ,
3887 4425 3945 4479 τδ

2371 4512 2602 4587 πυρωπὸν
2652 4512 2916 4583 τιθεμένων
2967 4508 3018 4563 έν
3067 4510 3187 4580 τιμῇ
3205 4528 3216 4539 ·
3267 4506 3349 4560 διὸ
3390 4504 3502 4560 οὗδὶ
3540 4511 3694 4577 νεκρῷ
3741 4505 3950 4576 προσφέ·

2375 4612 2508 4667 ρουσι
2525 4634 2541 4657 ,
2567 4591 2783 4663 καθάπερ
2809 4588 2918 4644 οὗδὶ
2943 4588 3002 4642 τὸ
3029 4590 3142 4659 πῦρ,
3171 4584 3296 4639 κατὰ
3323 4585 3492 4658 τιμήν.
3524 4584 3638 4654 11-
3669 4600 3749 4640 10.
3775 4588 3874 4636 τῶν
3904 4582 3947 4646 ξ’

2378 4675 2561 4743 CDLy.
2587 4672 2717 4724 Fort
2743 4678 2856 4723 erat
2885 4686 2900 4723 z
2929 4666 3167 4739 ὠφελείας
3195 4663 3434 4736 [πλείους]
3463 4669 3562 4718 τῶν
3590 4661 3650 4727 ξ’.
3690 4662 3794 4717 Sed
3831 4680 3946 4717 ma-

2373 4748 2466 4803 lim
2493 4766 2508 4803 ε
2537 4746 2642 4822 ᾠδὴ
2669 4742 2703 4822 ᾖ
2731 4746 2817 4809 τὰς
2839 4746 3074 4819 ὠφελείας
3099 4743 3288 4817 [αὐτοῦ]
3318 4741 3360 4806 ξ’
3383 4740 3790 4813 διαριθμοῦνταιῖ
3823 4742 3846 4811 ss
3875 4769 3949 4782 —

2374 4833 2464 4883 26.
2508 4827 2750 4883 παιδεύειν
2789 4825 3002 4881 ἱππεύειν
3047 4828 3100 4879 C.
3136 4824 3158 4893 ΙΙ
3197 4852 3271 4864 —-
3302 4837 3394 4891 27.
3430 4838 3564 4883 τινας
3602 4820 3818 4891 νομάδας
3847 4822 3944 4881 M,-

2378 4906 2509 4962 εἶναι
2531 4909 2649 4980 γένη
2675 4906 2812 4980 λέγει
2837 4910 2931 4972 Μ,
2967 4906 3084 4976 γένη
3115 4902 3250 4973 λέγει
3286 4899 3416 4957 εἶναι
3454 4900 3508 4959 d.
3543 4902 3564 4973 ΙΙ
3596 4930 3670 4943 --
3697 4901 3786 4957 3ο.
3813 4898 3944 4953 ἔστιν

2373 5006 2484 5044 om.
2520 4986 2612 5044 Cd.
2646 4990 2668 5058 ΙΙ
2706 5016 2769 5029 -
2807 4986 2894 5049 34.
2929 4984 3128 5053 Μηδικά
3155 5001 3263 5037 om.
3299 4983 3355 5036 cl.
3392 4983 3414 5053 ΙΙ
3459 5011 3532 5022 -
3566 4980 3652 5035 35.
3685 4978 3803 5034 Ὅτι
3845 4979 3945 5031 Σά-

2375 5067 2524 5123 6αι...
2552 5065 2792 5139 Ἆραὸικοὶ
2815 5066 2880 5127 ὡς
2907 5082 3012 5120 om.
3042 5063 3098 5119 d.
3147 5064 3168 5134 ΙΙ
3195 5092 3270 5105 -
3294 5063 3383 5117 38.
3429 5061 3584 5114 Γάὸαι
3615 5064 3671 5117 C.
3702 5062 3725 5131 ss
3753 5090 3826 5101 —
3849 5060 3939 5129 39.

2373 5145 2652 5218 Θρᾳκικδν]
2704 5143 2864 5217 Apud
2905 5143 3226 5214 Stephanum
3269 5144 3396 5213 Byz.
3447 5142 3635 5211 iegitur
3693 5157 3706 5193 :
3755 5138 3940 5202 Σάὸοι,

2373 5225 2515 5289 ἔθνος
2540 5226 2789 5300 Φρυγίας·
2815 5224 3044 5295 λέγονται
3065 5221 3148 5277 καὶ
3173 5220 3284 5275 ἀντὶ
3318 5225 3406 5275 τοῦ
3436 5222 3618 5293 βάκχοι
3651 5218 3782 5291 παρὰ
3809 5218 3944 5291 Φρυ-

2371 5303 2463 5369 ξίν.
2491 5304 2642 5359 Idem
2671 5322 2796 5359 vero
2835 5321 2849 5357 :
2877 5304 3067 5368 Σάπαι,
3109 5301 3246 5365 ἔθνος
3286 5300 3514 5373 θρᾳκίας.
3548 5302 3570 5372 ΙΙ
3601 5331 3659 5341 -
3691 5303 3778 5364 4ο.
3813 5297 3942 5352 ἔοικε

2371 5404 2481 5441 om.
2509 5390 2564 5441 C.
2597 5386 2620 5457 ΙΙ
2642 5416 2716 5427 -
2735 5388 2824 5449 lu.
2849 5380 3331 5457 λέγεσθιιΣαὸάριος
3353 5381 3410 5436 d.
3447 5382 3469 5453 ΙΙ
3493 5410 3564 5423 -
3588 5384 3678 5446 42.
3708 5377 3942 5451 Περσικὸν
