4584 6284
764 488 879 539 218

831 631 876 672 ε.
920 609 1068 690 Ὅρα
1096 609 1150 670 δὲ
1173 610 1256 670 ὅτι
1278 615 1437 684 νῆσον
1462 611 1623 672 εἰπὼν
1650 612 1749 685 τὴν
1774 613 2021 696 ἀπείρονα
2045 620 2144 696 γῆν
2173 620 2307 677 εὖτε-

748 699 855 767 λῶς
880 697 972 758 καὶ
1008 698 1559 781 σμικροπρεπέστερον
1599 701 1881 776 ἀνέστησεν
1922 703 2095 770 ἄλλως
2129 703 2191 764 τὸ
2217 709 2308 782 τῆς

750 785 987 860 κλήσεως
1037 786 1280 848 ταπεινὸν
1332 787 1419 848 διὰ
1465 787 1767 868 προσθήκης
1815 792 2049 852 ἐπιθέτω
2108 797 2300 871 σεμνοῦ

750 873 842 934 καὶ
865 876 1056 956 ἔπ’ἧρεν
1080 877 1151 942 εἰς
1180 872 1312 954 ὕψος
1335 875 1397 936 τὸ
1418 885 1643 958 πρᾶγμα
1660 923 1677 950 ,
1696 880 1789 938 οιήι
1820 877 2175 954 ἅπλῶς-νῆσον
2209 883 2308 940 αὖ-

699 986 728 1026 5
751 962 847 1034 τήν
880 963 1041 1022 εἰπὼν
1056 1008 1073 1036 ,
1102 961 1244 1023 ἀλλὰ
1270 965 1674 1045 προσονομόσας
1697 965 1955 1049 ἀπείριτον
1970 988 2007 1044 ,·
2023 966 2151 1047 ὅπερ
2174 971 2308 1027 ταῦ-

750 1049 838 1110 τόν
859 1054 973 1112 έστι
1000 1053 1077 1132 τῷ
1105 1051 1359 1132 ἀπείρονα
1378 1097 1395 1125 ,
1423 1052 1511 1111 καὶ
1531 1052 1695 1122 οὕτως
1717 1053 2124 1122 ἀντιδιαστείλας
2144 1055 2306 1128 αὖτὴν

750 1137 881 1216 πρὸς
902 1135 997 1204 τὰς
1026 1137 1189 1207 ἄλλας
1216 1137 1435 1214 νήσους,
1467 1136 1657 1209 αἵτινες
1686 1138 1773 1198 διὰ
1796 1137 1856 1199 τὸ
1883 1138 1957 1217 μὴ
1986 1139 2200 1222 ἄπειρον
2224 1143 2310 1202 εὗ-

754 1223 944 1282 δείελοι
984 1224 1261 1301 λέγονται,
1302 1223 1570 1284 τουτέστιν
1615 1223 1822 1295 εὔδηλοι
1840 1269 1859 1298 ,
1904 1227 2303 1309 εὖπεριόριστοι.

755 1309 909 1383 Φησὶ
932 1309 1035 1391 γὰρ
1062 1309 1143 1372 ὅτι
1173 1312 1225 1370 ἓν
1256 1311 1439 1393 ἐκείνῳ
1464 1320 1614 1372 πᾶσα
1640 1311 1782 1392 χθὼν
1812 1309 1905 1370 ἅτε
1928 1315 2081 1385 νῆσος
2102 1315 2308 1397 ἀπείρι-

676 1423 728 1464 to
756 1421 841 1466 τος
864 1397 1243 1479 ἐστεφάνωται.
1328 1402 1425 1460 Δεῖ
1451 1399 1505 1458 δὲ
1532 1398 1723 1458 εἰδέναι
1749 1396 1827 1457 ὅτι
1848 1397 1947 1458 κᾶν
1976 1400 2224 1483 εὐρύτερα
2240 1402 2308 1462 τὰ

756 1490 851 1558 τῆς
878 1485 1185 1562 οἰκουμένης
1214 1485 1393 1567 βόρεια
1415 1487 1507 1545 καὶ
1534 1485 1602 1546 τὰ
1628 1485 1800 1559 νότια,
1823 1485 2062 1570 καθάπερ
2084 1486 2305 1568 εἴρηται,

757 1572 876 1631 ἀλλ’
912 1575 963 1633 οἱ
993 1571 1213 1634 παλαιοὶ
1244 1573 1624 1656 πινακογρᾶφοι
1648 1577 1743 1643 τῆς
1779 1572 2039 1654 Εὗρῶπης
2075 1574 2172 1653 μὶν
2210 1575 2306 1650 τὴν

754 1657 1105 1742 καταγραφὴν
1134 1660 1357 1740 εὗρύνειν
1382 1661 1619 1742 λέγονται
1640 1660 1800 1720 πλέον
1824 1660 1955 1741 πρὸς
1985 1665 2202 1743 βορρᾶν,
2233 1667 2306 1732 ὡς

757 1742 821 1804 ἂν
852 1744 1023 1827 ἔχοιεν
1050 1746 1326 1828 ἐγγράφειν
1355 1748 1597 1827 εὖκρινῶς
1618 1744 1684 1806 τὰ
1712 1748 1765 1806 ἐν
1792 1749 1922 1828 αὐτῇ
1946 1749 2116 1810 πολλὰ
2140 1747 2260 1822 ἔθνη
2280 1795 2300 1827 ,

674 1859 727 1898 ta
758 1831 855 1905 τὴν
902 1831 960 1893 δὲ
992 1832 1197 1907 Διόὖην
1242 1831 1589 1912 ἀπεστένουν,
1640 1837 1711 1901 ὥς
1751 1835 2182 1916 ὓπερὸοίλλουσαν
2226 1840 2304 1920 τῷ

755 1920 965 2002 μεγέθει
999 1921 1067 1982 τὰ
1101 1921 1242 1989 ἐντὸς
1284 1923 1441 1994 αὖτ’-ἥς
1484 1921 1601 1995 έθνη
1620 1967 1637 1998 ,
1675 1921 1761 1982 διὰ
1787 1923 1847 1983 τὸ
1890 1921 2025 1984 πολὺ
2065 1929 2161 1998 τῆς
2194 1925 2306 1987 ἐκεῖ

751 2009 1003 2084 ἀοικήτου
1022 2055 1040 2086 ,
1064 2008 1153 2070 ἵνα
1195 2008 1273 2090 μὴ
1299 2008 1576 2090 ίγκέηται,
1602 2010 1762 2094 φασὶ,
1790 2015 1867 2093 τῷ
1894 2013 2077 2073 πίνακι
2106 2013 2299 2095 χωρίον

748 2097 1003 2162 διάκενον.

827 2207 875 2252 7.
922 2185 1191 2270 Σφενδόνῃ
1220 2184 1275 2246 δὲ
1298 2185 1396 2260 τὴν
1424 2187 1729 2268 οίκουμένην
1758 2187 1950 2258 εἰκάζει
1985 2191 2014 2247 ὁ
2034 2184 2298 2255 Διονύσιος

662 2305 719 2348 20
746 2274 781 2349 ἣ
814 2280 891 2357 τῷ
918 2275 1175 2359 λιθοόόλιρ
1205 2275 1410 2358 ὀργάνῳ
1436 2273 1471 2350 ἢ
1499 2276 1590 2337 καὶ
1622 2279 1756 2358 αὐτῇ
1800 2283 1867 2359 τῇ
1914 2274 2165 2358 σφενδόνῃ
2201 2280 2294 2336 τοῦ

746 2365 1048 2427 δακτυλίω.
1132 2367 1203 2426 Εἰ
1254 2363 1311 2425 δέ
1355 2388 1435 2434 τις
1480 2365 1621 2425 ὀκνεῖ
1665 2371 1819 2427 τοῦτο
1869 2364 2294 2448 παραδέχεσθαι,

746 2451 1065 2534 ἀφαιρείσθω
1092 2452 1182 2514 καὶ
1221 2457 1315 2525 τῆς
1362 2457 1453 2512 τοῦ
1495 2453 1775 2513 δακτυλίω
1801 2453 2082 2536 σφενδόνης
2109 2452 2201 2513 καὶ
2232 2451 2292 2512 τὸ

741 2540 931 2620 ὄνομα.
1012 2539 1200 2602 Ἔοικε
1240 2539 1343 2620 γὰρ
1392 2539 1483 2600 καὶ
1520 2538 1651 2612 αὕτη
1700 2542 1917 2614 τοιαύτη
1958 2539 2128 2600 πάλαι
2163 2538 2289 2600 ποτὲ

740 2621 868 2690 οὖσα
902 2629 1042 2690 κατὰ
1072 2629 1131 2690 τὸ
1164 2633 1384 2710 ἀρχαῖον
1428 2630 1506 2710 ἔφ’
1544 2628 1767 2712 ἱκοίτερα
1811 2627 1905 2709 μὶν
1959 2629 2291 2712 εὖρῦνεσθαι,

659 2742 712 2783 ss
740 2719 829 2780 ἰπὶ
856 2717 1050 2800 θάτερα
1080 2717 1135 2778 δέ
1164 2717 1283 2777 καθ’
1305 2716 1590 2797 ὁμοιότητα
1613 2721 1707 2790 τῆς
1732 2716 2015 2798 ὁμωνύμου
2043 2715 2295 2801 πετροόό-

736 2809 827 2868 λου
849 2807 1131 2889 σφενδόνης
1169 2804 1484 2883 συνάγεσθαι
1511 2808 1583 2873 είς
1618 2805 1878 2889 ὀξύτερον.
1962 2809 2034 2870 Οἱ
2076 2807 2132 2867 δὲ
2172 2831 2287 2867 πα-

734 2892 873 2953 λαιοί
894 2915 1022 2974 φασι
1050 2891 1141 2953 καὶ
1178 2891 1376 2972 κόσμον
1403 2893 1516 2952 τινὰ
1542 2903 1831 2974 γυναικεῖον
1867 2894 2150 2976 σφενδόνην
2185 2917 2288 2954 κα-

736 2980 966 3055 λεῖσθαι,
1006 2979 1183 3057 ὅμοιον
1216 2983 1285 3061 τῇ
1312 2979 1583 3062 τηλεὸόλῳ
1620 2981 1871 3063 σφενδόνῃ
1904 2980 2031 3042 ὄντα
2045 3026 2062 3057 ,
2089 2981 2295 3042 πλατὺν

758 3067 832 3126 ιὲν
864 3064 955 3126 καὶ
988 3067 1144 3128 αὖτὸν
1190 3063 1261 3125 τὰ
1311 3067 1450 3144 με’σα
1493 3068 1585 3127 καὶ
1614 3068 1741 3149 πρὸς
1774 3072 1852 3149 τῷ
1895 3068 2129 3149 μετώπῳ
2155 3069 2292 3127 πίπ-

666 3165 719 3208 ³0
744 3176 925 3226 τοντα,
974 3155 1036 3213 έκ
1076 3152 1402 3234 λεπτοτέρων
1433 3153 1489 3212 δὲ
1536 3155 1629 3214 καὶ
1676 3155 1927 3235 ὀξυτέρων
1978 3158 2087 3216 τῶν
2118 3155 2294 3236 ἄκρων

739 3239 904 3300 ’.πίσω
930 3239 1300 3316 δεσμούμενον.
1382 3232 1489 3301 Ἦν
1520 3240 1575 3299 δὲ
1591 3286 1607 3313 ,
1629 3242 1760 3323 φασὶ
1777 3287 1795 3316 ,
1821 3240 1912 3301 καὶ
1940 3245 2296 3325 όπισθοσφεν-

736 3326 861 3400 δόνῃ
899 3326 1048 3408 παρὰ
1088 3332 1197 3394 τοῖς
1224 3331 1477 3404 κωμικοῖς
1506 3330 1566 3387 ἐκ
1597 3333 1690 3387 τοῦ
1718 3327 1951 3388 ἔναντίου
1983 3333 2051 3409 τῇ
2078 3328 2294 3410 τοιαύτῃ

738 3411 1021 3496 σφενδόνῃ,
1051 3413 1139 3472 διὰ
1161 3412 1221 3473 τὸ
1246 3414 1567 3494 γελοιότερον
1583 3417 1953 3496 περιτιθεμένη
1973 3420 2039 3494 τῇ
2064 3419 2294 3497 κεφαλῇ,

738 3499 832 3560 καὶ
858 3497 1031 3560 ὀπίσω
1060 3498 1151 3577 μὲν
1182 3500 1375 3581 ἔχουσα
1410 3499 1479 3560 τὰ
1505 3500 1809 3584 πλατύτερα
1826 3547 1844 3580 ,
1878 3499 1946 3560 τὰ
1986 3503 2043 3562 δὲ
2072 3500 2291 3583 ὀξύτερα

656 3615 713 3656 as
744 3587 836 3649 καὶ
861 3587 951 3649 τὸν
981 3586 1169 3667 δεσμὸν
1196 3589 1319 3671 περὶ
1353 3588 1414 3651 τὸ
1440 3586 1754 3672 ἔμπροσθεν.

820 3674 954 3739 Ὅτι
982 3676 1078 3750 τὴν
1101 3676 1227 3750 ὅλην
1264 3681 1396 3757 γῆν,
1434 3676 1627 3756 καίπερ
1659 3676 1789 3755 μίαν
1818 3667 1979 3737 οῧσαν
2010 3675 2163 3760 φύσει
2201 3677 2296 3738 καὶ

740 3769 969 3846 συνεχῆ,
1002 3767 1050 3825 οἳ
1078 3764 1342 3845 ἅνθρωποι
1372 3772 1611 3846 τρισσαῖς
1638 3767 1723 3825 ἐπ’
1749 3764 1987 3846 ἠπείροις
2016 3765 2291 3828 ἐδάσαντο.

742 3853 917 3914 Τοῦτο
939 3852 995 3913 δὲ
1030 3855 1091 3912 ἐκ
1110 3857 1214 3913 τῶν
1245 3853 1530 3932 Ἡροδότου
1559 3852 2035 3935 παραπέφρασται,
2060 3855 2292 3923 εἰπόντος

740 3939 824 4000 ὅτι
850 3946 919 4022 τῇ
951 3945 1020 4021 γῇ
1050 3950 1148 4022 μιᾷ
1174 3939 1306 4022 οὔσῃ
1350 3942 1599 4023 τριφάσια
1629 3949 1828 4001 κεῖνται
1854 3941 2117 4021 ὀνόματα,
2146 3944 2288 4002 ἕπω-

652 4051 707 4092 εο
742 4027 933 4106 νυμίας
974 4027 1479 4110 ἕχονταγυναικῶν.
1564 4020 1699 4090 Εἶτα
1730 4033 1759 4089 ὁ
1788 4032 2054 4099 Διονύσιος
2080 4032 2291 4114 φιλοτι-

738 4113 994 4195 μούμενος
1014 4116 1090 4176 ἑνὶ
1112 4115 1228 4177 ἔπει
1256 4114 1562 4198 περιλαόεἶν
1588 4117 1659 4178 τὰ
1686 4123 1903 4178 τοιαῦτα
1930 4116 2052 4196 τρία
2072 4123 2167 4192 τῆς
2192 4123 2289 4197 γῆς

733 4201 991 4281 τμήματα
1016 4203 1166 4286 φησί·
1187 4203 1442 4285 «πρώτην
1462 4203 1559 4282 μὲν
1590 4205 1826 4279 Διὸύην,
1854 4209 1987 4282 μετὰ
2017 4207 2065 4267 δ’
2097 4205 2288 4288 Εὐρώ-

741 4547 791 4587 1.
812 4533 963 4605 γαῖαν
988 4535 1123 4602 ch,
1144 4535 1239 4603 γῆν
1264 4541 1389 4587 cett.
1415 4532 1439 4603 ΙΙ
1469 4562 1542 4574 -·
1563 4549 1616 4589 2.
1642 4553 1837 4606 μικροπ.
1859 4537 2019 4590 CDK
2029 4537 2143 4590 ΠΥ.
2172 4534 2194 4604 ΙΙ
2218 4563 2291 4576 ·-

738 4625 826 4665 10.
855 4609 917 4665 τὰ
940 4626 1054 4666 om.
1087 4611 1153 4672 K,
1176 4619 1298 4662 ante
1317 4609 1482 4682 βόρεια
1500 4609 1655 4664 habet
1687 4615 1738 4666 C.
1770 4613 1793 4681 ΙΙ
1815 4640 1890 4653 -
1911 4616 1996 4677 14.
2030 4610 2143 4683 ἔχοι
2164 4615 2287 4668 CK.

736 4685 997 4760 εὖκρινῶς]
1041 4685 1245 4759 ἀκριὸῶς
1271 4705 1382 4743 var.
1430 4687 1548 4743 lect.
1596 4709 1683 4762 ap.
1712 4692 1779 4745 R.
1814 4691 1996 4764 steph.
2034 4691 2058 4762 ΙΙ
2092 4721 2167 4734 -
2202 4691 2289 4746 15.

735 4763 1001 4820 ἀπετέλουν
1035 4770 1088 4822 C.
1119 4767 1141 4837 11
1168 4796 1241 4808 -
1264 4771 1350 4823 16.
1376 4767 1553 4822 Verba
1574 4773 1651 4840 τίῖι1
1669 4767 2157 4843 μεγόθει...ὶγκέηται
2176 4787 2286 4824 om.

732 4845 801 4898 F.
832 4843 856 4916 ΙΙ
904 4874 978 4886 -—
1008 4860 1092 4914 17.
1122 4843 1353 4913 ἀοικήτου
1391 4846 1658 4903 CEMUdI
1676 4857 1729 4900 et
1754 4863 1838 4919 pr.
1884 4867 1958 4906 m.
2014 4854 2087 4913 N,
2117 4847 2288 4917 ἀοίκηὲ

730 4939 821 4976 τον
847 4933 993 4989 cett.;
1019 4922 1243 4996 ἐγιέηται
1256 4925 1280 4996 ]
1292 4922 1414 4980 cod.
1433 4924 1584 4980 Politi
1602 4935 1655 4989 et
1678 4943 1813 4980 unus
1828 4926 1994 4983 codex
2005 4927 2251 5000 Stephani
2267 4949 2284 4993 ς

730 4997 942 5073 Ιγκηται
965 5018 998 5056 e
1030 5011 1102 5068 et,
1138 5018 1297 5074 supra
1320 5003 1515 5075 scripto
1548 5005 1733 5070 κεῖται,
1778 5009 1825 5060 Υ
1836 5029 1859 5069 ,-
1902 5005 2118 5078 ἔγκειται
2147 5011 2289 5062 cmi

731 5084 793 5136 K
796 5083 952 5136 HNa
974 5081 1264 5152 ceterique,
1292 5092 1357 5136 ut
1388 5081 1611 5137 videtur.
1640 5083 1662 5152 ΙΙ
1697 5113 1765 5124 -
1789 5101 1877 5140 2ο.
1906 5088 1972 5157 τῇ
1998 5103 2108 5141 om.
2139 5090 2206 5141 F.
2256 5089 2279 5154 ΙΙ

725 5177 800 5190 -
828 5165 893 5203 21
908 5189 924 5204 .
957 5153 1091 5218 Quae
1117 5161 1243 5206 sunt
1266 5162 1386 5224 post
1401 5170 1454 5208 v.
1479 5153 1736 5206 δακτυλίου
1760 5172 1923 5226 usque
1942 5153 2009 5208 ad
2029 5173 2082 5211 v,
2113 5156 2286 5210 δακτυ-

727 5224 841 5279 λίου
858 5245 970 5283 om.
1006 5231 1115 5293 CD,
1137 5227 1232 5300 qui
1258 5229 1452 5284 similes
1472 5229 1681 5285 lacunas
1703 5232 1813 5286 aliis
1838 5233 2015 5288 multis
2038 5232 2165 5287 locis
2190 5235 2283 5288 ha·

727 5302 874 5358 bent.
894 5304 1270 5378 Bernhardyus
1296 5307 1453 5362 verba
1479 5307 1525 5363 εἰ
1557 5309 1609 5363 δέ
1630 5311 1849 5373 τις...κα“ι
1874 5311 1931 5366 τὸ
1953 5312 2111 5384 ὄνομα
2136 5315 2284 5367 uncis

2142 453 2558 548 Eus‘rnmt

2459 623 2516 684 4.
2553 623 2734 690 Quum
2763 624 3070 679 immensam
3098 623 3296 680 hancce
3331 632 3524 680 terram
3553 626 3774 682 insulam
3805 640 3952 684 vocet

2391 697 2587 769 abjecte
2617 710 2670 755 et
2693 701 2870 757 minus
2897 701 3086 758 decore
3101 742 3119 769 ‚
3148 701 3269 758 vide
3303 715 3364 758 nt
3403 705 3759 778 appellationis
3795 706 3952 779 hujus

2393 777 2736 834 bumilitatem
2752 819 2768 843 .
2796 778 3000 852 adjecto
3027 781 3192 837 nobili
3226 784 3457 856 epitheto
3476 824 3491 849 ,
3516 803 3725 840 rursum
3765 787 3916 856 erigit
3929 827 3948 851 ‚

2391 873 2608 928 remque
2655 857 2808 912 altius
2853 859 3080 925 extollit,
3118 861 3314 935 qnippe
3368 864 3460 935 qui
3495 880 3606 918 non
3650 863 3954 934 simpliciter

2393 932 2611 990 insulam
2629 955 2745 992 eam
2759 949 2929 1005 vocet,
2943 939 3036 994 sed
3050 939 3294 1014 ἀπείριτον
3309 941 3554 1009 insulam,
3571 941 3718 1014 quod
3736 941 3950 1015 quidem

2394 1011 2532 1069 idem
2556 1025 2634 1070 est
2647 1027 2806 1088 atque
2829 1016 3060 1090 ἀπείρονα
3075 1058 3092 1086 ,
3116 1018 3327 1074 remini
3344 1032 3623 1094 expertem,
3642 1021 3818 1094 itaque
3835 1037 3951 1077 eam

2393 1091 2461 1146 ab
2476 1093 2587 1148 aliis
2601 1094 2784 1150 insulis
2796 1096 3099 1170 distinguat,
3116 1115 3234 1170 quae
3247 1100 3371 1172 quia
3389 1118 3498 1155 non
3519 1100 3784 1155 immensae
3805 1113 3950 1170 sunt,

2394 1168 2643 1227 dicuntur
2663 1173 2894 1231 εὖδείελοι
2906 1216 2922 1243 ,
2941 1177 3046 1231 hoc
3067 1188 3146 1232 est
3165 1176 3395 1247 εὔδηλοι,
3426 1178 3718 1254 conspicua·
3737 1179 3953 1254 beneque

2395 1250 2616 1326 undique
2626 1253 2866 1327 definitae.
2884 1257 3026 1310 Dicit
3037 1257 3179 1311 enim
3197 1259 3254 1311 in
3271 1257 3361 1313 illo
3376 1267 3538 1313 totam
3558 1269 3750 1312 terram
3767 1276 3858 1312 seu
3877 1259 3954 1313 in·

2393 1329 2556 1384 sulam
2575 1331 2883 1388 immensam
2903 1353 3014 1389 esse
3039 1346 3362 1392 coronatam.
3399 1339 3510 1391 Etsi
3540 1355 3666 1392 vcro
3693 1347 3834 1390 terra
3859 1335 3952 1391 ha·

2393 1407 2618 1464 bitabilis
2637 1409 2792 1464 latior
2811 1422 2889 1467 est
2911 1413 2980 1468 ad
3001 1424 3236 1469 anstrum
3260 1424 3314 1469 et
3337 1417 3736 1489 septentriones,
3767 1432 3952 1487 quem-

2391 1483 2678 1544 admodum
2696 1488 2897 1545 dictum
2915 1502 3020 1557 est,
3045 1502 3220 1548 tamen
3246 1494 3379 1548 scire
3398 1505 3607 1567 oportet
3634 1494 3689 1549 id
3713 1491 3858 1565 quod
3883 1489 3955 1546 de

2391 1565 2654 1622 veteribus
2711 1569 3009 1625 tabularum
3062 1570 3472 1646 descriptoribus
3515 1575 3787 1648 proditum
3835 1581 3948 1638 est,

2393 1641 2796 1717 descriptionem
2819 1667 2921 1703 eos·
2935 1669 2998 1705 ac
3019 1649 3418 1708 delineationem
3443 1657 3670 1729 Europa
3697 1656 3851 1715 latius
3873 1661 3944 1716 ad

2392 1725 2772 1795 septentriones
2793 1728 3120 1800 protendisse
3135 1771 3151 1797 ,
3168 1731 3357 1786 multas
3381 1743 3442 1788 ut
3463 1733 3577 1788 illas
3601 1746 3778 1804 gentes
3797 1778 3813 1805 ,
3831 1758 3954 1812 quae

2393 1803 2448 1856 in
2485 1821 2544 1858 ea
2575 1808 2933 1876 continentur,
2975 1806 3218 1864 distincte
3255 1821 3468 1883 possent
3505 1813 3816 1884 inscribere3
3855 1821 3946 1874 Li·

2393 1879 2551 1952 byam
2575 1899 2731 1952 vero,
2761 1885 3123 1956 magnitudine
3159 1905 3256 1942 sua
3287 1899 3464 1959 gentes
3489 1906 3608 1962 quae
3641 1888 3698 1944 in
3724 1909 3785 1947 ea
3819 1907 3944 1950 sunt

2391 1960 2547 2033 longe
2563 1977 2984 2038 exsuperantem,
2999 1977 3276 2040 propterea
3285 1967 3430 2040 quod
3448 1968 3676 2024 multum
3695 1971 3768 2025 ibi
3782 1975 3953 2044 regio·

2385 2058 2516 2096 num
2543 2043 2882 2100 inhabitabile
2911 2056 3008 2113 est,
3035 2058 3322 2102 coarctasse
3339 2089 3355 2116 ,
3385 2059 3446 2104 ut
3469 2067 3538 2103 ne
3573 2053 3691 2122 quis
3713 2053 3904 2109 inesset
3920 2095 3938 2119 ‚

2387 2122 2569 2190 aiunt,
2600 2125 2658 2178 in
2691 2124 2868 2180 tabula
2893 2125 3039 2181 locus
3059 2145 3274 2184 vacuus.

2459 2227 2514 2281 7.
2550 2210 2771 2266 Terram
2794 2211 3129 2284 habitabilem
3169 2214 3416 2268 assimilat
3438 2216 3707 2290 σφενδόνῃ,
3720 2217 3940 2288 sunda,

2382 2293 2492 2348 sive
2514 2293 2928 2350 instrumentum
2959 2296 3015 2350 id
3049 2298 3138 2365 sit,
3163 2316 3272 2371 quo
3291 2296 3490 2372 lapides
3519 2297 3812 2370 jaciuntur,
3835 2303 3948 2358 sive

2381 2375 2545 2433 funda
2563 2379 2635 2434 sit
2657 2398 2721 2435 ac
2744 2379 2862 2454 pala
2878 2381 3082 2438 annuli.
3157 2382 3319 2451 Quod
3341 2383 3384 2436 si
3403 2385 3522 2456 quis
3542 2383 3646 2438 hoc
3665 2383 3944 2442 admittere

2389 2461 2538 2530 nolit,
2557 2464 2717 2519 etiam
2735 2482 2932 2520 nomen
2949 2467 3212 2537 σφενδόνης
3228 2464 3297 2520 dc
3312 2466 3491 2521 annuli
3507 2466 3624 2540 pala
3639 2480 3949 2540 usurpatum

2383 2541 2544 2600 tollat.
2615 2543 2848 2600 Videtur
2871 2545 3014 2600 enim
3054 2555 3110 2600 et
3134 2545 3252 2619 pala
3276 2545 3392 2600 talis
3429 2546 3726 2618 antiquitus
3753 2546 3943 2616 fuisse,

2381 2643 2446 2687 ut
2467 2649 2528 2687 ea
2555 2632 2611 2686 in
2639 2632 2826 2688 alteras
2857 2643 3036 2707 partes
3060 2631 3214 2687 latius
3239 2641 3466 2705 pateret,
3505 2633 3560 2685 in
3599 2631 3782 2687 alteras
3811 2651 3936 2688 vero

2384 2709 2454 2766 ad
2476 2712 2774 2787 exemplum
2799 2711 2979 2768 fundae
3010 2713 3368 2786 cognominis,
3389 2729 3494 2784 qua
3527 2711 3724 2784 lapides
3739 2710 3945 2784 jaciun-

2381 2802 2490 2859 tur,
2529 2793 2585 2846 in
2612 2801 2897 2864 angustum
2939 2802 3227 2864 cogeretur.
3302 2791 3520 2846 Veteres
3547 2802 3723 2846 autem
3763 2803 3946 2850 notant

2382 2873 2437 2929 in
2457 2875 2660 2930 mundo
2675 2875 2834 2930 etiam
2846 2874 3092 2930 muliebri
3112 2876 3376 2948 σφενδόνην
3391 2877 3565 2929 vocari
3578 2887 3943 2932 ornamentum

2380 2953 2650 3027 quoddam
2677 2955 2846 3010 simile
2883 2953 3089 3021 fundae,
3110 2971 3216 3026 qua
3235 2952 3390 3024 longe
3410 2953 3608 3026 lapides
3629 2952 3942 3024 funduntur,

2381 3050 2548 3107 quum
2577 3043 2632 3088 et
2656 3034 2830 3106 ipsum
2864 3034 3029 3088 latum
3059 3034 3127 3087 sit
3152 3033 3209 3087 in
3235 3031 3410 3086 medio
3436 3031 3583 3105 quod
3619 3032 3686 3088 ad
3717 3031 3943 3090 fi-ontem

2381 3115 2522 3171 cadit
2535 3156 2553 3183 ,
2582 3117 3000 3172 extremitatibus
3021 3134 3154 3174 vero.
3173 3116 3502 3171 tenuioribus
3532 3126 3692 3188 atque
3723 3119 3945 3173 strictio·

2381 3194 2528 3249 ribus
2563 3206 2707 3250 retro
2741 3197 2808 3248 sit
2841 3196 3124 3266 alligatum.
3197 3195 3322 3248 Erat
3374 3212 3528 3261 vero,
3565 3195 3744 3260 aiunt,
3787 3197 3942 3251 etia-

2381 3273 2794 3346 όπισθοσφενδόνη
2835 3272 2974 3346 apud
3007 3273 3237 3328 comicos
3271 3273 3348 3326 sic
3381 3271 3552 3336 dicta,
3578 3284 3760 3328 contra
3783 3293 3940 3348 quam

2381 3346 2459 3411 est
2480 3359 2592 3412 haec
2615 3359 2712 3412 ista
2745 3357 3000 3426 σφενδόνη,
3023 3354 3171 3426 quod
3198 3355 3283 3409 illa
3299 3394 3315 3421 ,
3357 3356 3492 3409 risus
3519 3356 3763 3411 movendi
3791 3377 3942 3414 causa

2381 3437 2536 3508 capiti
2571 3435 2940 3506 circumposita
2955 3474 2972 3501 ,
3001 3452 3061 3487 ea
3083 3450 3200 3505 quae
3227 3432 3410 3488 latiora
3433 3443 3557 3487 sunt
3571 3473 3588 3502 ,
3616 3445 3758 3489 retro
3787 3447 3941 3508 atque

2382 3519 2450 3573 ab
2471 3519 2693 3594 occipite
2717 3517 2959 3582 haberet3
2985 3533 3100 3589 quae
3127 3534 3254 3571 vero
3287 3517 3546 3572 strictiora
3579 3527 3736 3589 atque
3769 3520 3938 3592 ipsum

2381 3595 2632 3668 ligamen,
2653 3595 2793 3650 circa
2814 3592 3060 3651 frontem.

2456 3683 2769 3736 Universam
2803 3691 3017 3747 terram,
3048 3683 3250 3736 tametsi
3282 3682 3437 3736 unica
3473 3700 3535 3736 ea
3558 3683 3628 3736 sit
3644 3693 3832 3737 natura
3857 3693 3933 3738 at-

2385 3786 2490 3841 que
2525 3768 2834 3834 continens,
2865 3779 3040 3822 tamen
3081 3766 3320 3823 homines
3367 3767 3423 3822 in
3471 3770 3796 3824 continentes
3834 3780 3938 3825 tres

2386 3855 2698 3910 diviserunt.
2767 3855 2886 3909 Hoc
2913 3872 3036 3908 vero
3056 3870 3153 3926 per
3173 3854 3510 3929 paraphrasin
3531 3853 3752 3910 ductum
3775 3867 3853 3910 est
3869 3873 3936 3910 ex

2389 3943 2666 4000 Herodoto
2689 3947 2775 4010 (4,
2811 3945 2944 4012 45),
2980 3943 3069 3997 uhi
3108 3943 3152 3996 is
3180 3953 3358 3998 narrat
3381 3953 3558 4010 terrae,
3597 3944 3800 3998 tametsi
3829 3962 3934 3998 una

2383 4049 2444 4087 ea
2467 4031 2566 4097 sit,
2605 4041 2782 4086 tamen
2810 4031 2912 4085 tria
2950 4028 3019 4084 de
3053 4030 3332 4084 mulierum
3376 4030 3679 4086 nominibus
3721 4033 3934 4086 nomina

2383 4120 2625 4193 imposita
2661 4117 2836 4175 fuisse.
2909 4117 3050 4171 Tum
3079 4119 3362 4191 Dionysius
3387 4118 3671 4173 studiosius
3694 4120 3794 4173 tria
3823 4119 3934 4173 haec

2385 4217 2535 4260 terrae
2552 4214 2818 4277 segma-ta
2838 4221 2948 4259 uno
2983 4221 3135 4259 versu
3161 4204 3559 4276 eotnprehendit
3575 4244 3590 4270 ,
3613 4204 3697 4258 his
3723 4205 3892 4259 verbis
3915 4224 3932 4261 t

2379 4532 2605 4587 inclusit.
2634 4533 2656 4603 ΙΙ
2687 4561 2760 4573 -
2787 4548 2874 4586 22.
2905 4532 2990 4585 καὶ
3015 4531 3130 4603 τῆς]
3158 4531 3241 4585 καὶ
3266 4549 3373 4588 om.
3405 4535 3464 4587 K
3469 4535 3518 4585 Y
3529 4553 3548 4595 ,·
3569 4533 3828 4602 σφενδόνης
3851 4533 3936 4585 καὶ

2379 4611 2525 4678 αὗτῆς
2541 4609 2687 4678 οὔσης
2708 4610 2767 4664 τὸ
2793 4611 2952 4682 ὄνομα
2977 4615 3038 4667 L.
3076 4613 3098 4681 ss
3123 4640 3196 4652 —
3221 4611 3311 4667 23.
3338 4610 3527 4682 πάλαι]
3551 4611 3684 4665 πάλα
3703 4610 3930 4668 Thwait.

2387 4691 2486 4760 ΙΙ-
2507 4693 2597 4753 24.
2613 4686 2686 4760 ἐφ’
2701 4687 2930 4760 έκάτερα]
2953 4687 3032 4743 ἐπὶ
3049 4689 3259 4760 θάτεραῖ
3281 4691 3381 4760 11-
3402 4687 3799 4759 25.πετροὸόλου
3815 4705 3928 4743 om.

2382 4772 2477 4825 Fa.
2525 4768 2548 4838 ΙΙ
2580 4796 2655 4809 -
2677 4771 2766 4821 26.
2790 4766 2840 4820 οἳ
2873 4766 2926 4820 δὲ
2967 4767 3166 4821 παλαιοί
3187 4785 3297 4821 om.
3335 4771 3391 4822 Ν
3413 4777 3494 4832 ct,
3537 4766 3718 4820 relicto
3759 4771 3932 4838 spatio

2381 4861 2576 4909 vacuo,
2611 4849 2692 4908 E;
2718 4842 2836 4898 Ὀτι
2855 4854 2976 4899 ante
3009 4843 3121 4898 hoec
3160 4844 3318 4899 verba
3340 4843 3561 4917 praefigit
3582 4843 3640 4901 d.
3682 4844 3704 4914 ΙΙ
3731 4874 3806 4886 -
3834 4845 3923 4901 3ο.

2377 4929 2476 4977 τῶν
2501 4922 2666 4994 ἄκρων
2696 4939 2807 4978 om.
2839 4927 2988 4979 CDL.
3025 4925 3048 4992 ΙΙ
3096 4951 3171 4964 —-·
3202 4923 3291 4977 33.
3341 4923 3692 4994 παρατιθεμίνη
3739 4926 3927 4978 cmm

2379 5005 2499 5058 ΥΠ.
2538 5003 2561 5072 ΙΙ
2590 5031 2664 5044 ·--
2686 5003 2774 5066 34.
2797 5001 3014 5073 ἔχουσα]
3039 5001 3226 5074 ἄγουσα
3254 5005 3330 5057 K.
3368 5003 3391 5070 ΙΙ
3420 5031 3493 5043 -
3517 4999 3606 5055 35.
3636 5002 3748 5072 περὶ
3778 5001 3838 5055 τὰ
3867 5009 3918 5060 C.

2383 5082 2405 5151 ΙΙ
2436 5111 2510 5122 --
2533 5081 2620 5134 36.
2664 5083 2792 5152 γῆν,
2839 5081 2952 5152 μίαν
2985 5074 3136 5132 οὖσαν
3161 5080 3330 5150 καίπερ
3356 5078 3440 5132 καὶ
3473 5085 3654 5152 συνεχῆ
3690 5086 3761 5144 0,·
3786 5081 3924 5150 φύσει

2375 5177 2484 5212 om.
2511 5158 2554 5215 Ι.
2581 5159 2604 5228 ΙΙ
2629 5189 2706 5200 -
2732 5159 2818 5214 38.
2860 5157 2916 5212 ἐκ
2941 5161 3027 5211 τοῦ
3051 5175 3124 5221 a;
3149 5176 3395 5228 περιπεφρ.
3435 5162 3512 5213 Κ.
3543 5158 3566 5229 ΙΙ
3594 5188 3667 5200 -
3692 5162 3781 5223 41.
3813 5159 3922 5229 τρία

2373 5254 2483 5291 om.
2516 5241 2650 5293 CDL
2664 5260 2689 5300 ,-
2715 5240 2800 5304 τῆς
2819 5239 2911 5307 γῆς
2936 5235 3167 5308 τμήματα
3201 5239 3502 5293 CDKLUY
3521 5278 3535 5300 ,
3558 5235 3795 5309 τμήματα
3833 5240 3921 5304 τῆς

2373 5315 2466 5386 γῆς
2490 5325 2616 5369 cett.
2669 5315 2691 5386 ΙΙ
2730 5345 2803 5357 -
2832 5319 2920 5379 42.
2966 5316 3159 5386 πρώτην
3190 5313 3275 5386 μὲν
3326 5318 3391 5381 U,
3419 5321 3584 5387 πρῶτα
3613 5315 3698 5388 μὲν
3732 5319 3913 5372 FEFL
