4584 6284
622 541 699 594 38

1278 657 1378 717 Fr.
1428 664 1521 715 82.

690 818 932 879 Marino,
960 814 1159 887 inquit,
1186 811 1300 865 seni
1328 810 1537 865 vicinus
1559 822 1636 863 est
1667 808 2007 891 Παράὸολος,
2033 806 2094 861 id
2111 819 2189 862 est

610 908 794 979 jactus
813 901 1116 958 temerarius
1129 941 1143 963 ,
1172 910 1503 973 nuncupatus
1526 916 1562 951 a
1578 897 1880 971 piscatione
1914 896 2191 951 temeraria

623 992 919 1063 incertaque
954 988 1019 1042 ob
1046 984 1211 1040 maris
1244 983 1581 1060 asperitatem
1618 982 1941 1057 inaequalem.
1970 981 2191 1037 Fluctus

620 1076 756 1134 enim
773 1073 1081 1131 descendens
1113 1073 1170 1129 in
1196 1070 1350 1127 littus
1380 1090 1638 1147 asper-uni,
1664 1069 1992 1145 piscationes
2028 1068 2191 1141 efficit

624 1161 925 1221 temerarias
938 1203 957 1228 ,
970 1178 1167 1237 parum
1185 1158 1300 1214 voti
1320 1170 1577 1233 compotes
1595 1167 1648 1212 et
1653 1156 1775 1227 jere
1779 1155 2185 1229 frustratorias.

624 1250 825 1308 Deinde
864 1261 945 1305 est
981 1248 1220 1305 Calamus
1257 1256 1311 1300 et
1343 1245 1561 1317 Bythias
1610 1267 1631 1301 :
1684 1246 1771 1300 ille
1802 1264 1839 1300 a
1872 1244 2191 1301 calamorum

628 1334 997 1401 multitudine,
1024 1334 1111 1390 hic
1144 1334 1213 1388 ab
1238 1333 1353 1388 alta
1370 1332 1695 1407 protectione
1714 1330 2189 1407 promontoriorum

620 1422 1143 1493 circumstet-gentium
1165 1418 1482 1476 nominatur.
1515 1419 1733 1494 Injpso
1752 1430 1833 1475 est
1862 1419 2043 1474 laurus
2075 1422 2191 1475 Me-

625 1512 752 1578 deoe,
787 1516 955 1566 AEetoe
979 1509 1109 1579 filia·
1120 1508 1316 1584 planta
1327 1548 1344 1574 ,
1384 1519 1445 1562 ut
1455 1507 1619 1578 sama
1640 1518 1719 1562 est
1728 1529 1751 1573 ;
1770 1504 2191 1581 huicpamllelus

627 1610 707 1655 est
735 1597 886 1654 collis
908 1596 1099 1653 sensim
1129 1594 1353 1671 supinus
1373 1592 1639 1649 declinans
1676 1594 1752 1649 ad
1774 1613 1940 1659 naam,
1964 1592 2195 1648 nomina-

630 1698 718 1740 tus
750 1683 957 1739 Baccha
980 1680 1149 1738 Isidis
1178 1686 1369 1739 matris
1388 1680 1617 1735 deorum.
1700 1754 1712 1765 -

696 1782 779 1835 Ex
799 1779 883 1834 bis
905 1779 1143 1851 Dionysii
1165 1778 1337 1831 verbis
1370 1778 1743 1850 consequimur
1758 1775 2073 1842 Parabolon,
2092 1778 2189 1831 Ca·

624 1867 847 1933 lanum,
866 1864 1109 1938 Bythiam
1128 1862 1245 1917 loca
1256 1882 1365 1917 csse
1386 1864 1524 1917 inter
1540 1860 1749 1917 Clidion
1764 1861 2188 1935 promontorium

630 1963 685 2008 et
714 1952 1143 2025 promontorium
1190 1948 1437 2004 claudens
1473 1948 1659 2003 vallem
1691 1948 2083 2003 Demetrianam
2123 1945 2190 2001 ab

630 2037 894 2111 aquilone.
919 2038 1045 2091 Haec
1061 2034 1172 2090 duo
1187 2034 1553 2109 promontoria
1568 2035 1743 2089 sinum
1762 2033 1996 2089 efficiunt
2004 2033 2191 2089 leniter

633 2124 909 2187 inflexum,
928 2122 1117 2194 inquo
1134 2120 1316 2175 insula
1330 2138 1425 2175 seu
1440 2119 1641 2193 scopuli
1657 2138 1751 2175 seu
1768 2130 1949 2193 syrtes,
1964 2137 2189 2193 quarum

630 2225 741 2263 una
760 2218 841 2261 est
856 2206 1049 2263 vadosa
1067 2217 1123 2261 et
1141 2206 1275 2259 sicea
1290 2244 1310 2271 ,
1334 2223 1579 2271 arenosa,
1607 2204 1823 2278 paulum
1844 2206 2082 2259 eminens
2102 2224 2187 2260 su·

631 2312 733 2369 pra
748 2310 962 2366 aquam,
990 2292 1146 2347 statio
1175 2290 1354 2346 avium
1384 2290 1727 2346 marinarum.
1755 2293 1821 2345 In
1846 2290 1991 2345 hunc
2011 2291 2185 2346 sinum

635 2382 885 2437 desinunt
902 2380 1022 2436 duae
1047 2379 1233 2446 valles3
1256 2380 1432 2434 minor
1455 2379 1626 2452 prima
1656 2390 1732 2433 est
1748 2418 1765 2445 ,
1792 2376 1989 2433 distans
2010 2397 2042 2432 a
2069 2396 2187 2433 mu-

633 2487 796 2523 crone
820 2466 989 2522 Clidii
1002 2466 1315 2539 quingentos
1334 2482 1541 2538 passus,
1566 2464 1622 2518 in
1640 2482 1749 2536 quo
1768 2463 2037 2519 intervallo
2060 2463 2186 2518 olim

634 2556 738 2611 suit
753 2554 1032 2611 Parabolos
1042 2575 1060 2622 ς
1086 2571 1230 2608 nunc
1250 2550 1598 2608 exaedificatus
1611 2560 1709 2605 αεὶ.
1724 2552 1875 2606 Ultra
1896 2550 2185 2606 valliculam

632 2642 969 2716 septingentis
1009 2640 1245 2714 passibus
1284 2638 1531 2694 consectis
1545 2677 1563 2704 ,
1615 2638 1799 2711 incipit
1841 2636 2010 2709 major
2045 2635 2185 2691 valli-

630 2731 777 2799 cula,
806 2728 1003 2785 habens
1038 2739 1222 2782 contra
1249 2745 1305 2781 se
1332 2727 1521 2781 tun-im
1548 2726 1699 2780 vireti
1732 2726 1891 2797 regii,
1926 2726 1986 2779 in
2011 2724 2186 2779 littore

627 2817 861 2874 Asiatico
876 2817 1025 2870 sitam
1041 2854 1058 2882 ,
1090 2812 1411 2867 nominatam
1441 2812 1733 2885 Phylacen3
1761 2810 1952 2877 desinit
1983 2811 2041 2866 in
2078 2829 2187 2867 me-

626 2904 777 2959 dium
800 2905 945 2959 sinus
967 2904 1181 2967 flexum,
1209 2902 1543 2955 Demetriana
1564 2902 1834 2957 nominata
1851 2900 1920 2955 ab
1943 2898 2056 2954 aede
2075 2900 2185 2955 divi

626 2992 879 3046 Demetrii
901 2992 998 3045 sita
1018 2991 1075 3045 in
1107 2990 1269 3057 clivo,
1296 2989 1385 3043 ubi
1414 2988 1533 3043 sons
1562 2987 1689 3043 divo
1715 2989 1985 3044 Demetrio
2020 3006 2182 3053 sacer,

626 3077 773 3133 exilis
794 3076 1029 3149 quidem,
1055 3075 1148 3130 sed
1171 3077 1416 3147 perennis
1434 3076 1653 3130 scaturit
1670 3094 1735 3130 ex
1759 3075 1863 3132 alto
1883 3094 2046 3150 specu
2067 3094 2189 3130 con-

626 3173 887 3218 camerato
902 3162 1181 3216 hominum
1207 3178 1383 3233 opere.
1407 3163 1473 3216 In
1496 3160 1745 3216 vallicula
1780 3162 2043 3216 maritima
2076 3161 2189 3233 pla-

628 3250 775 3314 nitie,
796 3257 1037 3321 porrecta
1057 3247 1115 3301 in
1129 3262 1375 3318 passuum
1392 3232 1773 3316 longitudinem
1796 3249 2004 3301 circiter
2020 3249 2189 3302 octin-

632 3343 939 3406 gentorum,
965 3333 1221 3385 exsistunt
1245 3332 1401 3385 etiam
1434 3349 1582 3385 nunc
1614 3333 1769 3403 pauci
1812 3332 2026 3397 calami,
2065 3332 2189 3387 olim

633 3419 807 3485 multi,
828 3436 859 3472 a
883 3418 1075 3491 quibus
1096 3416 1242 3471 locus
1259 3418 1556 3471 nominatus
1582 3416 1709 3481 iuit;
1739 3416 1929 3471 deinde
1955 3418 2187 3490 Bythias,

633 3525 668 3560 a
692 3523 800 3578 quo
825 3504 1053 3559 arbitror
1067 3502 1342 3575 Bytharia,
1368 3521 1597 3575 quorum
1618 3504 1857 3558 meminit
1876 3503 2133 3575 Euagrius
2145 3516 2161 3542 ⁸
2168 3544 2186 3572 ,

636 3609 760 3647 cum
785 3591 861 3645 ait
878 3590 1203 3645 Vitalianum
1230 3606 1397 3661 usque
1416 3587 1484 3644 ad
1508 3588 1799 3643 nominatas
1819 3591 1977 3663 sycas
2014 3590 2190 3645 inem·-

637 3679 841 3733 sionem
881 3676 1059 3731 fecisse
1074 3716 1089 3741 ,
1128 3685 1312 3730 contra
1350 3693 1507 3747 quem
1535 3676 1593 3729 in
1632 3677 1870 3731 tentoriis
1900 3686 2191 3732 versantem

638 3764 707 3819 ad
728 3765 884 3835 Sycas
910 3761 1093 3817 defixis
1117 3779 1211 3816 rex
1236 3762 1379 3816 misit
1395 3762 1663 3816 Marinum
1680 3763 1888 3835 Syrum.
1918 3763 2192 3834 Congressi

635 3851 800 3922 igitur
819 3850 977 3905 ambo
996 3850 1255 3904 exercitus
1272 3888 1289 3915 ,
1316 3849 1401 3903 ille
1425 3868 1457 3903 a
1488 3868 1649 3923 prora
1673 3850 1870 3905 babens
1894 3852 2079 3923 sycas,
2104 3852 2203 3907 hic·

638 3934 1141 4008 Constantinopolim
1158 3974 1174 4001 ,
1202 3936 1375 4007 primo
1396 3953 1452 3989 se
1477 3936 1838 4001 continebant,
1866 3935 2057 3992 deinde
2072 3950 2189 4009 post

636 4024 774 4079 leves
811 4040 1039 4095 pugnas,
1084 4024 1223 4076 inter
1266 4020 1401 4077 duos
1438 4024 1695 4077 exa-citus
1726 4024 1967 4097 proelium
2012 4026 2193 4080 navale

636 4110 974 4164 commissum
1000 4117 1077 4163 est
1102 4108 1241 4162 circa
1265 4108 1513 4181 Bytharia
1548 4108 1820 4181 appellata.
1858 4110 2015 4181 Fugit
2040 4111 2191 4165 Vita-

634 4196 833 4263 lianus,
875 4196 991 4252 laesa
1014 4214 1175 4269 prora
1212 4206 1267 4250 et
1295 4214 1484 4267 magna
1504 4208 1651 4269 parte
1688 4198 1945 4252 exercitus
1968 4198 2186 4265 amisa„

634 4282 821 4354 reliqui
855 4284 1009 4337 etiam
1051 4280 1328 4352 sugerunt,
1359 4291 1420 4336 ut
1454 4282 1582 4336 nulli
1626 4282 1801 4337 hosta
1836 4282 2193 4355 reperirentur

634 4386 806 4441 neque
818 4368 875 4422 in
896 4368 1118 4442 Anaplo,
1146 4386 1317 4441 neque
1339 4369 1477 4423 circa
1500 4369 1708 4424 urbem.
1738 4370 2185 4437 Promontorium,

637 4454 780 4528 quod
794 4453 861 4509 ab
878 4454 1116 4527 aquilone
1138 4456 1317 4509 vallem
1336 4457 1722 4511 Demetrianam
1739 4457 1952 4523 clandit,
1975 4475 2187 4513 saxeum

708 4618 801 4668 Fr.
833 4614 919 4669 32.
944 4613 1193 4687 Bythias]
1222 4615 1513 4686 Legebatur
1532 4616 1784 4688 Bythias3
1810 4617 1903 4672 sed
1938 4618 1994 4672 in
2032 4636 2181 4691 seqq.

638 4694 751 4765 ipse
776 4692 975 4764 Gyllius
1000 4692 1157 4748 habet
1186 4694 1420 4765 Bythias.
1455 4697 1478 4767 ΙΙ
1504 4727 1575 4737 -
1608 4697 1849 4770 Baccha]
1889 4698 2188 4769 Legebatur

637 4776 828 4825 Bacca.
874 4771 1020 4826 Infra
1074 4784 1247 4827 tamen
1286 4772 1473 4844 legitur
1509 4776 1860 4846 promontorio
1908 4777 2183 4835 Bacchico.

635 4854 703 4905 In
736 4852 1072 4922 sequentibus
1112 4852 1273 4906 alium
1303 4854 1521 4925 Bospori
1544 4853 1717 4908 locum
1750 4856 1994 4927 Βακχιίας
2016 4856 2189 4929 πέτρας

634 4930 813 4984 vocari
836 4929 1144 4984 videbimus.
1170 4929 1253 4986 Cf.
1277 4931 1463 5002 Βακχίς
1488 4930 1631 4985 locus
1654 4932 1859 5007 AEgypti
1887 4934 1955 4989 ad
1981 4934 2187 4990 Mareo-

636 5010 714 5063 tin
762 5007 1005 5080 paludem
1044 5026 1131 5081 ap.
1190 5010 1324 5065 Ptol.
1376 5010 1406 5063 5
1425 5050 1440 5076 ,

1860 518 2195 584 DlONYSll
2238 521 2596 583 ΒΥΖΑΝΤΙῙ

2272 652 2466 705 eminet
2499 651 2556 705 in
2595 669 2761 714 mare,
2803 652 2860 705 in
2896 669 3004 723 quo
3029 652 3155 706 olim
3189 655 3450 710 Bacchum
3483 657 3637 711 Isidis
3673 657 3834 715 fuisse

2271 749 2420 811 puto.
2445 737 2510 793 Id
2541 740 2684 793 intus
2717 739 2947 806 recedit,
2971 758 3144 812 neque
3183 741 3404 814 impetui
3442 753 3656 799 mutuos
3682 762 3830 818 aspe-

2272 834 2388 879 ctus
2417 827 2900 898 promontoriorum
2941 824 3095 881 Clidii
3126 827 3528 901 Hestiarumque
3563 829 3701 885 ultra
3725 830 3832 888 hoe

2271 914 2694 985 promontorium
2711 913 3074 976 eminentium,
3095 912 3292 967 flexum
3310 913 3698 971 admittentium
3717 936 3830 971 am·

2273 998 2408 1071 plius
2429 998 2528 1051 tria
2547 998 2705 1053 millia
2725 1016 2972 1072 passuum
2996 1000 3226 1054 circuitu
3242 1000 3451 1055 littoreo
3481 1001 3830 1076 complecten-

2274 1095 2406 1149 tem,
2427 1086 2564 1139 intra
2593 1103 2649 1139 se
2679 1083 3030 1141 includentem
3065 1087 3198 1141 duos
3224 1088 3403 1154 sinus,
3435 1089 3830 1148 Demetrianum

2274 1182 2328 1226 et
2348 1170 2680 1227 Michaelium
2694 1212 2709 1239 ,
2739 1172 2934 1228 divisos
2952 1174 3320 1246 promontorio
3337 1174 3614 1230 Bacchico.

2276 1338 2348 1392 X.
2389 1341 2465 1391 De
2497 1336 2616 1392 vico
2661 1338 2942 1392 Michaelio
2987 1351 3038 1393 et
3076 1338 3141 1392 de
3164 1340 3522 1413 promontorio
3563 1342 3834 1414 appellato

2941 1424 3168 1480 Hes-tiis.

2347 1590 2396 1641 Δ
2415 1587 2778 1659 promontorio
2797 1585 2908 1659 jam
2932 1587 3076 1643 dicto
3097 1606 3399 1663 progressus
3423 1603 3694 1647 sexcentos
3717 1611 3836 1667 pas-

2276 1690 2392 1739 sus,
2417 1674 2629 1745 perveni
2665 1672 2732 1728 ad
2755 1675 2930 1727 vicum
2949 1674 3282 1729 Michaelium
3308 1675 3364 1730 in
3404 1678 3668 1733 maritima
3690 1681 3838 1735 vallis

2274 1762 2490 1835 planitie
2521 1764 2678 1817 situm
2696 1801 2714 1829 ,
2759 1762 2863 1817 lata
2891 1761 3046 1834 juxta
3087 1780 3232 1817 mare
3275 1765 3586 1836 quingentos
3621 1784 3832 1839 passus,

2275 1848 2428 1919 longa
2455 1860 2756 1915 sexcentos3
2782 1845 2908 1903 inde
2922 1866 3080 1923 supra
3105 1849 3420 1904 maritimam
3437 1850 3707 1923 planitiem
3733 1854 3836 1909 val-

2278 1937 2338 1991 lis
2373 1936 2512 1992 mille
2543 1948 2596 1992 et
2621 1936 3028 2010 quadringentos
3047 1956 3228 2011 passus
3250 1939 3308 1991 in
3334 1938 3664 1994 altitudinem
3684 1942 3836 2015 erigi-

2277 2036 2388 2091 tur,
2409 2034 2519 2080 tota
2539 2024 2688 2080 valde
2710 2036 2934 2104 angusta
2955 2037 3010 2081 et
3027 2025 3273 2101 proclivis
3299 2028 3836 2099 circumsurgentibus

2276 2111 2492 2166 collibus
2523 2130 2691 2185 usque
2731 2112 2798 2167 ad
2833 2113 2984 2168 fluvii
3026 2115 3165 2186 ripas
3192 2112 3342 2169 valde
3365 2116 3579 2187 pronis,
3620 2128 3836 2190 excepta

2274 2198 2459 2252 semita
2478 2197 2712 2253 humano
2737 2216 2897 2271 opere
2919 2198 3071 2254 facta.
3097 2201 3317 2255 Summa
3343 2199 3592 2256 dilatatur
3610 2202 3668 2256 in
3693 2221 3837 2258 eam·

2271 2295 2498 2357 pestrem
2540 2286 2840 2358 planitiem,
2890 2303 2955 2341 ex
3007 2305 3112 2359 qua
3149 2287 3384 2342 nascitur
3428 2288 3618 2344 fluvius
3663 2301 3836 2346 atate

2272 2372 2447 2440 exilis,
2471 2373 2563 2427 sed
2581 2376 2852 2447 perennis,
2881 2384 2936 2429 et
2958 2376 3050 2446 qui
3075 2376 3220 2429 omni
3247 2375 3372 2429 anni
3394 2386 3632 2450 tempore
3651 2376 3836 2433 fistula

2271 2460 2622 2531 quincunciali
2647 2460 2887 2514 sufficere
2909 2471 3102 2533 posset.
3131 2462 3234 2515 Per
3274 2462 3504 2516 mediam
3531 2462 3716 2517 vallem
3745 2461 3836 2519 de·

2271 2542 2464 2597 labitur
2517 2544 2586 2599 ad
2633 2546 2810 2599 vicum
2853 2545 3189 2600 Michaelium
3203 2585 3220 2612 ,
3256 2563 3414 2618 quem
3457 2548 3628 2602 Graeci
3676 2548 3836 2603 hodie

2269 2628 2529 2702 appellant
2550 2634 2842 2686 Asomaton
2856 2672 2873 2696 ‚
2919 2631 2988 2688 ab
3032 2631 3142 2687 aede
3184 2631 3315 2686 olim
3367 2633 3530 2689 nobili
3564 2634 3835 2691 Michaelis

2269 2715 2578 2789 Archangeli
2601 2717 2779 2772 militis
2806 2719 3122 2792 incorporei,
3150 2736 3308 2790 quam
3323 2720 3642 2775 sozomenus
3661 2723 3737 2790 (2,
3767 2723 3832 2794 3>

2271 2801 2673 2858 Constantinum
2709 2806 2963 2875 Magnum
3007 2803 3166 2859 tradit
3195 2806 3510 2859 exstruxisse
3550 2807 3606 2861 in
3641 2808 3838 2863 Hestiis

2270 2886 2553 2959 aliquando
2577 2891 2922 2963 nuncupatis,
2954 2900 3111 2963 atque
3136 2908 3202 2945 ex
3225 2908 3291 2945 eo
3307 2930 3323 2956 ,
3345 2890 3489 2962 quod
3513 2890 3586 2946 ibi
3609 2893 3834 2949 Michael

2272 2975 2630 3047 Archangelus
2647 2977 2949 3050 apparuisse
2971 2978 3225 3045 creditur,
3245 2977 3423 3033 locum
3444 2978 3578 3033 dicit
3599 2980 3835 3037 Michae-

2271 3062 2403 3117 lium
2441 3066 2757 3137 appellatum
2781 3084 2893 3120 esse
2911 3064 3066 3137 juxta
3109 3064 3344 3121 medium
3375 3065 3570 3122 fretum
3611 3070 3833 3141 Bospori

2275 3151 2436 3204 situm
2471 3153 2528 3206 in
2555 3151 2742 3207 dextro
2767 3152 2928 3207 latere
2955 3171 3020 3207 ex
3055 3155 3225 3208 Ponto
3251 3154 3614 3225 navigantibus
3634 3156 3835 3229 Byzan·

2277 3238 2408 3293 tium
2423 3278 2439 3304 ,
2493 3239 2771 3295 distantem
2817 3258 2850 3295 a
2899 3242 3350 3314 Constantinopoli
3394 3244 3580 3297 itinere
3627 3246 3838 3299 marino

2276 3326 2441 3379 stadia
2465 3328 2672 3382 cimiter
2696 3330 2909 3397 triginta
2951 3330 3211 3401 quinque,
3239 3331 3470 3383 terrestri
3499 3331 3724 3385 circuitu
3757 3351 3839 3386 se-

2276 3414 2561 3485 ptuaginta.
2601 3416 2710 3469 ora
2744 3414 3007 3468 maritima
3050 3414 3116 3468 ab
3157 3425 3278 3469 ortu
3323 3415 3391 3468 ad
3433 3434 3678 3469 occasum
3707 3434 3836 3489 pro·

2276 3517 2521 3566 cun-em,
2562 3503 2618 3556 in
2659 3519 2764 3574 qua
2796 3501 2908 3555 dixi
2935 3502 3094 3557 situm
3119 3520 3230 3556 esse
3263 3506 3436 3558 vicum
3467 3503 3831 3570 michaelium,

2277 3589 2466 3645 circuit
2505 3590 2680 3643 sinum
2721 3587 2966 3643 intimum
3001 3586 3150 3643 valde
3183 3598 3490 3660 portuosum
3509 3629 3524 3656 ,
3563 3607 3728 3663 usque
3765 3591 3835 3646 ad

2276 3678 2564 3748 marginem
2590 3692 2897 3746 magnarum
2935 3676 3148 3730 navium
3187 3692 3428 3748 capacem
3442 3715 3459 3742 ,
3492 3694 3650 3749 quem
3679 3678 3836 3734 colles

2277 3761 2514 3835 undique
2549 3771 2765 3816 tuentur
2797 3759 2865 3814 ab
2891 3760 3136 3816 omnibus
3174 3762 3344 3817 ventis
3360 3802 3378 3829 ,
3419 3774 3640 3835 excepto
3679 3768 3836 3819 meri·

2277 3849 2457 3916 diano,
2471 3866 2627 3921 quem
2637 3848 2880 3919 frangunt
2891 3866 3073 3903 cursus
3085 3847 3268 3921 rapide
3279 3850 3478 3905 incitati
3487 3860 3670 3904 contra
3683 3854 3842 3907 meri-

2276 3936 2419 3991 diem
2443 3935 2839 4007 praecipitantes.
2869 3936 3071 3989 Iocum
3089 3952 3246 4007 quem
3269 3936 3588 3990 Sozomenus
3613 3938 3837 4010 appellat

2277 4040 2420 4077 nunc
2441 4020 2773 4075 michaelium
2795 4060 2812 4089 ‚
2841 4037 2986 4074 nuno
3009 4021 3212 4075 Hestias
3231 4058 3248 4087 ,
3277 4022 3566 4095 Procopius
3592 4022 3705 4095 (De
3729 4023 3832 4079 aed.

2284 4128 2332 4176 1,
2355 4112 2412 4181 8)
2434 4107 2654 4180 appellat
2677 4107 2961 4181 Anaplum.
3005 4130 3028 4159 ι
3060 4110 3182 4162 Duo
3197 4146 3216 4173 ,
3245 4108 3447 4181 inquit,
3476 4120 3629 4164 erant
3641 4113 3837 4185 templa

2274 4195 2513 4251 Michaeli
2525 4196 2724 4267 Angelo
2749 4194 2939 4264 dicata,
2955 4198 3158 4251 interae
3183 4198 3440 4268 opposita,
3464 4198 3685 4269 Bospori
3703 4197 3838 4253 ioeto

2274 4282 2469 4350 divisa,
2497 4300 2664 4338 unum
2687 4283 2743 4337 in
2769 4283 2887 4338 loco
2915 4284 3171 4357 appellato
3195 4284 3401 4356 Anaplo
3427 4286 3485 4338 in
3505 4286 3719 4339 sinistro
3754 4286 3840 4341 lit-

2275 4380 2390 4424 tore
2425 4369 2784 4441 navigantibus
2810 4367 2878 4424 ad
2916 4372 3146 4425 Pontum
3189 4371 3456 4424 Euxinum
3469 4410 3485 4439 ,
3512 4370 3732 4424 alterum
3776 4374 3831 4426 in

2274 4450 2539 4504 contrario
2555 4448 2748 4516 littore,
2773 4448 2917 4522 quod
2935 4450 3135 4522 antiqui
3157 4448 3453 4529 Προόχθους
3471 4460 3836 4527 nominarunt,

2351 4634 2401 4672 1.
2445 4619 2704 4689 Euagrius
2731 4619 2868 4671 Hist.
2910 4620 3052 4674 Eccl.
3093 4620 3200 4685 111,
3231 4617 3300 4681 43
3341 4636 3396 4691 p.
3431 4619 3570 4689 376:
3607 4618 3830 4689 Συνήτην

2272 4690 2361 4751 οὖν
2394 4696 2539 4768 ἄμφω
2563 4695 2637 4748 τὼ
2675 4696 2894 4768 στρατῶ,
2927 4698 2956 4751 ὁ
2996 4696 3080 4768 μὲν
3107 4695 3186 4751 ἐπὶ
3216 4694 3436 4768 πρύμναν
3471 4696 3556 4759 τὰς
3589 4696 3772 4764 Συιιὰς,
3801 4697 3832 4751 ὅ

2273 4774 2327 4829 δὲ
2351 4772 2439 4841 τὴν
2467 4774 2951 4830 Κωνσταντινόπολιν
2986 4774 3138 4846 ἔχων.
3165 4773 3274 4828 Καὶ
3308 4780 3500 4848 πρῶτον
3531 4774 3616 4848 μὲν
3643 4774 3833 4831 ἀνεκώ·

2272 4873 2442 4927 χευον,
2484 4852 2596 4908 εἶτα
2640 4851 2764 4925 μετὰ
2799 4852 2910 4917 rob<
2943 4852 3148 4917 ἔκπλους
3183 4852 3268 4909 καὶ
3305 4854 3417 4918 τοὺς
3447 4852 3833 4927 ἇκροὸολισμοῦς

2276 4931 2453 5005 μεταξὺ
2479 4934 2587 4988 τοῖν
2613 4933 2749 4989 δυοῖν
2796 4934 3135 5005 στρατοπέδων
3169 4934 3445 5005 ναυμαχίας
3483 4936 3714 5005 καρτερᾶς
3743 4952 3829 4988 συ-

1492 5028 1573 5067 12.
1618 5013 1827 5067 Graecos
1864 5014 2075 5086 AEgypti
2117 5013 2185 5069 ad
2274 5014 2454 5081 στάσης
2478 5012 2588 5086 περὶ
2609 5012 2672 5068 τὰ
2696 5013 2976 5085 καλούμενα
2993 5014 3152 5068 Booti
3165 5034 3194 5086 ρ
3211 5032 3290 5080 ια,
3315 5012 3480 5086 φεύγει
3508 5012 3595 5084 μὲν
3621 5032 3832 5086 προτρο-

631 5086 931 5157 Bosporum
956 5084 1249 5140 consedisse
1274 5085 1385 5157 jam
1415 5099 1696 5159 arguerunt
1726 5090 1861 5144 Cubi
1899 5090 2101 5145 Canobi
2129 5094 2186 5146 in
2272 5092 2430 5160 πάδην
2463 5092 2680 5163 πρύμναν
2715 5092 3038 5164 κρουσάμενος
3055 5091 3084 5144 ὁ
3110 5090 3424 5156 Βιταλιανδς,
3454 5090 3515 5144 τὰ
3547 5090 3715 5145 πολλὰ
3741 5094 3829 5160 τῆς

632 5165 756 5217 sinu
776 5164 1044 5219 Ceratino.
1068 5166 1235 5219 Porro
1257 5167 1593 5221 Ptolemaeum
1616 5171 1696 5221 111
1722 5170 1955 5224 Thracia!
1982 5180 2183 5241 partem

2272 5169 2520 5241 δυνάμεως
2540 5167 2802 5224 ἇποὸαλών
2819 5188 2832 5202 ·
2862 5170 3090 5242 φεύγουσι
3120 5168 3172 5224 δὲ
3192 5168 3276 5223 καὶ
3302 5172 3350 5223 οἱ
3374 5170 3492 5243 ἀμφ’
3524 5170 3668 5224 αὖτδν
3699 5170 3832 5225 οὕτω

628 5244 697 5297 ad
715 5243 948 5295 Pontum
980 5243 1206 5296 tenuisse
1238 5255 1437 5299 constat
1462 5264 1493 5299 e
1513 5258 1855 5302 monumento
1876 5248 2181 5307 Adulitano.
2272 5250 2512 5321 τάχιστα,
2540 5250 2606 5313 ὣς
2633 5250 2816 5323 μηδένα
2835 5250 3068 5323 πολέμιον
3088 5249 3182 5305 ἀνὰ
3199 5248 3289 5317 τὴν
3319 5250 3424 5319 ἑξῆς
3447 5250 3556 5322 περὶ
3579 5250 3665 5303 τὸν
3693 5248 3826 5304 'Avei-

628 5320 713 5376 (ΞΓ.
740 5322 834 5377 Fr.
858 5322 929 5376 H.
960 5332 1000 5376 t.
1030 5322 1060 5376 3
1120 5340 1175 5395 p.
1208 5342 1311 5395 709
1335 5343 1416 5397 sq.

2272 5328 2425 5384 πλουν
2453 5329 2486 5394 ἢ
2511 5330 2619 5403 περὶ
2639 5327 2727 5397 τὴν
2751 5330 2894 5385 πόλιν
2920 5329 3068 5398 αὒτὴν
3097 5330 3366 5403 εὑρεθῆναι.
