4584 6284
1732 399 2085 464 ANAPLUS
2127 402 2451 468 nosroat
2490 409 2833 472 mesen.
3798 448 3863 499 ,3

743 533 778 585 J
779 545 867 588 am
911 547 1038 584 cum
1065 548 1128 584 ex
1153 528 1432 584 antedictis
1454 530 1648 601 liqueat
1675 531 1836 586 totius
1873 533 2092 604 Bospori
2117 532 2233 588 lon-

675 615 962 687 gitudinem
981 633 1092 670 esse
1113 625 1327 671 centum
1358 626 1412 670 et
1447 617 1708 688 sexaginta
1741 613 2052 685 stadiorum,
2082 617 2234 691 longe

675 714 812 759 errat
865 705 1107 759 Zosimus
1145 702 1428 759 historicus
1484 703 1556 778 (a
1571 743 1589 772 ,
1645 705 1745 775 3ο)
1795 707 2090 778 Bosporum
2131 717 2232 762 tra·

673 789 804 845 dens
835 789 1054 862 longum
1091 799 1323 845 wecenta
1361 791 1570 846 circiter
1601 789 1765 848 stadia
1781 831 1798 858 ,
1843 802 1896 847 et
1921 804 2232 865 promonto-

673 879 811 933 rium
849 881 1058 934 Fanum
1093 889 1482 952 nuncupatum,
1514 880 1569 934 in
1610 898 1702 935 ore
1731 881 1884 936 Ponti
1929 881 2119 949 situm,
2147 880 2228 936 di·

675 977 813 1022 stare
834 985 864 1020 a
901 965 1230 1024 Chalcedone
1255 965 1479 1022 ducenta
1505 966 1666 1022 stadia
1682 1007 1698 1035 ,
1715 968 1824 1021 sive
1849 967 2086 1038 intelligit
2123 985 2231 1022 me-

677 1051 829 1107 dium
863 1063 920 1108 et
952 1051 1210 1108 directum
1243 1070 1456 1108 cui-sum
1500 1053 1747 1125 Bospori,
1785 1053 1894 1106 sive
1934 1051 2046 1124 ejus
2081 1071 2228 1109 emm

677 1149 978 1193 terrestrem
994 1177 1011 1205 ,
1041 1156 1196 1212 quam
1231 1139 1368 1211 ipse,
1393 1137 1568 1211 quoad
1593 1138 1704 1192 iim-i
1727 1139 1924 1211 potuit,
1953 1139 2083 1192 meis
2109 1157 2229 1212 pas-

679 1224 824 1279 sibus
847 1243 1057 1280 mensus
1073 1243 1188 1280 sum
1199 1265 1216 1292 ,
1240 1236 1416 1280 motus
1431 1236 1573 1280 tanta
1591 1236 1864 1281 auctorum
1885 1224 2224 1296 dissensione,

681 1330 799 1384 quae
815 1331 903 1368 me
929 1323 1220 1368 currentem
1241 1313 1500 1379 incitavit,
1531 1325 1593 1368 nt
1615 1311 1837 1386 pedibus
1862 1313 2022 1368 semel
2047 1323 2100 1368 et
2134 1333 2225 1371 na·

679 1399 939 1469 rigatione
971 1399 1156 1454 iterum
1189 1408 1243 1452 et
1285 1401 1470 1470 soepius
1509 1399 1796 1472 Bosporum
1833 1399 2224 1472 perlustrarem,

679 1495 837 1556 atque
870 1485 938 1539 ita
977 1485 1186 1539 metirer
1218 1503 1251 1538 a
1295 1485 1400 1540 fine
1443 1486 1662 1558 Bospori
1700 1484 1768 1540 ad
1801 1487 2224 1558 promontorium

680 1572 986 1644 Bosporium
1020 1571 1136 1644 plus
1173 1572 1413 1626 minusve
1439 1591 1530 1628 sex
1565 1571 1730 1628 stadia
1759 1593 1889 1629 esse.
1920 1575 1960 1628 A
1987 1575 2222 1647 Bosporo

677 1657 1036 1730 promontorio
1067 1655 1132 1711 ad
1156 1658 1428 1730 Metopum
1456 1657 1628 1714 fauces
1651 1659 1798 1714 sinus
1822 1661 2050 1715 Cei-atini
2074 1679 2222 1716 men-

677 1763 764 1800 sus
791 1763 906 1800 snm
933 1743 1096 1799 oculis
1133 1743 1350 1800 totidem
1386 1745 1552 1802 stadia
1588 1757 1782 1820 patere.
1829 1752 1874 1804 A
1910 1750 2125 1822 Metopo
2158 1750 2225 1805 ad

677 1833 879 1886 Fanum
911 1829 1132 1904 pedibus
1151 1829 1416 1904 pml'cctus
1432 1831 1722 1887 secundum
1747 1833 1870 1888 litus
1901 1836 2224 1908 Europaeum

675 1915 932 1971 ambulavi
955 1916 1160 1970 circiter
1178 1917 1392 1986 triginta
1413 1935 1600 1973 novem
1627 1918 1787 1972 millia
1813 1936 2065 1990 panunm
2085 1938 2230 1976 meo-

673 2025 812 2063 rum.
843 2005 1098 2060 Deductis
1133 2003 1354 2060 flexibus
1387 2018 1441 2063 et
1476 2007 1694 2076 sinibus,
1739 2007 1940 2064 adverti
1975 2009 2225 2068 absonim

676 2111 782 2148 non
817 2110 928 2146 esse
963 2109 1262 2146 mensuram
1303 2111 1489 2148 eorum
1505 2133 1522 2160 ,
1555 2094 1646 2166 qui
1682 2113 1716 2150 a
1741 2097 1886 2150 Fano
1919 2094 1988 2150 ad
2019 2097 2228 2152 ultimas

677 2180 896 2251 Bospori
929 2176 1104 2232 fauces
1129 2178 1267 2232 inter
1291 2178 1673 2234 chalcedonem
1695 2191 1750 2235 et
1773 2182 2082 2254 Byzantium
2106 2185 2229 2239 sitas

679 2276 958 2320 numerant
1003 2274 1215 2319 centum
1255 2274 1309 2319 et
1358 2266 1542 2338 viginti
1578 2265 1762 2322 stadia.
1799 2267 1933 2324 Inde
1968 2287 2132 2342 usque
2161 2270 2228 2325 ad

678 2351 931 2418 Pharum,
941 2349 1032 2404 ubi
1043 2350 1248 2422 Cyanes
1258 2351 1534 2424 Europaea,
1549 2352 1704 2409 oculo
1714 2364 1966 2427 quantum
1978 2359 2230 2413 estimare

679 2439 863 2509 potui,
903 2445 1044 2492 recte
1077 2436 1334 2492 Arrianus
1367 2449 1608 2493 numerat
1644 2439 1987 2512 quadraginta
2029 2441 2226 2510 stadia,

677 2524 902 2598 pedibus
920 2524 1092 2579 metiri
1107 2541 1216 2578 non
1241 2526 1390 2597 potui
1408 2525 1480 2581 ob
1499 2536 1822 2600 proruptum
1845 2526 1990 2582 littus
2010 2528 2231 2601 rupibus

675 2611 1028 2686 praeeipitibus
1041 2651 1058 2678 ,
1082 2612 1320 2684 quamvis
1335 2613 1482 2668 littus
1498 2623 1668 2668 totum
1688 2614 1912 2668 circuire
1923 2617 2228 2670 tentaverim

675 2701 930 2755 constanti
961 2697 1176 2771 quidem
1197 2699 1328 2755 nixu
1343 2739 1360 2767 ,
1389 2699 1482 2754 sed
1511 2700 1826 2754 inconstanti
1861 2717 2124 2755 mensura.
2154 2703 2230 2756 Ut

675 2789 814 2842 -im
844 2786 1070 2860 pedibus
1093 2786 1438 2860 manibusque
1457 2786 1526 2842 ad
1547 2786 1768 2857 virgulta
1789 2785 2032 2840 adnitens
2053 2805 2229 2842 ascen·

675 2871 880 2938 derant,
909 2871 1182 2928 confestim
1201 2869 1403 2944 objecta
1419 2891 1554 2946 rupe
1573 2871 1786 2945 praecisa
1803 2881 1857 2925 et
1875 2869 2072 2926 directa
2095 2874 2226 2927 mibi

675 2978 796 3015 eum
816 2960 1048 3033 periculo
1070 2958 1492 3015 descendendum
1518 2969 1646 3018 erat.

741 3046 844 3102 Sed
867 3047 990 3101 satis
1005 3063 1264 3120 superque
1287 3044 1356 3101 de
1387 3047 1606 3120 Bospori
1627 3044 1956 3116 longitudine
1979 3055 2138 3118 atque
2158 3045 2228 3101 de

675 3132 785 3204 ejus
819 3133 1081 3205 principio
1113 3143 1168 3186 et
1195 3133 1326 3200 fine,
1359 3149 1516 3205 quem
1541 3131 1702 3204 aliqui
1723 3143 1930 3205 ponunt
1952 3131 2044 3185 ubi
2078 3133 2226 3204 prin·

679 3219 873 3292 cipiam
899 3220 1132 3284 exsistit,
1153 3218 1402 3274 babentes
1448 3220 1703 3273 rationem
1754 3221 2109 3289 navigantium
2159 3237 2226 3274 ex

680 3303 996 3376 Propontide
1014 3307 1068 3357 in
1092 3304 1318 3358 Pontum
1343 3307 1506 3374 magis
1533 3321 1690 3376 quam
1715 3303 1963 3358 naturalis
1981 3303 2226 3377 principii

681 3391 900 3464 Bospori
954 3391 1240 3462 incipientis
1283 3409 1316 3446 a
1358 3394 1528 3447 Ponto
1567 3401 1620 3446 et
1659 3390 1944 3446 desinentis
1995 3394 2052 3445 in
2095 3394 2228 3447 Pro·

679 3471 966 3550 pontidein.
999 3475 1158 3546 Quod
1183 3477 1312 3531 nihil
1348 3478 1476 3532 mihi
1525 3475 1666 3532 aliud
1695 3496 1806 3532 esse
1829 3477 2040 3532 videtur
2065 3495 2224 3550 quam

680 3564 810 3618 ostia
846 3562 1126 3617 fluminum
1175 3563 1428 3636 appellare
1483 3563 1630 3618 initia
1646 3603 1663 3630 ,
1721 3581 2012 3636 eorumque
2057 3563 2228 3618 sontes

681 3649 866 3712 linem,
902 3658 963 3703 ut
987 3649 1156 3703 Cesar
1190 3649 1321 3704 ostia
1349 3649 1516 3704 Rheni
1549 3659 1701 3703 vocat
1731 3651 1932 3721 capita,
1971 3647 2104 3702 dum
2139 3650 2226 3704 alii

684 3735 960 3806 scriptores
984 3733 1261 3789 fluminum
1285 3732 1452 3789 sontes
1478 3734 1746 3789 nominare
1767 3735 1936 3789 solent
1967 3735 2154 3808 capita.

765 3947 850 3997 Fr.
887 3945 944 4007 4.
984 3943 1133 3997 Inter
1177 3943 1408 4015 Cyaneas
1441 3943 1767 3999 intercedunt
1800 3961 1870 3999 ao
1909 3943 2072 3999 stadia
2121 3962 2226 3999 sec.

687 4020 997 4077 strabonem
1011 4059 1028 4088 ,
1051 4022 1332 4076 Arrianum
1351 4032 1406 4076 et
1423 4025 1599 4078 Anon.
1625 4025 1746 4078 Per.
1765 4025 1827 4078 P.
1859 4023 2024 4086 Euat-3
2049 4021 2234 4094 Scylax

684 4103 715 4171 s
743 4104 814 4154 62
837 4116 894 4171 p.
924 4097 991 4169 57
1021 4115 1036 4154 ε
1063 4096 1168 4170 Ἀφ’
1187 4097 1348 4170 [fort.
1371 4099 1484 4172 ἔφ’]
1513 4097 1665 4172 Ἱεροῦ
1686 4098 1739 4154 δὲ
1759 4103 1846 4154 τοῦ
1873 4101 2112 4172 στόματός
2133 4100 2235 4156 ἔστι

683 4177 740 4232 τὸ
759 4177 950 4232 Πόντου
967 4169 1106 4248 εὖρος
1116 4177 1288 4230 στάδια
1309 4175 1377 4241 ζ’.
1397 4175 1484 4233 Ad
1502 4178 1648 4232 Jovis
1658 4179 1862 4233 Fanum
1874 4176 2096 4232 latitudo
2117 4176 2235 4234 freti

687 4266 766 4311 est
786 4260 820 4322 4
833 4253 1123 4310 stadiorum
1141 4272 1244 4309 sec.
1267 4253 1596 4310 Herodotum
1613 4258 1668 4323 4,
1685 4256 1776 4319 85.
1803 4255 2012 4327 (strab.
2031 4274 2085 4329 p.
2114 4257 2233 4325 125,

685 4335 961 4407 agathem.
1001 4351 1066 4402 a,
1100 4334 1232 4409 14),
1254 4335 1502 4390 Philostr.
1531 4339 1634 4393 Im.
1677 4353 1826 4404 1,12;
1859 4337 2079 4409 Dionys.
2108 4339 2232 4409 Byz.

688 4445 763 4456 —
779 4415 822 4468 A
846 4414 992 4468 Fano
1011 4409 1080 4467 ad
1113 4413 1393 4485 Serapeum
1428 4430 1493 4468 12
1515 4413 1682 4469 stadia
1707 4431 1813 4468 sec.
1837 4413 2022 4486 Polyb.
2061 4419 2116 4480 4,
2143 4415 2230 4487 39,

691 4497 744 4548 6.
766 4523 840 4536 —-
865 4490 950 4547 Ad
970 4492 1266 4546 Hermoeum
1294 4493 1574 4563 angustiae,
1605 4492 1696 4546 uhi
1724 4503 1939 4564 pontem
1970 4492 2096 4548 fecit
2129 4496 2236 4549 Da·

689 4572 828 4636 rius,
863 4580 986 4624 sunt
1026 4570 1256 4642 quinque
1295 4569 1586 4624 stadiorum
1609 4589 1712 4624 sec.
1755 4570 1942 4644 Polyb.
1988 4575 2042 4638 4,
2074 4572 2165 4639 43,
2202 4589 2235 4627 2

693 4650 972 4718 (Stranon.
995 4667 1052 4721 p.
1089 4649 1218 4720 319;
1243 4649 1379 4703 Mela
1411 4667 1459 4715 r,
1499 4667 1584 4720 19,
1616 4651 1716 4719 ⁵);
1747 4654 1778 4715 4
1803 4649 2097 4706 stadiorum
2125 4669 2232 4707 sec.

693 4728 911 4798 Dionys.
932 4727 1056 4797 Byz.
1080 4735 1131 4779 et
1159 4725 1294 4781 Plin.
1320 4730 1374 4792 4,
1417 4729 1484 4791 34
1512 4731 1650 4799 576.
1677 4757 1749 4770 —
1788 4730 1934 4783 Inter
1955 4730 2235 4784 Ciconium

689 4817 743 4860 et
778 4803 1040 4876 Anapluin
1071 4819 1133 4858 12
1161 4803 1326 4858 stadia
1363 4823 1467 4860 sec.
1499 4805 1663 4862 schol.
1692 4807 1852 4862 Dion.
1877 4809 2079 4881 Perieg.
2112 4812 2233 4874 142.

688 4913 761 4925 —-
782 4886 847 4936 In
877 4901 940 4937 eo
965 4880 1082 4936 loco
1117 4882 1206 4936 ubi
1240 4882 1520 4954 pelamides
1545 4895 1702 4956 petrae
1723 4885 1852 4940 alboe
1876 4885 2106 4941 candore
2127 4897 2232 4942 ter·

689 4961 778 5015 riti
817 4959 884 5014 ab
920 4961 1148 5014 Asiatico
1170 4959 1328 5016 latere
1352 4961 1532 5016 Cornu
1565 4963 1684 5035 Byz.
1711 4973 1928 5037 petunt,
1966 4967 2236 5038 Bosporus

692 5041 722 5094 8
749 5037 914 5092 stadia
938 5037 1074 5092 latus
1099 5049 1178 5092 est
1201 5057 1304 5093 sec.
1328 5040 1466 5096 Plin.
1486 5060 1540 5112 9,
1572 5057 1661 5097 20.
1687 5073 1760 5083 —
1783 5045 1927 5096 Inter
1948 5043 2234 5100 Chalcedo-

691 5135 810 5170 nem
834 5126 888 5171 et
925 5116 1233 5188 Byzantium
1266 5129 1389 5173 sunt
1427 5123 1488 5184 14
1517 5118 1680 5176 stadia
1700 5139 1801 5175 sec.
1829 5121 2012 5195 Polyb.
2049 5127 2104 5189 4,
2141 5124 2231 5196 39,

697 5195 758 5261 53
787 5193 1069 5249 duodecim
1099 5194 1268 5251 stadia
1291 5215 1396 5253 sec.
1436 5199 1598 5254 schol.
1631 5201 1791 5255 Dion.
1831 5205 1962 5268 1423
1999 5220 2031 5274 7
2067 5200 2234 5258 stadia

2696 543 2793 595 111.
2835 545 2915 596 De
2940 543 3225 600 latitudine
3254 548 3494 622 Bospori.

2390 698 2549 752 Varia
2572 699 2792 772 Bospori
2826 698 3049 754 latitudo
3066 711 3174 767 est,
3200 721 3269 756 ne
3296 705 3416 774 quis
3437 703 3573 760 sorte
3596 705 3871 763 seducatur

2317 783 2591 841 Herodoto
2623 785 2836 858 aliisque
2870 787 3177 860 simpliciter
3203 789 3615 862 praefinientibus
3652 796 3871 869 Bospori

2318 863 2643 920 latitudinem
2665 877 2891 938 quatuor
2911 877 3005 921 aut
3030 869 3265 940 quinque
3300 868 3513 936 stadiis,
3538 889 3599 926 ea
3626 873 3767 926 enim
3789 873 3872 927 in·

2316 951 2589 1026 telligenda
2622 964 2701 1009 est
2736 955 3095 1026 angustissima
3108 997 3124 1024 ,
3178 965 3237 1010 ut
3275 955 3512 1029 profecto
3552 969 3631 1013 est
3666 956 3873 1014 duobus

2315 1037 2443 1093 locis
2475 1058 2489 1095 ε
2522 1040 2721 1112 primus
2759 1051 2837 1095 est
2866 1039 2934 1094 ad
2959 1043 3164 1096 Fanum
3188 1043 3366 1108 Iovis,
3400 1041 3493 1097 ubi
3534 1045 3785 1100 Atrianus
3822 1057 3874 1099 et

2316 1125 2503 1180 Strabo
2520 1125 2665 1180 aiunt
2686 1127 2978 1198 Bosporum
2998 1127 3447 1200 angustissimum.

2988 1301 3087 1360 Fr.
3132 1313 3192 1361 4.

2388 1461 2742 1517 Philostratus
2768 1475 2818 1518 et
2840 1463 3126 1534 Dionysius
3146 1464 3437 1536 Byzantius
3464 1463 3599 1519 idem
3618 1465 3871 1532 sentiunt,

2316 1559 2474 1622 atque
2498 1545 2754 1621 definiunt
2780 1549 2981 1618 largum
3009 1561 3239 1623 quatuor
3264 1549 3467 1607 stadia.
3542 1551 3692 1607 Alter
3728 1551 3876 1608 locus

2315 1645 2393 1689 est
2414 1635 2481 1690 ad
2496 1637 2793 1690 Hermaeum
2806 1637 3251 1708 promontorium,
3270 1653 3430 1708 quem
3440 1636 3626 1693 Strabo
3642 1639 3719 1712 (p.
3746 1641 3873 1712 315)

2316 1732 2369 1775 et
2415 1721 2694 1795 Pompeius
2725 1721 2865 1776 Mela
2906 1721 2981 1794 (1,
3010 1739 3096 1794 19,
3120 1721 3175 1797 5)
3212 1722 3402 1778 dicunt
3435 1723 3602 1778 latum
3638 1725 3874 1798 quinque

2314 1805 2495 1874 stadia3
2509 1807 2753 1881 Polybius
2764 1808 3003 1863 similiter
3025 1811 3181 1863 sentit
3196 1851 3212 1874 ,
3226 1808 3475 1882 additque
3488 1811 3871 1867 strictissimum

2314 1913 2423 1950 esse
2458 1896 2565 1950 oris
2587 1897 2789 1951 Pontici
2812 1917 2828 1962 ς
2871 1895 3157 1967 Dionysius
3196 1898 3485 1967 Byzantius
3517 1910 3602 1954 att
3636 1912 3865 1972 quatuor

2311 1981 2625 2039 stadioruat.

2384 2069 2491 2124 Has
2528 2079 2776 2142 utrasque
2816 2071 3078 2141 angustias
3117 2069 3243 2126 sune
3278 2088 3491 2126 mensus
3534 2090 3697 2127 essem
3718 2114 3735 2138 ,
3774 2074 3872 2128 nisi

2314 2155 2583 2227 suspiciosi
2607 2153 2792 2210 accola
2807 2172 2895 2209 me
2914 2153 3306 2212 deterruissent.
3380 2157 3485 2212 Sed
3511 2167 3683 2212 tamen
3706 2175 3873 2231 quan-

2317 2253 2433 2297 tum
2453 2241 2616 2297 oculis
2640 2240 2879 2314 judicare
2902 2253 3166 2316 poteram,
3196 2243 3329 2299 mibi
3354 2242 3667 2300 videbantur
3687 2245 3869 2301 eadem

2318 2328 2427 2384 sere
2463 2327 2735 2384 latitudine
2748 2367 2765 2396 ,
2790 2327 3013 2384 dimidio
3044 2330 3258 2403 quidem
3281 2333 3531 2386 arctiores
3560 2350 3720 2405 quam
3744 2333 3870 2388 Hel·

2316 2415 2540 2490 lesponti
2555 2455 2572 2483 ,
2598 2417 2801 2472 tametsi
2831 2418 3079 2472 Lucanus
3100 2418 3479 2492 Hellespontias
3500 2429 3593 2474 aut
3622 2420 3870 2474 arctiores

2317 2515 2408 2560 aut
2431 2521 2539 2559 non
2570 2503 2743 2558 minus
2772 2513 2939 2558 arctas
2968 2503 3241 2577 designare
3270 2504 3477 2560 videtur
3500 2507 3581 2561 bis
3604 2507 3837 2562 versibus
3850 2548 3867 2574 ,

2440 2625 2775 2690 Threiciasque
2798 2625 2910 2690 legit
2926 2626 3085 2678 fauces
3106 2631 3155 2679 et
3176 2641 3341 2679 amore
3361 2631 3579 2680 notatum

2446 2717 2613 2768 equor
2637 2709 2687 2756 et
2708 2707 2887 2756 Heroas
2906 2705 3171 2768 lacrymoso
3192 2705 3353 2757 littore
3370 2708 3544 2769 turres,

2367 2825 2375 2834 .
2439 2795 2533 2845 qua
2556 2781 2717 2845 pelago
2730 2794 2904 2832 nomen
2921 2781 3203 2844 Nepheleias
3223 2780 3421 2832 abstulit
3444 2783 3596 2834 Helle.

2442 2861 2548 2910 Non
2579 2859 2739 2909 Asiam
2762 2857 2996 2910 brevioris
3016 2871 3159 2924 aqua
3176 2859 3476 2910 disterminat
3498 2873 3703 2924 usquam

2438 2935 2614 2987 fluctus
2634 2937 2696 2987 ab
2717 2939 2922 3001 Europa,
2942 2937 3161 3001 quamvls
3185 2939 3443 3002 Byzantion
3464 2941 3596 2990 arcto

2438 3017 2617 3066 Pontus
2633 3017 2683 3065 et
2700 3015 2942 3066 osuiseras
2967 3015 3161 3067 dirimat
3178 3016 3477 3068 chalcedona
3499 3031 3661 3068 cursu.

2314 3129 2409 3181 11ae
2439 3127 2659 3199 Bospori
2688 3127 2811 3183 solae
2828 3125 2948 3181 duae
2982 3129 3231 3200 angustiat
3246 3139 3371 3183 sunt
3388 3139 3579 3183 notate
3602 3129 3871 3186 literarum

2316 3213 2683 3267 monumentis.
2719 3218 2787 3271 at
2818 3213 3100 3285 piscatores
3116 3223 3311 3268 nostra
3335 3215 3499 3268 etatis
3527 3214 3650 3269 alias
3667 3228 3875 3288 ponunt

2312 3301 2574 3372 angustias
2620 3319 2635 3356 ε
2684 3318 2811 3354 unas
2857 3299 3071 3372 quidem
3113 3318 3147 3355 a
3202 3301 3569 3374 promontorio
3613 3303 3873 3375 Europoeo

2318 3397 2621 3460 nuncupato
2660 3388 2851 3442 Hestiis
2890 3385 2959 3441 ad
2984 3387 3129 3443 littus
3171 3389 3462 3445 Asiaticum
3478 3428 3495 3456 ,
3544 3388 3690 3461 quod
3716 3389 3873 3463 vulgo

2315 3485 2533 3529 vocatur
2560 3472 2786 3529 Cecrium
2796 3513 2813 3542 ,
2834 3491 3025 3546 easque
3044 3475 3327 3548 piscatores
3346 3474 3586 3530 nonnulli
3617 3485 3873 3532 testantur

2315 3572 2423 3617 tam
2442 3573 2682 3635 angustas
2702 3581 2814 3618 esse
2829 3580 2989 3635 quam
3006 3561 3074 3616 ad
3096 3564 3398 3618 Hermoeum
3410 3565 3833 3636 promontorium
3849 3587 3866 3633 3

2314 3649 2436 3704 alias
2456 3649 2713 3721 angustias
2731 3647 2990 3704 definiunt
3001 3649 3282 3722 piscatores
3296 3651 3437 3706 inter
3446 3653 3869 3724 promontorium

2321 3735 2671 3809 Argyronium
2704 3745 2757 3790 et
2780 3735 2988 3802 Milton,
3025 3753 3155 3808 quas
3176 3746 3283 3791 tam
3318 3747 3561 3808 angustas
3585 3738 3835 3810 inquiunt
3848 3778 3865 3806 ,

2319 3963 2421 3999 sec.
2446 3945 2581 4000 Plin.
2611 3945 2663 4011 5,
2684 3945 2796 4014 435
2822 3946 2941 4014 149.
2965 3949 3011 3998 Α
3038 3944 3176 4000 Bova
3191 3962 3367 4018 prom.
3393 3944 3463 4000 ad
3482 3947 3758 4020 Metopum
3782 3966 3866 4021 pr.

2320 4033 2443 4076 sunt
2476 4039 2508 4093 7
2547 4022 2713 4077 stadia
2748 4041 2849 4078 sec.
2896 4023 3117 4095 Dionys.
3148 4021 3217 4078 fr.
3272 4023 3323 4076 ⁵.
3365 4053 3440 4064 —
3475 4024 3538 4076 In
3567 4024 3867 4080 universum

2323 4102 2539 4174 Bospori
2562 4099 2887 4156 latitudinem
2910 4111 3105 4174 septem
3134 4119 3245 4156 esse
3275 4099 3595 4169 stadiorum,
3624 4113 3757 4175 quot
3789 4121 3871 4158 es·

2322 4191 2437 4234 scut
2464 4181 2620 4234 etiam
2646 4178 2763 4234 freti
2790 4178 2973 4246 Siculi,
2997 4179 3177 4253 prodit
3216 4179 3521 4235 Eustathius
3554 4178 3621 4234 ad
3645 4182 3864 4254 Dionys.

2324 4258 2447 4330 475.
2464 4259 2791 4314 Tralatitium
2806 4276 3085 4314 numerum
3102 4259 3455 4333 septenarium
3466 4260 3623 4314 etiam
3644 4258 3713 4314 de
3735 4258 3870 4315 freto

2324 4337 2585 4394 Gaditano
2614 4337 2796 4392 habuit
2831 4341 3099 4394 Damastes
3121 4337 3263 4412 apud
3301 4339 3565 4394 Avienum
3592 4338 3687 4392 Or.
3726 4341 3865 4395 Mar.

2325 4417 2447 4482 345,
2486 4416 2575 4470 ubi
2622 4415 2805 4489 Scylax
2840 4416 3220 4490 Caryandensis
3258 4417 3551 4490 Bosporum
3587 4426 3640 4470 et
3676 4414 3869 4471 fretum

2323 4496 2451 4551 illud
2484 4497 2801 4552 Gaditanum
2828 4496 3060 4568 ejusdem
3096 4497 3385 4552 latitudinis
3424 4495 3603 4550 secisse
3626 4495 3868 4568 perhibe-

2324 4587 2431 4630 tur.
2455 4578 2667 4632 Tacitus
2700 4579 2755 4631 in
2774 4579 2917 4632 Anu.
2959 4592 3043 4643 12,
3070 4578 3135 4632 63
3164 4575 3294 4630 dicit
3324 4593 3337 4632 ε
3380 4573 3699 4629 Arctissimo
3738 4571 3875 4628 inter

2329 4657 2590 4728 Europam
2602 4655 2886 4729 Asiamque
2897 4653 3123 4709 divortio
3134 4653 3445 4721 Byzantium
3464 4650 3868 4724 Groeeiposuem.

2322 4733 2569 4788 Similiter
2594 4733 2920 4788 Herodianus
2945 4735 3043 4798 111,
3070 4751 3118 4799 1,
3152 4749 3217 4789 xo
3238 4730 3367 4786 dicit
3388 4730 3696 4803 Byzantium
3727 4727 3870 4801 adja-

2324 4829 2441 4865 cere
2451 4813 2723 4886 στινοτάτῳ
2740 4812 2943 4885 πορθμῷ
2958 4815 3044 4879 τῆς
3051 4811 3397 4885 Προποντίδος.
3416 4809 3657 4880 Denique
3670 4807 3871 4863 Plinius

2325 4893 2379 4956 6,
2410 4907 2433 4943 1
2472 4909 2487 4946 ε
2516 4890 2726 4944 Alitum
2748 4900 2934 4944 cantus
2957 4907 3239 4963 canumque
3267 4889 3497 4944 latratus
3529 4886 3742 4941 invicem
3775 4904 3873 4940 au·

2323 4966 2547 5023 (liuntur
2568 4968 2587 5043 (
2606 4987 2637 5024 a
2654 4969 2895 5041 Bosporis
2916 4967 3174 5039 accolis),
3194 4968 3438 5043 vocisque
3454 4965 3615 5022 etiam
3634 4982 3875 5020 commer-

2322 5045 2410 5101 cia
2427 5088 2444 5111 ,
2472 5047 2609 5102 inter
2628 5046 2758 5102 duos
2788 5047 2933 5102 orbes
2958 5059 3192 5103 manente
3216 5047 3502 5124 colloquio,
3529 5042 3637 5100 nisi
3674 5059 3791 5097 cum
3818 5037 3879 5094 id

2326 5124 2497 5198 ipsum
2518 5125 2764 5197 auferunt
2782 5125 2949 5182 venti.
2985 5127 3123 5181 Cum
3141 5127 3229 5184 his
3253 5129 3439 5191 confer
3460 5123 3727 5180 distantias
3747 5135 3877 5191 qua·

2320 5201 2392 5256 les
2414 5223 2515 5259 scc.
2543 5206 2853 5260 recentiores
2883 5208 3321 5280 mensuratione*
3341 5206 3552 5277 exhibet
3576 5199 3769 5259 tabula.

3746 5943 4583 6214 4
