4584 6284
1811 543 2161 606 ANAPLUS
2204 542 2524 606 nosrom
2567 542 2911 607 THRACIl.

1566 678 1623 735 ἢν
1638 676 1688 725 δὲ
1714 676 1885 738 φύγητι

862 764 899 798 o
914 746 1103 809 νιδρομα
1128 746 1341 806 πιτρᾶων
1368 744 1593 803 ἀσκηθέος
1614 746 1761 795 ἔνδοθι
1786 747 1964 797 Πόντου
1982 780 1996 807 ,

866 816 1034 867 αὐτίκα
1059 818 1265 867 Βιθυνῶν
1291 816 1367 867 ἐπὶ
1388 816 1517 872 δεξιὰ
1538 822 1677 877 γαῖαν
1696 816 1877 881 ἔχοντες

866 887 1043 936 πλώετε
1065 888 1289 951 ῥηγμῖνας
1310 887 1671 949 πεφυλαγμένοι,
1700 888 1881 937 ticon-a
1906 886 2014 937 αὖτε

864 958 1037 1016 Ῥήδαν
1061 954 1275 1021 ὠκυρόην
1296 957 1535 1021 ποταμὸν,
1560 956 1787 1007 σκόπελόν
1808 974 1861 1006 τι
1888 958 2100 1015 Κολώνης
2123 960 2143 992 ⁴

866 1026 1165 1091 γνάμψαντες
1189 1028 1339 1087 νήσου
1367 1028 1591 1087 Θυνηίδος
1614 1028 1756 1093 ὅρμον
1778 1028 1957 1087 ἵκησθε.

742 1150 891 1204 Idem
910 1150 1071 1223 paulo
1094 1149 1233 1205 infra
1256 1168 1503 1221 narrans,
1532 1161 1589 1206 ut
1614 1150 1862 1206 Hercules
1892 1152 2151 1223 superavit
2186 1151 2304 1222 My-

742 1234 943 1307 gdones
968 1236 991 1273 ⁵
1036 1254 1068 1301 a
1097 1236 1274 1292 Billaeo
1300 1237 1517 1293 flumine
1546 1236 1611 1291 ad
1658 1236 1940 1293 Rhebaeum
1979 1237 2199 1301 flumen,
2230 1236 2306 1289 sic

744 1322 819 1375 ait
846 1324 935 1393 (2,
958 1326 1093 1395 789)
1112 1340 1126 1377 :

872 1451 1006 1502 Ἐπ’
1024 1452 1099 1503 tut
1118 1453 1339 1511 Ῥηθαίου
1365 1452 1571 1519 προχοὰς
1595 1450 1825 1504 σκόπελόν
1844 1468 1895 1502 τε
1922 1452 2155 1511 Κολώνης.
2178 1440 2205 1480 ⁶

745 1570 829 1631 Ex
874 1573 1063 1648 quibus
1107 1576 1344 1649 perspexi
1390 1575 1625 1631 Colonen
1667 1592 1779 1631 esse
1808 1573 2082 1648 scopulum
2099 1614 2115 1641 ,
2146 1592 2305 1647 quem

745 1674 995 1738 corrupte
1032 1664 1184 1737 vulgo
1231 1664 1486 1739 appellant
1545 1664 1866 1737 Crommyon
1884 1702 1899 1728 ,
1949 1662 2098 1735 quasi
2150 1661 2306 1717 Colo-

742 1760 849 1797 nen
863 1783 877 1809 ,
900 1744 1170 1816 scopulum
1184 1762 1305 1799 vere
1321 1738 1654 1810 κολωνοειδῆ.
1682 1745 1938 1799 Praeterea
1954 1743 2091 1797 circa
2103 1744 2304 1814 Lycum

744 1830 941 1887 flumen
966 1842 1042 1887 est
1082 1834 1507 1906 promontorium
1540 1843 1904 1906 nuncupatum
1940 1818 2190 1896 Κολώνη,
2212 1826 2306 1883 sed

742 1936 775 1972 a
814 1918 991 1973 Rheba
1014 1917 1405 1991 longissimum,
1440 1918 1590 1992 cujus
1612 1920 1850 1975 meminit
1894 1916 2150 1993 Nymphis
2178 1919 2302 1993 (ap.

740 2002 903 2061 schol.
946 2005 1115 2078 Apoll.
1162 2021 1216 2071 2,
1264 2009 1403 2077 649)
1462 2007 1519 2061 in
1554 2016 1779 2062 tractatu
1821 2024 1918 2061 suo
1958 2006 2025 2061 de
2056 2005 2306 2061 Heraclea

738 2092 973 2149 Pontion.
1016 2092 1153 2147 Cum
1192 2094 1352 2165 igitur
1386 2112 1453 2149 ex
1501 2093 1783 2165 Apollonio
1838 2091 2069 2148 viderem
2114 2111 2145 2147 a
2182 2094 2308 2147 Bos-

738 2197 870 2253 poro
908 2181 1273 2253 navigantibus
1294 2180 1363 2236 ad
1384 2182 1623 2237 Rhebam
1644 2182 1880 2237 Colonen
1904 2200 2015 2237 esse
2042 2182 2095 2235 in
2124 2192 2306 2256 aperto

740 2268 875 2322 mari
914 2280 1033 2343 post
1073 2271 1306 2342 Cyaneas
1322 2310 1337 2334 ,
1364 2288 1495 2343 quas
1537 2270 1593 2324 in
1632 2280 1854 2341 angusto
1878 2266 2019 2323 idem
2047 2270 2183 2323 ostio
2206 2288 2304 2342 po-

738 2355 819 2409 nit
832 2396 847 2421 ,
886 2354 1167 2410 conscendi
1204 2354 1437 2411 lembum
1451 2397 1467 2424 ‚
1504 2366 1719 2428 paratus
1769 2356 1989 2411 scrutari
2020 2365 2191 2411 totum
2218 2355 2302 2410 lit·

742 2454 829 2497 tus
876 2462 1045 2516 usque
1079 2443 1147 2499 ad
1187 2445 1395 2501 Fanum
1432 2444 1612 2511 Jovis3
1658 2442 1751 2499 sed
1788 2444 1978 2497 iterum
2012 2444 2307 2515 improvisae

740 2539 1071 2603 tempestates
1109 2532 1292 2586 saevire
1324 2540 1627 2604 coeperum,
1672 2540 1736 2583 ut
1786 2530 2028 2602 Harpyia:
2062 2530 2307 2585 immissae

744 2616 1049 2673 viderentur
1065 2659 1081 2687 ,
1129 2622 1308 2676 nescio
1343 2638 1452 2693 quo
1474 2618 1581 2673 fato
1624 2616 1863 2673 nolentes
1898 2618 2125 2691 Cyaneas
2174 2618 2304 2673 mihi

742 2706 933 2777 aperiri
948 2746 963 2771 ,
1006 2716 1061 2760 at
1110 2704 1243 2761 adeo
1285 2704 1482 2761 furiose
1498 2746 1513 2770 ,
1564 2716 1623 2759 ut
1666 2704 1866 2777 aliquot
1904 2704 2061 2759 remis
2104 2704 2304 2759 amissis

740 2792 932 2861 lembi,
978 2796 1071 2865 qui
1111 2794 1361 2866 agebatur
1386 2795 1597 2849 circiter
1624 2794 1808 2865 viginti
1832 2792 2115 2865 juvenibus
2152 2795 2306 2865 regiis

738 2882 899 2935 servis
920 2878 1263 2937 redeuntibus
1290 2901 1356 2938 ex
1382 2883 1528 2955 regio
1550 2882 1734 2947 horto,
1770 2898 1929 2955 quem
1956 2891 2077 2936 ante
2098 2881 2207 2935 dixi
2236 2884 2307 2936 si·

738 2978 853 3022 tum
883 2986 995 3023 esse
1020 2986 1188 3043 prope
1229 2968 1429 3025 sontem
1460 2970 1749 3026 Rhebantis
1766 3010 1782 3036 ,
1824 2969 2007 3024 crebra
2032 2980 2086 3023 et
2111 2969 2305 3025 lamen·

736 3052 881 3108 tabili
908 3072 1037 3109 voce
1078 3056 1177 3109 Dei
1212 3074 1408 3111 nomen
1454 3055 1897 3123 exclamantibus,
1940 3054 2225 3111 inundatus
2250 3068 2304 3112 et

737 3144 915 3197 omnia
938 3160 1147 3215 passus,
1174 3162 1291 3215 quae
1316 3142 1385 3198 ad
1412 3146 1643 3217 Cyaneas
1680 3146 1997 3215 Argonauta!
2030 3146 2167 3216 passi
2203 3156 2306 3199 tra·

738 3224 955 3294 duntur,
984 3228 1481 3303 vehementioreque
1518 3242 1664 3285 metu
1690 3230 1929 3297 affectus,
1958 3241 2019 3285 nt
2046 3233 2137 3304 qui
2156 3250 2301 3287 care-

738 3332 849 3369 rem
870 3315 1043 3388 Typhi
1072 3316 1420 3388 gubernatore
1452 3330 1507 3373 et
1534 3320 1776 3373 Minerva
1812 3318 2087 3373 directi-icc
2128 3321 2302 3391 Argus

732 3411 793 3453 et
830 3402 1029 3455 Phineo
1056 3414 1170 3456 vate
1194 3406 1467 3476 (Remiges
1493 3404 1636 3458 enim
1667 3406 1942 3477 peritiores
1964 3417 2114 3460 erant
2150 3406 2298 3478 plan-

733 3486 886 3542 tandi
914 3489 1053 3545 olera
1070 3508 1227 3563 quam
1250 3491 1510 3563 dirigendi
1536 3492 1805 3564 navigium
1828 3512 1843 3559 ;
1874 3512 1971 3565 ego
2004 3493 2147 3549 nullo
2170 3494 2296 3550 Phi-

738 3594 843 3631 neo
859 3580 1198 3651 premonitus
1208 3579 1328 3636 illuc
1338 3598 1651 3637 accesseram
1667 3582 2043 3637 comiteTurco
2055 3583 2300 3657 imperito

732 3682 849 3718 non
877 3664 1038 3720 inodo
1056 3667 1215 3720 maris
1230 3708 1246 3732 ,
1268 3666 1361 3721 sed
1378 3669 1537 3724 etiam
1565 3670 1767 3723 itineris
1794 3667 2049 3723 redeundi
2075 3688 2139 3723 eo
2156 3668 2302 3725 unde

734 3754 1075 3827 veneramus)
1100 3795 1116 3822 ,
1153 3754 1326 3809 redire
1358 3767 1569 3812 coactus
1607 3758 1705 3811 sim
1744 3755 1811 3812 ad
1860 3757 2095 3812 Rhebam
2112 3798 2127 3823 ,
2159 3768 2300 3813 tum·-

741 3856 846 3911 que
870 3841 1169 3913 praeteriens
1190 3842 1463 3915 scopulum
1485 3842 1775 3898 Coloneum
1805 3841 1989 3897 timide
2015 3845 2300 3917 aspicerem

738 3926 977 4001 undique
1006 3929 1253 3985 fluctibus
1291 3934 1607 4005 tempestatis
1628 3931 1943 3987 circumdari
1958 3974 1973 3999 ,
2006 3933 2300 4007 fluctusque

734 4032 909 4087 usque
932 4015 1002 4070 ad
1023 4018 1273 4073 verticem
1298 4017 1515 4074 Colonei
1560 4019 1759 4093 scopuli
1786 4019 1981 4075 exilire.
2018 4022 2203 4094 Itaque
2230 4021 2298 4076 ad

735 4100 975 4157 Rhebam
1024 4105 1253 4169 reversi,
1296 4105 1353 4158 in
1400 4105 1575 4161 littore
1622 4105 1817 4177 frigido
1872 4110 2296 4179 pernoctavimus

734 4185 963 4254 madidi,
994 4207 1105 4244 non
1143 4190 1257 4245 sine
1282 4201 1431 4247 metu
1464 4210 1573 4246 non
1597 4191 1761 4247 modo
1788 4192 2133 4248 barbarorum
2174 4194 2302 4249 vici-

735 4291 925 4329 norum
940 4314 958 4342 ,
988 4273 1080 4331 sed
1109 4277 1267 4331 etiam
1294 4295 1569 4333 servorum
1592 4280 1856 4349 regiorum
1872 4319 1888 4345 ,
1913 4297 2045 4352 quos
2074 4282 2302 4353 praemiis

730 4359 1057 4418 adduxeram
1095 4363 1164 4418 ad
1210 4382 1354 4419 mare
1394 4364 1854 4421 conscendendum
1876 4406 1891 4433 ,
1923 4385 1989 4423 ne
2026 4368 2155 4441 quid
2182 4370 2302 4423 irati

736 4506 876 4521 -ι-

2392 684 2684 741 teum-eun
2731 675 2824 731 sed
2871 680 3122 751 pecunias
3173 689 3306 751 quot
3347 678 3606 736 habebam
3623 720 3638 747 ‚
3695 680 3838 747 dedi,
3893 695 3956 741 nt

2391 758 2618 839 ὀξύγαλα
2639 804 2656 835 ,
2687 764 2834 839 quod
2852 764 2961 819 illic
2981 766 3034 819 in
3055 764 3228 821 littore
3249 767 3437 838 agresti
3455 768 3624 823 solum
3653 767 3951 824 invenieba-

2391 866 2494 922 tur,
2527 864 2762 911 emerent
2778 893 2793 919 ,
2825 870 2934 925 quo
2957 852 3208 925 pei-mulsi
3227 853 3518 927 placatique
3537 856 3668 910 iram
3687 857 3956 913 continue·

2391 953 2536 997 runt.
2557 939 2818 997 Postridie
2836 956 2991 993 mane
3011 936 3392 994 cum‘nondum
3407 940 3636 996 insanire
3655 941 3954 1000 doeinerent

2391 1039 2718 1104 tempestates
2734 1067 2749 1095 ,
2779 1025 3006 1100 pedibus
3027 1023 3158 1079 redii
3189 1025 3258 1081 ad
3285 1028 3488 1082 Fanum
3505 1028 3652 1083 Jovis
3668 1069 3685 1096 ,
3710 1028 3836 1085 inde
3855 1030 3948 1103 uy-

2389 1118 2640 1171 zantium.
2662 1118 2790 1171 Post
2812 1130 2942 1168 vero
2973 1111 3174 1184 aliquot
3202 1110 3346 1177 dies,
3383 1130 3505 1167 cum
3531 1132 3674 1168 mare
3705 1116 3956 1190 tranquil-

2388 1203 2500 1260 lum
2522 1216 2655 1260 esset
2671 1244 2686 1271 ‚
2715 1220 2899 1257 rursus
2925 1202 3166 1273 navigavi
3195 1200 3264 1256 ad
3303 1202 3505 1257 Fanum
3523 1244 3543 1275 ,
3577 1221 3610 1257 a
3647 1222 3756 1275 quo
3787 1223 3955 1280 usque

2387 1290 2458 1347 ad
2481 1290 2714 1345 Rhebam
2737 1300 2904 1345 totam
2923 1306 3071 1343 oram
3089 1288 3404 1342 maritimam
3423 1298 3793 1360 perscrutatum,
3819 1292 3956 1349 inter

2389 1378 2663 1452 scopulum
2699 1376 2992 1431 Coloneum
3032 1384 3087 1430 et
3111 1376 3316 1429 Fanum
3361 1372 3684 1447 deprehendi
3717 1378 3956 1450 scopulos

2389 1466 2522 1521 mari
2563 1461 2916 1520 circumdatos
2961 1463 3170 1517 circiter
3209 1463 3446 1535 quinque
3458 1500 3474 1528 ,
3519 1480 3744 1534 quorum
3781 1466 3957 1535 proxi·

2389 1569 2537 1607 mum
2559 1551 2928 1624 promontorio
2945 1589 2960 1615 ,
2991 1566 3100 1622 quo
3125 1548 3270 1605 littus
3287 1588 3304 1613 ,
3341 1548 3604 1619 stringens
3624 1546 3788 1603 latum
3816 1552 3956 1623 pel..

2390 1656 2484 1709 gus
2508 1639 2564 1692 in
2589 1646 2867 1709 angustum
2907 1634 3098 1690 fretum
3119 1636 3374 1707 Bospori,
3415 1634 3636 1689 tendens
3667 1634 3734 1689 ad
3759 1638 3958 1708 aquilo-

2389 1742 2511 1780 nem
2533 1724 2764 1779 ssectitur
2779 1724 2846 1779 ad
2870 1734 3045 1778 ortum
3065 1722 3172 1777 fere
3193 1722 3630 1795 aequinoctialem,
3653 1720 3764 1794 jam
3788 1725 3958 1797 prius·

2389 1830 2546 1885 quam
2573 1811 2874 1869 incidissem
2919 1812 2978 1865 in
3005 1811 3267 1883 Anaplum
3301 1812 3568 1883 Dionysii,
3599 1808 3957 1883 judicaveram

2391 1918 2502 1956 esse
2545 1901 2808 1973 Cyaneam
2851 1898 3163 1963 Asiaticam
3206 1896 3300 1951 sed
3327 1897 3454 1951 falso
3471 1937 3486 1962 ,
3527 1898 3572 1951 si
3609 1909 3752 1952 recte
3777 1900 3959 1956 scribit

2389 1988 2671 2064 Dionysius
2698 1988 2844 2042 hunc
2885 1986 3158 2060 scopulum
3199 1986 3444 2059 appellari
3479 1987 3690 2058 Pyt-gon
3733 1986 3954 2045 Medeoe.

2393 2077 2548 2132 Hunc
2569 2090 2746 2132 meum
2769 2074 2985 2149 longum
3013 2083 3068 2128 et
3091 2070 3413 2129 laboriosum
3437 2090 3700 2137 errorem,
3727 2091 3837 2145 quo
3861 2074 3958 2132 diu

2389 2181 2680 2219 erraveram
2707 2180 2830 2218 cum
2866 2160 3162 2217 errantibus
3196 2158 3416 2234 Cyaneis
3432 2198 3450 2227 ,
3491 2160 3730 2235 profiteri
3777 2161 3951 2229 volui,

2389 2266 2458 2304 ne
2473 2252 2592 2323 quis
2616 2248 2898 2305 seducatur
2917 2247 3135 2321 scopulo
3156 2247 3389 2303 Coloneo
3427 2248 3559 2303 mihi
3591 2248 3804 2321 quidem
3840 2270 3954 2307 mo·

2389 2336 2516 2392 lesto
2533 2378 2547 2401 ,
2587 2337 2680 2391 sed
2699 2336 2914 2391 sortasse
2937 2332 3118 2390 futuro
3143 2334 3371 2407 cuipiam
3389 2326 3630 2400 jucundo
3649 2336 3719 2391 ob
3745 2336 3956 2393 Colone

2388 2434 2441 2477 et
2471 2423 2664 2479 Rbebae
2689 2424 3045 2493 cognitionem
3076 2440 3090 2477 :
3121 2420 3320 2493 quibus
3337 2421 3560 2491 cognitis
3596 2421 3796 2477 facilius
3821 2424 3953 2497 Cya-

2389 2530 2500 2565 neae
2525 2512 2840 2583 initiumque
2869 2510 3090 2583 Bospori
3125 2519 3535 2579 cognoscuntur,
3561 2511 3754 2565 comite
3779 2520 3954 2567 tamen

2389 2598 2642 2670 Dionysio
2658 2597 2928 2670 Byzantio,
2945 2596 3059 2651 sine
3075 2612 3182 2667 quo
3193 2593 3457 2649 difficilius
3479 2596 3644 2650 cuivis
3657 2606 3736 2651 est
3753 2599 3954 2671 Bospo-

2389 2702 2508 2739 rum
2525 2686 2728 2757 aperire
2749 2700 2911 2755 quam
2932 2682 3112 2737 Jasoni
3135 2682 3247 2735 sine
3271 2682 3494 2736 Phineo.
3526 2684 3702 2750 Quare
3737 2683 3804 2737 ad
3829 2684 3956 2739 Dio-

2389 2772 2598 2846 nysium
2623 2771 2785 2827 redeo
2801 2813 2816 2836 ,
2843 2788 2999 2843 quem
3025 2768 3208 2841 reliqui
3235 2767 3378 2841 apud
3401 2768 3634 2841 Cyaneas
3650 2770 3949 2844 Europaeas.

2459 2933 2527 2985 11.
2555 2934 2632 2983 De
2649 2929 3008 3003 promontorio
3026 2930 3277 3000 Ancyroeo
3295 2939 3345 2981 et
3365 2925 3430 2981 de
3447 2944 3640 2981 ancora
3659 2931 3880 2987 Iasonis.

3042 3078 3140 3139 Fr.
3197 3088 3294 3137 5⁴.

2450 3238 2506 3289 A
2537 3234 2778 3305 &anei-5,
2809 3235 2983 3307 inquit
3019 3235 3338 3306 Dionysius,
3373 3232 3450 3286 ad
3474 3232 3719 3287 orientem
3757 3236 3953 3291 malms

2386 3322 2586 3375 Pontus
2611 3330 2768 3393 patet
2804 3318 2860 3374 in
2898 3318 3174 3374 terminum
3198 3330 3415 3392 aspectu
3449 3317 3864 3393 incomprehenso
3903 3334 3954 3375 et

2383 3424 2482 3459 non
2504 3417 2750 3479 percepto
2772 3404 2938 3459 oculis
2975 3415 3203 3463 vastum.
3251 3402 3492 3458 Visionis
3519 3402 3690 3457 nescio
3727 3406 3954 3477 niujome

2384 3490 2631 3565 voluptas
2651 3509 2724 3544 an
2750 3490 3060 3545 admiratio.
3102 3494 3157 3544 A
3178 3489 3392 3543 meridie
3413 3501 3588 3543 autem
3609 3501 3688 3544 est
3710 3510 3953 3564 promon-

2387 3577 2578 3631 torium
2618 3574 2864 3632 claudens
2906 3576 3150 3651 pulcrum
3181 3575 3345 3631 Ponti
3361 3574 3577 3642 ostium,
3616 3585 3668 3629 et
3710 3595 3952 3647 mgnum

2379 3667 2599 3740 pelagus
2642 3678 2692 3721 et
2724 3677 2966 3740 apertum
2996 3664 3290 3735 astringens
3335 3664 3391 3720 ἰη
3413 3662 3620 3735 fretum
3652 3679 3949 3735 angustum.

2385 3758 2476 3809 Ea·
2511 3752 2724 3826 Cyaneis
2757 3754 3036 3828 Europaeis
3073 3752 3360 3827 trajicienti
3402 3753 3458 3807 in
3491 3753 3683 3809 Asiam
3717 3754 3952 3829 primum

2385 3842 2590 3916 quidem
2637 3852 2716 3895 est
2744 3840 3160 3916 promontorium
3201 3854 3562 3917 nuncupatum
3601 3844 3912 3915 Ancyramm
3931 3868 3951 3902 .·

2384 3931 2452 3983 ab
2475 3930 2568 3985 hoc
2585 3930 2722 3984 enim
2747 3930 2903 3985 aiunt
2941 3928 3206 4004 lapideam
3237 3948 3482 3984 ancoram
3508 3931 3770 4006 accepisse
3797 3933 3952 3987 navi·

2383 4030 2567 4087 gaules
2585 4036 2704 4073 cum
2725 4022 2913 4073 Iasone
2929 4018 3078 4073 vatis
3101 4017 3404 4083 admonita,
3428 4017 3690 4092 eidemque
3711 4038 3953 4093 promon-

2387 4104 2520 4159 torio
2537 4122 2718 4159 nomen
2737 4104 2944 4160 dedisse
2965 4107 3294 4174 Ancyroeurn.

2455 4195 2632 4263 Quam
2659 4192 2873 4247 illustris
2901 4191 3061 4248 suerit
3091 4193 3298 4247 Jasonis
3339 4193 3600 4262 navigatio
3617 4232 3632 4259 ‚
3681 4204 3794 4247 tum
3830 4212 3950 4267 per·

2385 4278 2560 4334 multis
2600 4280 2714 4335 aliis
2737 4279 3074 4335 nobilissimis
3109 4280 3254 4335 orbis
3295 4290 3554 4335 terrarum
3599 4283 3952 4337 monumentis

2387 4386 2689 4444 expressum
2741 4378 3146 4442 attaetatumque
3189 4368 3430 4435 habetur,
3479 4380 3593 4423 tum
3644 4370 3846 4425 ancoris
3885 4370 3949 4425 ad

808 4611 860 4671 Ι..
890 4606 1139 4661 Σκόπελόν
1170 4627 1223 4662 τε
1251 4608 1521 4682 Κολώνης]
1548 4610 1665 4665 Hoc
1685 4610 1803 4665 loco
1828 4612 1881 4666 in
1916 4614 2109 4667 nostris
2136 4614 2298 4686 Apol·
2391 4616 2730 4689 Nymphidi),
2753 4620 2846 4689 qui
2885 4616 3176 4689 Mygdones
3202 4616 3270 4671 al>
3307 4615 3524 4670 Hercule
3559 4614 3799 4669 subactos
3843 4632 3952 4669 esse

732 4682 865 4739 lonii
897 4684 1165 4739 codicibus
1194 4686 1304 4741 haec
1332 4688 1489 4741 verba
1508 4705 1617 4742 non
1637 4688 1905 4759 leguntur.
1930 4690 2069 4745 vide
2096 4702 2209 4748 not.
2230 4691 2300 4747 ad

732 4782 793 4837 p.
828 4769 918 4821 62.

812 4846 865 4901 5.
904 4844 1221 4915 undam-s]
1260 4845 1559 4901 Secundum
1595 4858 1803 4903 nostros
1846 4850 2109 4922 Apollonii
2137 4852 2298 4907 libros

740 4920 993 4977 Hercules
1046 4923 1273 4995 Phryges
1290 4963 1306 4989 ,
1362 4924 1532 4980 nullos
1576 4944 1699 4981 vero
1746 4927 2029 5000 Mygdones
2071 4931 2294 5002 subegit.

738 5001 921 5056 Fuisse
948 5011 1125 5057 tamen
1166 5004 1257 5073 qui
1294 5008 1364 5071 (α
1382 5044 1397 5071 ,
1439 5008 1581 5077 789)
1615 5024 1713 5078 pro
1738 5008 1822 5062 καὶ
1842 5008 2040 5082 Φρύγας
2062 5010 2296 5081 legerent

732 5081 1033 5152 Μύγδονας,
1057 5092 1274 5136 testatur
1296 5082 1595 5151 scholiasta,
1618 5084 1817 5141 addens
1838 5088 1973 5143 hanc
1996 5088 2294 5157 lectionem,

726 5161 778 5215 si
807 5160 928 5234 quis
961 5160 1291 5234 probandam
1326 5162 1567 5231 duxerit,
1605 5166 1675 5219 ita
1701 5184 1811 5221 esse
1838 5166 2193 5241 explicandam
2235 5182 2296 5225 ut

733 5251 826 5296 aut
856 5238 1189 5314 Mygdonum
1215 5259 1344 5296 voce
1380 5241 1637 5315 Bebryces
1679 5243 2033 5316 designentur,
2068 5265 2296 5319 quorum

728 5340 829 5377 rex
848 5320 1083 5394 Mygdon
1112 5322 1302 5390 suerit,
1340 5334 1430 5378 aut
1460 5324 1761 5395 Apollonius
1785 5342 1841 5380 se
1868 5324 2125 5383 addixerit
2161 5331 2295 5384 Moe·

734 5400 839 5455 ridi
872 5404 1089 5473 (ignoto
1132 5402 1289 5456 nobis
1320 5404 1529 5457 auctori
1549 5444 1566 5472 ,
1594 5405 1693 5459 nisi
1738 5406 1861 5461 sort.
1902 5406 2177 5479 legendum
2216 5422 2295 5465 cst

2384 4694 2698 4767 prodiderit.

2457 4780 2509 4828 6.
2548 4775 2704 4830 Adde
2727 4776 2973 4849 Apollon.
3005 4774 3178 4830 Rhod.
3224 4791 3287 4839 2,
3321 4779 3424 4845 649
3443 4814 3458 4838 ,
3491 4772 3560 4828 ad
3595 4791 3750 4845 quem
3779 4772 3949 4826 locum

2385 4854 2658 4910 scholiasta
2689 4872 2870 4909 vocem
2917 4856 3154 4923 Κολώνην
3207 4855 3429 4925 explicat
3474 4853 3648 4909 verbis
3684 4870 3698 4907 :
3728 4852 3814 4905 t'ov
3857 4851 3951 4924 πρὸ

2385 4938 2472 4987 τοῦ
2504 4932 2661 5001 ‘Prien
2689 4934 2931 4990 σκόπελον
2969 4934 3270 5001 zozovensi}
3308 4933 3428 4987 ὄντα
3467 4932 3486 5006 (
3501 4932 3584 4987 Cf.
3615 4931 3906 5003 ‘Hesychius
3931 4946 3946 4984 z

2385 5013 2622 5081 Κολώνη·
2663 5014 2812 5076 τόπος
2847 5013 3059 5085 ὓψηλός,
3107 5010 3428 5083 ἔπανάστημα
3473 5014 3568 5084 γῆς
3609 5006 3878 5081 βουνοειδὲς
3903 5010 3942 5078 ).

2385 5089 2544 5162 Quod
2586 5109 2710 5145 vero
2745 5090 2896 5145 addit
2925 5108 2938 5146 ε
2983 5091 3192 5160 Κολώνη
3223 5089 3278 5144 ai
3329 5090 3453 5161 ἄκρα
3491 5088 3622 5144 οὕτω
3662 5087 3940 5157 καλουμένη

2383 5170 2492 5244 περὶ
2511 5169 2598 5224 τὸν
2624 5169 2779 5224 Λύκον
2807 5175 3058 5243 ποταμόν·
3093 5171 3334 5243 μέμνηται
3363 5168 3510 5236 αὖτῆς
3527 5168 3716 5240 Νύμφις
3737 5166 3766 5219 6
3799 5164 3946 5236 Ἦρα-

2383 5250 2600 5317 κλεώτης
2640 5249 2690 5303 ὃν
2731 5254 2805 5323 τῷ
2850 5249 2974 5321 Περὶ
3027 5248 3321 5321 Ἡρακλείας
3336 5287 3353 5314 ,
3408 5244 3476 5300 ad
3518 5245 3670 5300 aliam
3716 5241 3944 5297 Colonen

2381 5329 2643 5401 pertinere
2664 5325 2850 5395 debet,
2886 5326 3146 5401 siquidem
3177 5330 3348 5400 Lycus
3381 5324 3572 5379 fluvius
3599 5337 3762 5394 prope
3785 5318 3946 5371 Hera-

2381 5410 2544 5465 cleam
2567 5411 2694 5464 exit.
