4584 6284
2085 470 2458 535 AGATHEM
2468 474 2592 536 1⁴:111
2645 500 2666 522 ·

764 598 869 659 ἀπὸ
896 598 1280 679 Ἰλλιὸίρρεως]
1316 600 1403 659 διὰ
1443 605 1547 660 τῶν
1588 602 1910 661 πανδοκείων
1938 604 2035 671 ἕως
2057 605 2321 685 Γαδείρων
2408 609 2576 663 stadia
2627 610 2797 681 37473
2837 611 3048 667 Illibirri
3099 631 3262 685 usque
3321 615 3389 669 ad
3453 617 3625 673 Gades
3670 622 3963 679 secundum

763 678 953 737 στάδια
978 701 1166 759 ,ς’χνα,
1194 680 1285 738 καὶ
1316 684 1345 739 ὃ
1369 680 1619 748 διάπλους
1652 681 1738 742 ἐπὶ
1766 682 1997 762 Γάδειρα
2034 686 2221 745 στάδια
2261 684 2322 753 ξ’.
2411 697 2703 751 mansiones
2739 696 2902 752 stadia
2929 700 3099 764 6651,
3137 712 3189 754 et
3221 703 3276 755 in
3314 702 3542 757 insulam
3581 705 3824 778 trajectus
3858 718 3964 767 stn-

766 764 938 843 ‘01²0ss
990 767 1093 826 ἀπὸ
1123 768 1167 826 Γ
1168 766 1331 847 ἄγγῠυ
1373 772 1447 836 εἷς
1486 767 1718 850 Γάδειρα
1747 768 1970 829 σταδίων
1995 771 2240 851 μυριάδες
2278 770 2323 841 ζ’
2409 782 2618 836 diorum
2647 787 2734 839 60.
2764 786 2827 837 In
2851 800 3052 838 summa
3073 784 3139 839 ab
3161 787 3342 857 Gange
3367 787 3436 841 ad
3463 788 3636 844 Gades
3655 794 3822 849 stadia
3841 808 3965 849 sunt

764 856 855 913 καὶ
890 852 1047 935 ,αφξῖ
2411 870 2601 939 71560.

707 964 733 1003 s
844 961 908 1001 18.
959 940 1169 1008 Πλοίτος
1196 939 1252 1001 δὲ
1286 946 1382 1014 τῆς
1406 942 1715 1021 οἰκουμένης
1757 942 1863 1003 ἀπὸ
1892 947 1987 1015 τῆς
2012 946 2322 1015 Αἰθιοπικῆς
2379 982 2384 989 ·
2483 958 2568 1011 18.
2611 955 2860 1011 Latitudo
2885 966 3055 1023 terrae,
3083 974 3189 1030 qua
3226 958 3512 1027 habitatur,
3558 961 3625 1017 ab
3665 966 3966 1040 AEthiopico

762 1028 1029 1103 θαλάσσης
1073 1028 1161 1088 ἐπὶ
1190 1027 1285 1100 τὴν
1328 1030 1544 1109 Μερόην
1598 1030 1824 1091 σταδίων
1867 1054 1929 1111 ,ν
1969 1032 2075 1092 ἀπὸ
2112 1034 2323 1112 Μερόης
2413 1058 2606 1095 oceano
2624 1040 2690 1096 ad
2717 1043 2934 1099 Meroen
2972 1053 3049 1097 est
3074 1042 3362 1099 stadiorum
3395 1046 3560 1114 5000;
3603 1068 3635 1103 a
3673 1053 3855 1107 Meroe
3895 1055 3964 1109 ad

762 1119 835 1183 εἰς
884 1114 1276 1199 Ἀλεξάνδρειαν
1322 1118 1551 1177 σταδίων
1594 1118 1814 1198 μυρίων·
1856 1118 1961 1177 ἀπὸ
1995 1118 2050 1177 δὲ
2078 1118 2320 1188 Ἀλεξαν-
2355 1100 2363 1187 1
2411 1126 2780 1182 Alexandriam
2805 1126 3092 1183 stadiorum
3119 1120 3314 1197 10000;
3332 1131 3400 1186 ab
3428 1133 3748 1191 Alexandria
3765 1138 3834 1193 ad
3855 1142 3960 1195 Ta-

768 476 885 529 478

758 1304 856 1357 per
875 1285 1212 1352 Narbonem,
1238 1287 1593 1353 Nemausum,
1622 1286 2011 1341 Eburodunum
2035 1298 2089 1341 et
2112 1288 2332 1359 Brigan-
2417 1306 2491 1345 m.
2517 1286 2669 1344 editt.
2710 1288 2956 1361 priores),
3003 1288 3071 1343 ab
3117 1290 3446 1348 Eboruduno
3481 1306 3657 1351 autem
3699 1316 3764 1371 71
3801 1319 3877 1357 m.
3906 1320 3962 1373 p.

760 1367 897 1419 tium
920 1374 1047 1418 sunt
1073 1363 1181 1418 sere
1202 1367 1305 1429 404
1337 1382 1413 1421 111.
1438 1382 1516 1437 p.;
1540 1384 1605 1420 ex
1629 1366 1757 1421 ltin.
1784 1370 1985 1423 Anton.
2014 1366 2332 1438 colliguntur
2415 1366 2602 1434 distat,
2619 1385 2728 1422 non
2743 1366 2998 1423 diversam
3021 1387 3130 1423 osse
3153 1388 3305 1443 posse
3330 1390 3363 1427 a
3387 1374 3698 1444 Segusione,
3723 1396 3872 1451 aqua
3896 1381 3962 1435 ad

761 1444 865 1509 445
910 1443 1040 1499 mill.
1068 1460 1126 1516 p.
1161 1442 1244 1497 vel
1268 1444 1425 1498 etiam
1453 1448 1555 1509 464
1584 1462 1681 1510 111.,
1705 1445 1749 1498 si
1771 1464 1801 1499 a
1828 1448 2078 1519 Pyrenaeo
2098 1445 2167 1500 ad
2191 1447 2326 1500 Nar·
2414 1447 2633 1501 Ocelum
2678 1463 2746 1516 27
2773 1466 2869 1512 m„
2911 1447 2978 1501 ad
3005 1447 3388 1506 Eburodunum
3421 1472 3489 1523 70
3531 1472 3607 1509 m.
3652 1458 3708 1510 in
3756 1460 3883 1516 Itin.
3909 1467 3965 1515 A

760 1522 957 1578 bouem
982 1542 1081 1597 pro
1108 1523 1174 1579 65
1205 1542 1281 1580 m,
1305 1541 1365 1595 p,
1390 1526 1543 1596 (quot
1564 1523 1721 1578 haba
1748 1543 1804 1597 p,
1838 1527 1941 1596 387
1969 1523 2055 1583 ed,
2082 1527 2287 1591 was.)
2305 1566 2320 1589 ‚
2412 1527 2800 1590 computantur.
2843 1522 2886 1573 Α
2925 1518 3112 1574 Ticino
3143 1520 3276 1575 urbe
3303 1540 3470 1594 usque
3496 1523 3563 1578 ad
3601 1527 3817 1583 Ocelum
3855 1549 3960 1587 sec.

761 1612 1035 1675 computes
1061 1605 1127 1666 84
1152 1620 1227 1656 111.
1275 1606 1296 1667 (
1314 1603 1391 1657 uti
1419 1613 1497 1656 est
1520 1620 1578 1674 p.
1610 1602 1759 1672 389).
1788 1603 2028 1657 Illibirris
2053 1620 2083 1656 a
2108 1603 2326 1656 Summo
2409 1596 2678 1651 Strabonis
2700 1594 2857 1651 codd.
2884 1594 2954 1670 (p.
2984 1614 3087 1668 217
3105 1598 3246 1664 Cas„
3277 1604 3396 1668 180,
3415 1606 3484 1666 48
3502 1605 3656 1674 Did.)
3679 1607 3761 1660 via
3783 1608 3964 1680 μιλίων

760 1682 1013 1752 Pyrenaeo
1024 1680 1225 1735 inTab.
1243 1683 1394 1736 Peut.
1408 1680 1554 1735 abest
1564 1700 1639 1738 m.
1664 1682 2135 1753 17‚Scingomagus
2147 1692 2322 1736 autem
2409 1673 2512 1729 ἐστὶ
2535 1675 2646 1748 περὶ
2671 1674 2920 1743 ἱξήκοντα.
2943 1674 3102 1745 Quod
3131 1695 3296 1750 quum
3315 1691 3491 1753 aperte
3518 1681 3704 1737 salsum
3729 1688 3824 1751 sit,
3849 1688 3964 1743 edi·

760 1758 829 1813 ab
857 1759 1018 1815 00010
1058 1776 1301 1814 occasum
1343 1778 1523 1815 versu,
1558 1759 1719 1816 distat
1758 1762 1883 1831 (500,
1927 1760 2235 1815 strabonem
2262 1777 2317 1832 p,
2409 1762 2546 1807 toroe
2595 1752 2862 1808 Strabonis
2899 1752 3026 1807 inde
3063 1772 3095 1807 a
3129 1756 3218 1809 Du
3259 1757 3466 1813 Theilio
3498 1762 3822 1832 scripserunt
3853 1768 3966 1838 περὶ

767 1840 894 1909 178)
922 1842 991 1894 28
1016 1856 1090 1893 m.
1120 1856 1218 1911 p.,.
1234 1837 1367 1893 adeo
1392 1849 1455 1893 ut
1479 1839 1566 1893 via
1590 1840 1658 1895 ab
1694 1839 1905 1895 Illibirri
1931 1838 2000 1894 ad
2023 1839 2320 1910 Scingoma·
2412 1828 2628 1907 [ἑκατὸν]
2659 1830 2891 1899 ἒξήκοντα
2906 1873 2922 1898 ‚
2947 1832 3149 1888 literam
3171 1832 3218 1906 ρ’
3234 1846 3355 1907 post
3374 1855 3557 1892 vocem
3585 1840 3694 1912 περὶ
3709 1842 3963 1899 excidisse

762 1932 889 1987 gum
913 1917 979 1981 45
1008 1934 1083 1974 m.
1111 1934 1169 1991 p.
1193 1917 1409 1973 brevior
1428 1919 1497 1973 sit
1518 1936 1677 1991 qnam
1700 1939 1762 1976 ea
1783 1937 1899 1993 quae
1920 1928 1999 1974 est
2016 1937 2048 1972 a
2070 1920 2318 1992 Pyrenaeo

759 1990 829 2045 ad
856 1992 1096 2047 Ocelum.
1132 1996 1237 2049 Pro
1257 1997 1363 2059 468
1385 2013 1461 2051 111.
1483 2013 1643 2069 pass„
1671 2015 1789 2071 quae
1824 1995 2146 2069 Agathemeri
2172 2014 2317 2051 com·

758 2084 920 2147 putus
946 2075 1171 2147 flagitat,
1199 2076 1407 2133 codices
1442 2080 1694 2145 Pliniani,
1725 2098 1858 2154 quos
1882 2080 2115 2152 ,Silligius
2156 2080 2312 2148 citat,

757 2154 994 2227 praebent
1009 2173 1085 2212 m.
1108 2174 1167 2229 p·
1188 2156 1315 2228 456,
1338 2158 1461 2224 453,
1488 2159 1611 2228 566,
1635 2159 1758 2224 555,
1780 2160 1904 2215 351.
1923 2161 2129 2214 Horum
2149 2176 2314 2231 quum

756 2234 891 2289 nihil
928 2237 1215 2307 genuinum
1244 2255 1357 2291 esse
1392 2240 1556 2311 possit
1570 2280 1586 2306 ‚
1632 2258 1662 2294 e
1702 2250 1882 2295 nostro
1926 2237 2311 2294 emendandum

756 2324 836 2367 est
851 2319 953 2379 468
959 2336 975 2382 ;
996 2316 1153 2388 vulgo
1169 2316 1359 2389 legitur
1374 2336 1499 2389 927,
1522 2337 1552 2373 e
1571 2320 1703 2374 mira
1716 2317 2016 2391 conjectura
2030 2318 2310 2385 Harduini,

755 2394 880 2464 quia
904 2404 985 2449 tot
1010 2414 1121 2449 esse
1156 2396 1317 2451 millia
1344 2395 1628 2464 deberent,
1660 2400 1705 2452 si
1744 2398 1951 2452 numeri
1977 2397 2310 2468 Agathemeri

752 2472 929 2541 quales
951 2474 1241 2527 Tennulius
1268 2473 1444 2543 dedit,
1472 2493 1574 2547 pro
1597 2476 1733 2530 veris
1756 2473 1984 2529 habendi
2021 2472 2089 2528 ad
2114 2492 2311 2547 eosque

748 2548 984 2604 Pliniana
1007 2550 1163 2605 verba
1190 2552 1446 2623 exigenda
1462 2564 1652 2608 essent.
1674 2554 1918 2608 Cetemm
1939 2570 2108 2625 quum
2130 2554 2185 2606 in
2210 2555 2308 2607 Iti-

746 2628 963 2682 nerariis
987 2646 1160 2703 neque
1186 2631 1333 2685 Oceli
1354 2649 1527 2704 neque
1551 2633 1877 2704 Scingomagi
1899 2634 2101 2687 mentio
2136 2645 2308 2689 exsta-

744 2718 853 2773 ret,
878 2726 1049 2781 neque
1087 2708 1231 2765 alind
1274 2710 1545 2784 quidpiam
1585 2710 1653 2766 de
1676 2712 1761 2767 his
1802 2711 1930 2767 locis
1974 2725 2308 2784 compertum

740 2784 1049 2841 haberemus
1071 2787 1175 2842 nisi
1198 2788 1453 2843 Caesarem
1482 2788 1551 2842 ab
1574 2790 1743 2853 Ocelo,
1769 2788 1911 2863 quod
1930 2801 2013 2845 est
2042 2790 2308 2845 citerioris

736 2864 1028 2935 provincioe
1052 2878 1357 2932 extremum,
1384 2868 1533 2940 Alpes
1552 2870 1817 2923 transiisse
1836 2871 1921 2938 (B.
1940 2868 2081 2925 Gall.
2111 2887 2160 2934 1,
2188 2870 2302 2945 10),

739 2940 807 2995 de
833 2944 938 2997 situ
958 2943 1151 2999 horum
1175 2945 1413 3001 locorum
1440 2949 1495 3001 in
1524 2949 1692 3001 varias
1716 2950 1997 3003 sententias
2035 2950 2134 3002 viri
2159 2948 2306 3005 docti

737 3021 999 3078 abierunt.
1028 3024 1152 3086 Alii,
1174 3035 1233 3078 ut
1251 3024 1579 3079 D'Anvillius
1594 3030 1745 3097 (Not.
1770 3044 1825 3099 p.
1854 3026 2003 3101 588),
2030 3028 2167 3081 viam
2188 3046 2307 3101 quae

737 3088 804 3151 ab
841 3099 1172 3157 Eburoduno
1208 3104 1263 3155 in
1298 3103 1503 3157 Italiam
1528 3102 1708 3172 ducit,
1736 3104 1877 3177 apud
1904 3104 2304 3161 Artemidorum

736 3192 850 3229 11011
874 3194 988 3231 eam
1016 3177 1239 3231 indicari
1264 3190 1585 3233 censuerunt
1608 3197 1714 3251 qua
1733 3197 1829 3252 per
1848 3181 2189 3251 Segusionem
2205 3183 2307 3237 iter

736 3255 817 3308 est
837 3272 1103 3327 quamque
1130 3256 1294 3310 solam
1321 3268 1586 3321 noverunt
1607 3260 2007 3313 itinerariorum
2038 3259 2302 3315 editorum

738 3344 1002 3400 auctores,
1030 3335 1125 3389 sed
1151 3335 1307 3391 aliam
1340 3337 1607 3410 quandam
1624 3378 1639 3404 ,
1670 3355 1777 3411 qua
1796 3340 2045 3393 Taurinis
2084 3339 2302 3395 adscen-

738 3410 1004 3487 daturper
1016 3413 1205 3469 vallem
1222 3415 1326 3470 loci
1346 3415 1507 3471 bodie
1532 3418 1863 3475 Fenestrelles
1882 3418 2011 3473 dicti
2034 3418 2101 3473 ad
2124 3420 2302 3475 locum

750 3492 951 3558 Uxeau,
976 3493 1070 3566 qui
1086 3494 1402 3567 respondeat
1420 3495 1595 3553 Ocello
1613 3497 1935 3552 Artemidori
1954 3499 2298 3573 Caesarisqne,

740 3569 887 3627 unde
913 3571 1159 3648 deinceps
1180 3574 1282 3630 iter
1304 3574 1466 3631 fuerit
1484 3594 1580 3649 per
1600 3576 1791 3633 collum
1814 3578 1960 3651 quod
1986 3589 2205 3635 vocatur
2220 3580 2307 3635 col

740 3648 806 3703 de
850 3651 1155 3718 Sestrieres,
1183 3652 1253 3709 ad
1277 3655 1679 3729 Scingomagum
1706 3657 1907 3726 vicum,
1952 3659 2113 3714 situm
2151 3659 2300 3715 illum

740 3748 805 3784 eo
822 3730 939 3787 loco
958 3732 1051 3787 ubi
1068 3751 1213 3789 nunc
1224 3745 1304 3790 est
1323 3736 1562 3791 Chamlat
1577 3736 1641 3792 de
1658 3736 1850 3807 Seguin
1869 3755 2037 3812 prope
2056 3743 2295 3797 asam.

740 3809 874 3878 Alii,
898 3820 958 3865 ut
984 3812 1295 3869 Mannertus
1321 3816 1475 3889 (tom.
1502 3835 1557 3888 9,
1590 3834 1640 3884 1,
1665 3834 1721 3890 p.
1750 3820 1893 3889 194),
1914 3816 2128 3873 alteram
2162 3820 2300 3875 banc

736 3889 875 3944 viam
898 3890 955 3944 in
976 3908 1079 3945 usu
1097 3891 1258 3948 fuisse
1282 3907 1543 3966 negarunt
1559 3906 1614 3951 et
1636 3896 2037 3969 Scingomagum
2062 3908 2156 3953 ant
2174 3917 2296 3953 cum

733 3969 955 4024 statione
974 3986 1093 4043 que
1110 3970 1167 4024 in
1188 3973 1317 4027 Iun.
1346 3977 1473 4033 Ant.
1504 3973 1581 4029 ad
1598 3978 1825 4031 Martem
1846 3976 2038 4046 (Oulx)
2057 3987 2292 4044 vocatur,

2404 1922 2666 1984 putantes.
2689 1911 2790 1968 Sed
2812 1912 2915 1967 hoc
2936 1929 3147 1985 quoque
3167 1912 3376 1971 admitti
3387 1914 3500 1989 jam
3526 1921 3730 1991 nequit.
3749 1923 3813 1975 In
3831 1924 3954 1979 Itin.

2404 1994 2605 2048 Anton.
2643 1990 2828 2046 Ticino
2850 1990 2919 2045 ad
2946 1990 3104 2047 Fines
3125 2003 3251 2049 sunt
3275 2012 3352 2050 m.
3377 2014 3434 2068 p.
3470 2001 3590 2062 114,
3621 1999 3782 2072 idque
3821 2014 3963 2057 recte

2406 2068 2578 2125 habet.
2623 2067 2810 2124 Strabo
2849 2070 3112 2142 scripserit
3157 2070 3286 2127 ἔστιν
3313 2074 3418 2145 ρις·’
3457 2077 3636 2148 (116);
3679 2089 3957 2151 postquam

2405 2146 2534 2203 ἔστιν
2553 2149 2602 2221 ρί
2618 2147 2818 2204 abierat
2829 2149 2886 2203 in
2903 2146 3005 2204 ἔστι
3017 2148 3152 2222 περὶ,
3175 2168 3426 2208 numerus
3445 2153 3502 2219 ς’
3516 2160 3712 2211 servari
3734 2158 3959 2231 amplius

2401 2245 2510 2282 non
2536 2228 2709 2301 potuit
2743 2227 2966 2300 ideoque
2991 2230 3046 2282 in
3087 2228 3130 2293 ξ’
3155 2240 3386 2285 mutatus
3409 2244 3521 2290 est.v
3557 2235 3718 2304 Quod
3761 2256 3956 2294 nomen

2397 2307 2766 2378 Scingomagus
2807 2308 3021 2374 attinet,
3045 2319 3137 2363 aut
3170 2327 3445 2383 perperam
3473 2314 3549 2368 sic
3589 2316 3958 2373 Artemidorus

2398 2388 2605 2460 scripsit
2631 2406 2730 2461 pro
2751 2388 3145 2457 Segusiomagus
3173 2390 3255 2445 vel
3281 2392 3703 2461 Secusiomaffloe,
3734 2408 3826 2451 aut
3857 2416 3956 2453 no·

2397 2485 2518 2522 men
2530 2468 2674 2522 locus
2695 2468 2914 2522 mutavit
2927 2478 3202 2540 postquam
3221 2471 3406 2525 Cottus
3421 2471 3494 2526 ibi
3510 2475 3656 2545 regni
3676 2478 3762 2529 sui
3774 2476 3954 2531 sedem

2395 2545 2750 2599 constituerat.
2797 2544 2914 2597 Hoc
2957 2546 3000 2597 si
3044 2545 3318 2600 admittere
3363 2547 3517 2616 velis,
3547 2552 3798 2623 suspicari
3834 2553 3955 2608 licet

2393 2622 2756 2693 Scinconmgus
2780 2633 2958 2677 ortum
2982 2640 3092 2677 esse
3115 2641 3181 2677 ex
3205 2624 3641 2696 Savinconmgus,
3671 2638 3959 2701 quum-Sa-

2399 2699 2631 2755 vincates
2657 2703 2796 2756 inter
2819 2700 3040 2773 populos
3061 2701 3279 2773 Alpinos
3300 2720 3333 2757 a
3361 2706 3517 2760 Cotta
3547 2706 3782 2763 devictos
3805 2711 3862 2764 in
3887 2714 3953 2765 ti·

2393 2779 2504 2835 tulo
2526 2780 2738 2853 publico
2759 2791 3141 2835 recenseantur.
3152 2782 3174 2851 ΙΙ
3189 2782 3398 2836 -1·.διᾶι
3416 2790 3512 2837 τῶν
3528 2787 3852 2863 πανδοκείων]
3868 2792 3954 2845 Sic

2392 2857 2560 2914 edidit
2584 2860 2893 2915 Tennulius.
2919 2862 2983 2912 In
3003 2862 3298 2914 ABCDEF
3315 2860 3397 2914 διὰ
3422 2868 3520 2917 τῶν
3547 2866 3803 2921 πανδόκων
3831 2870 3951 2939 (sic)

2390 2948 2511 3011 post
2535 2938 2696 3007 verba
2723 2938 2800 2993 inl
2815 2938 3018 3010 Γάδειρα
3041 2938 3302 3009 leguntur.
3331 2942 3450 3011 11-
3474 2958 3528 2999 2.
3545 2944 3744 3017 ,ςχναΊ
3780 2946 3956 3020 ,βχναέ

2391 3015 2550 3072 codd.
2587 3028 2640 3071 et
2662 3016 2810 3073 editt.
2842 3015 3046 3070 Deinde
3071 3014 3154 3070 καὶ
3189 3016 3432 3081 διάπλους
3451 3022 3713 3077 CDEGH.
3745 3022 3770 3093 ΙΙ
3796 3052 3871 3066 -
3887 3024 3952 3099 ξ’]

2391 3096 2665 3151 consentit
2686 3096 2902 3151 Plinius,
2940 3096 2963 3166 ΙΙ
2991 3124 3066 3136 -
3085 3095 3139 3148 3.
3166 3096 3410 3168 μυριάδων
3439 3096 3486 3161 ζ’
3505 3099 3590 3153 καὶ
3611 3098 3762 3176 ,αφξΊ
3788 3105 3952 3175 Apud

2390 3174 2619 3229 Plinium
2655 3172 2862 3229 codices
2898 3173 3132 3247 praebent
3157 3177 3319 3245 8990,
3339 3177 3481 3247 8992
3505 3187 3560 3231 et
3597 3180 3738 3250 8995
3769 3197 3846 3236 111.
3887 3189 3961 3255 p:

2394 3253 2622 3325 (719110,
2668 3254 2873 3325 71936,
2928 3257 3102 3324 71960
3137 3251 3328 3323 stad.);
3376 3253 3446 3309 ad
3482 3273 3664 3311 verum
3705 3257 3948 3316 facillime

2389 3330 2774 3387 accommodari
2790 3341 2962 3404 potest
2987 3348 3237 3385 numerus
3256 3342 3580 3405 postremus,
3610 3336 3668 3389 in
3702 3355 3813 3410 quo
3847 3357 3951 3411 pro

2389 3411 2538 3466 XCV
2553 3409 2891 3466 scribendum
2910 3420 2990 3465 est
3007 3411 3177 3477 XLV,
3201 3409 3333 3465 adeo
3357 3422 3419 3467 ut
3440 3412 3674 3469 obtineas
3699 3417 3837 3486 8945
3865 3436 3942 3474 111.

2387 3507 2443 3562 p.
2489 3490 2598 3545 sive
2642 3491 2817 3561 71560
2855 3487 3037 3544 stadia.
3075 3489 3318 3544 Ceterum
3360 3508 3612 3546 numer-us
3657 3494 3794 3565 8995
3833 3512 3949 3550 11011

2387 3570 2676 3627 scribarum
2702 3570 2870 3625 errori
2895 3567 3099 3637 deberi,
3137 3566 3229 3623 sed
3261 3567 3328 3623 de
3369 3568 3625 3625 industria
3654 3589 3687 3626 a
3711 3571 3946 3645 quodam

2387 3650 2557 3707 illatus
2570 3670 2682 3707 esse
2697 3651 2922 3717 videtur3
2943 3668 3006 3705 ea
3023 3650 3160 3705 enlm
3177 3666 3424 3723 passuum
3439 3667 3643 3707 summa
3651 3652 3942 3726 colligenda

2387 3742 2498 3787 erat
2511 3772 2529 3799 ,
2552 3732 2596 3787 si
2615 3733 2736 3805 quis
2754 3750 2786 3787 a
2799 3731 3024 3803 Corcyra
3045 3728 3112 3783 ad
3134 3730 3418 3785 Ceraunios
3445 3742 3748 3787 numeraret
3780 3734 3946 3791 millia

2385 3815 2668 3881 cxxxn,
2695 3813 2776 3867 uti
2799 3812 2857 3866 in
2879 3809 3126 3865 omnibus
3157 3810 3312 3865 Plinii
3334 3808 3607 3865 codicibus
3628 3811 3818 3883 legitur
3841 3832 3944 3887 pro

2383 3911 2506 3947 vero
2547 3910 2769 3949 numero
2816 3890 3091 3947 Lxxxll.
3137 3892 3256 3945 Jam
3298 3890 3462 3962 igitur
3497 3892 3654 3947 Plinii
3697 3892 3845 3949 locus
3873 3896 3941 3951 ab

2382 3973 2642 4028 Harduini
2677 3968 2994 4043 conjecturis
3031 3979 3280 4041 purgatus
3294 4009 3312 4036 ,
3340 3970 3486 4025 hunc
3515 3972 3572 4024 in
3601 3970 3822 4027 modum
3854 3993 3939 4029 re·

737 4049 801 4102 18
820 4048 933 4104 mil.
946 4066 1085 4121 pass.
1110 4068 1142 4105 a
1162 4051 1449 4123 Segusione
1468 4072 1650 4109 versus
1670 4072 1914 4110 occasum
1934 4053 2135 4123 dissita,
2155 4075 2298 4112 com·
2379 4053 2654 4127 fingendus
2689 4063 2767 4107 est
2796 4068 2811 4106 :
2835 4050 2971 4105 Alia
2993 4049 3090 4104 via
3104 4090 3121 4115 ,
3141 4068 3257 4123 quoe
3281 4050 3491 4115 certior,
3529 4050 3713 4106 itinere
3743 4064 3940 4111 terreno

730 4138 1049 4197 posuerunt,
1078 4139 1172 4184 aut
1196 4130 1355 4185 situm
1378 4130 1493 4204 ejus
1518 4132 1740 4189 delinire
1764 4135 1983 4189 omnino
2020 4154 2130 4190 non
2168 4148 2294 4193 sunt
2379 4153 2618 4189 maxume
2657 4144 2812 4208 patet
2837 4150 2874 4185 a
2899 4134 3076 4201 Gange
3117 4128 3194 4183 ad
3226 4130 3554 4203 Euphratem
3597 4128 3942 4193 amnem-17.—
3972 4194 3985 4204 ,

730 4214 875 4279 ausi,
905 4217 1175 4270 communi
1206 4225 1382 4271 tamen
1416 4236 1679 4273 consensu
1712 4216 2007 4292 rejecerunt
2044 4223 2289 4278 Tennulii

2377 4216 2592 4275 LXIX,-
2623 4211 2742 4266 inde
2777 4209 3119 4285 Cappadocioe
3144 4212 3372 4265 Mazaca
3405 4214 3542 4265 CCX
3544 4214 3678 4266 LIV
3695 4217 3764 4269 M
3769 4236 3794 4278 ,·
3819 4214 3944 4269 trade

729 4301 782 4345 et
798 4291 1054 4347 Hardnini
1077 4295 1401 4368 opinionem,
1424 4296 1518 4369 qui
1538 4298 1938 4369 Scingomagum
1960 4300 2291 4373 aSegusione
2367 4311 2471 4366 pel·
2491 4291 2802 4363 Phrygiam,
2835 4290 3069 4353 Cariam,
3091 4289 3354 4363 Ephe-mm
3380 4294 3689 4345 CCCCXCV
3685 4294 3829 4346 IIII
3852 4296 3935 4355 M:

732 4389 837 4425 non
868 4372 1126 4429 diversam
1166 4392 1277 4429 esse
1302 4386 1443 4431 recte
1478 4378 1727 4449 suspicati
1748 4388 1897 4434 erant
1912 4419 1928 4443 ,
1959 4389 2021 4434 ut
2046 4386 2289 4453 e'ompro-

730 4446 888 4503 batur
929 4452 1205 4505 itinerariis
1224 4492 1239 4517 ,
1284 4471 1403 4525 quae
1440 4456 1621 4528 paucis
1662 4455 1856 4511 abhinc
1896 4458 2048 4512 annis
2084 4471 2287 4531 reperta

729 4538 856 4581 sunt
896 4532 1061 4601 Aquis
1103 4531 1491 4603 Apollinaribus
1518 4534 1827 4609 (Vicat-ello)
1858 4538 1949 4605 (V.
1985 4538 2201 4592 Henzen
2228 4541 2286 4595 in

728 4606 912 4663 Rhein.
932 4612 1171 4666 Muscam
1196 4613 1350 4676 1853,
1366 4622 1497 4669 tom.
1522 4614 1621 4679 IX,
1645 4632 1703 4686 p.
1726 4631 1795 4669 20
1810 4618 1976 4689 sqq.).
2002 4618 2082 4670 Ex
2104 4617 2187 4671 his
2206 4619 2287 4672 in-

724 4686 975 4758 telligitur
995 4687 1209 4743 Ocelum
1249 4689 1510 4757 (Ὦκελον,
1534 4690 1593 4745 τδ
1620 4693 1764 4764 πέρας
1801 4698 1888 4761 τῆς
1926 4696 2134 4749 Κοττίυυ
2158 4698 2281 4768 γῆς,

723 4765 915 4821 Strabo
935 4784 993 4838 p.
1026 4770 1147 4837 179)
1170 4768 1225 4821 in
1252 4769 1433 4823 eadem
1461 4770 1542 4823 via
1574 4773 1733 4825 situm
1767 4770 1924 4827 fuisse
1952 4774 2015 4828 in·
2045 4792 2149 4845 qua
2174 4783 2287 4828 erat

719 4844 937 4913 Segusio
976 4844 1127 4913 (hod.
1172 4849 1353 4915 Susa).
1392 4846 1590 4903 Collato
1630 4850 1941 4922 Geographo
1980 4854 2284 4906 Ravennate

716 4938 771 4991 p.
806 4924 875 4977 30
904 4926 927 4992 (
942 4924 1072 4978 ubi:
1108 4924 1420 4998 Alpediam,
1450 4928 1765 4992 Gessabone,
1806 4930 2004 4986 Ocellio
2022 4972 2039 4995 ,
2090 4929 2243 4985 Fines
2263 4970 2279 4995 ,

713 5001 1019 5075 Staurinis)
1057 5013 1208 5077 patet
1247 5005 1469 5059 Ocelum
1505 5008 1807 5079 proximum
1848 5008 2005 5063 fuisse
2044 5009 2162 5063 1000
2188 5008 2281 5080 qui

712 5076 767 5129 in
786 5079 912 5133 Itin.
943 5083 1072 5135 Ant.
1104 5081 1417 5136 vocaturad
1436 5082 1610 5149 Fines,
1637 5096 1689 5139 et
1706 5104 1740 5139 a
1760 5087 2000 5142 Taurinis
2028 5091 2091 5143 18
2121 5106 2193 5141 m.
2220 5103 2277 5158 p.

709 5154 889 5212 abesse
913 5158 1130 5216 dicitur.
1154 5160 1312 5215 Haud
1334 5161 1511 5216 minus
1530 5163 1689 5235 liquet
1706 5166 2131 5237 Scingomagum,
2158 5184 2279 5237 quae

2374 4371 2442 4425 ab
2468 4371 2676 4446 Epheso
2695 4388 2801 4445 per
2821 4374 3056 4437 AEgoeum
3069 4368 3295 4442 pelagus
3319 4368 3509 4423 Delum
3535 4372 3636 4435 CC,
3671 4370 3940 4425 Isthmum

2379 4456 2526 4506 CCII
2575 4457 2648 4514 D;
2678 4449 2796 4505 indo
2835 4461 2974 4502 terra
3005 4459 3056 4501 ot
3083 4448 3331 4503 Lechaico
3357 4449 3498 4502 mari
3521 4460 3575 4501 et
3604 4448 3937 4505 Corinthiaco

2373 4530 2498 4585 sime
2517 4535 2714 4585 Patras
2735 4526 3071 4601 Peloponnesi
3082 4530 3176 4580 XC
3186 4530 3268 4590 M,
3290 4510 3572 4582 Leucadem
3593 4531 3795 4583 LXXX
3792 4533 3933 4587 VII.

2373 4613 2446 4675 D,
2497 4613 2764 4680 Corcyram
2806 4606 3046 4669 totidem,
3094 4606 3482 4661 Acroceraunia
3525 4610 3823 4665 LXXXII.
3856 4614 3928 4675 D,

2373 4687 2714 4741 Brundisium
2758 4686 3104 4742 LXXXVII.
3121 4690 3204 4749 ‘D,
3235 4686 3454 4738 Romam
3499 4688 3710 4740 CCCLX
3745 4686 3928 4754 milia,

2373 4766 2538 4841 Alpis
2582 4785 2742 4840 usque
2779 4764 2856 4818 ad
2895 4762 3290 4832 Scingomagum
3345 4763 3525 4818 vicum
3570 4767 3792 4833 DXIX,
3830 4786 3937 4841 per

2373 4845 2606 4901 Galliam
2635 4844 2712 4899 ad
2751 4851 3015 4917 Pyrenoeos
3048 4841 3242 4897 montis
3288 4841 3571 4898 lllibirrim
3622 4846 3878 4900 CCGCLX
3877 4847 3937 4899 V

2373 4927 2478 4980 III
2487 4966 2502 4989 ,
2533 4924 2609 4979 ad
2633 4940 2874 4978 oceanum
2916 4932 2967 4975 et
3001 4920 3279 4995 Hispaniae
3315 4940 3463 4978 oram
3505 4925 3924 4989 DCCCXXXII,

2373 5007 2596 5077 trajectu
2638 5002 2808 5058 Gadis
2849 5005 2898 5055 V
2901 5006 2970 5057 ΙΙ
3004 5001 3157 5056 milia
3186 5002 3460 5075 quingenti
3483 5023 3505 5057 .·
3529 5020 3648 5075 quoe
3687 5020 3928 5056 mensura

2372 5083 2696 5138 Artemidori
2723 5082 2924 5137 ratione
2947 5084 3248 5138 LXXXIX.
3274 5083 3492 5137 XXXX
3495 5084 3551 5135 V
3571 5079 3756 5154 ffcit.

2437 5166 2470 5235 s
2489 5167 2570 5219 18.
2585 5168 2672 5231 τῆς
2693 5162 3064 5233 οἰκουμένηκως,
3079 5162 3316 5234 apposito
3335 5180 3367 5214 σ
3381 5178 3540 5233 supra
3551 5160 3754 5213 literam
3771 5180 3802 5212 11
3819 5201 3836 5228 ,
3853 5162 3920 5213 Ε.

711 5250 816 5293 uec.
848 5236 1163 5293 Strabonem
1188 5240 1257 5293 ab
1280 5240 1443 5295 Ocelo
1462 5247 1531 5298 28
1558 5260 1633 5297 m.
1662 5242 1757 5313 (sic
1779 5246 2030 5300 Kramer.
2064 5244 2174 5307 ed„
2210 5260 2277 5297 2¹¹·
2369 5240 3032 5309 Ὲο1·1.01·111;Πλάτοςδέτῆς
3047 5238 3328 5313 οἰκουμένης
3343 5240 3512 5304 οὕτως.
3525 5241 3697 5311 [1-6.
3713 5238 3925 5293 σταδίων
