4584 6284
629 472 670 554 ij
1921 471 2501 534 rnomeomsm

626 607 1186 691 peregrinationem
1209 605 1385 668 tenui
1410 623 1524 667 suo
1553 604 1750 686 ipsius
1768 602 2017 684 peculio
2046 621 2182 667 sus-

623 696 970 762 tentaverit.

703 788 990 850 Ceterum
1031 801 1238 865 neque
1285 787 1537 863 tempus
1565 798 1691 864 quo
1732 779 1995 844 Galliam
2039 777 2184 842 reli-

621 873 827 958 querit
851 891 1058 954 neque
1079 871 1275 954 ipsius
1303 869 1546 934 itineris
1569 867 1873 932 rationem
1898 865 2182 932 novimus

623 963 993 1029 accuratius.
1033 964 1346 1038 Quantum
1397 978 1476 1022 ex
1505 957 1757 1022 indiciis
1805 955 2180 1041 quibusdam

620 1052 916 1133 colligere
948 1049 1100 1114 licet
1115 1097 1131 1128 ,
1174 1068 1211 1114 e
1255 1045 1495 1116 Graecia
1533 1044 1894 1128 Byzantium
1933 1063 2060 1110 non
2089 1049 2184 1110 est

621 1140 780 1205 mari
808 1141 1131 1222 profectus
1153 1137 1266 1202 sed
1307 1136 1582 1220 pedestri
1609 1133 1834 1199 itinere
1855 1151 1970 1217 per
1994 1135 2182 1198 Thes*

616 1230 835 1294 saliam
880 1234 944 1292 et
988 1227 1418 1292 Macedoniam
1455 1231 1519 1290 et
1572 1243 1748 1288 oram
1788 1223 2174 1288 Thracicam.

617 1315 1162 1400 Deprehendimus
1179 1314 1475 1379 viatorem
1501 1314 1567 1377 in
1587 1312 1902 1391 Chalcide,
1926 1312 2179 1376 Euboeae

616 1407 804 1484 urbe,
841 1405 952 1469 ubi
981 1422 1174 1488 quum
1224 1402 1302 1467 de
1335 1403 1538 1486 euripi
1581 1400 2180 1483 reciprocationibus

615 1495 868 1559 accolas
917 1497 1404 1576 percontaretur,
1461 1497 1782 1574 tamquam
1831 1490 2182 1573 explorator

615 1589 948 1666 correptus
978 1589 1042 1646 et
1069 1581 1455 1665 aliquamdiu
1483 1580 1547 1642 in
1578 1578 1863 1643 custodia
1903 1583 2180 1642 retentus

616 1679 714 1736 est
739 1677 760 1752 (
781 1675 870 1737 Ue
899 1673 1157 1754 Bospor.
1180 1691 1242 1752 p.
1268 1675 1366 1746 16,
1399 1671 1436 1733 ὁ
1461 1668 1612 1734 edit.
1636 1667 1920 1754 nostrae).
1963 1670 2181 1732 Postea

620 1779 819 1844 prope
861 1768 1131 1826 veterem
1157 1760 1524 1823 Pharsalum
1556 1757 1623 1821 in
1650 1759 2002 1822 Moscoluro
2041 1757 2178 1820 vico

615 1867 764 1914 cum
794 1848 1042 1932 hospite
1069 1848 1530 1931 colloquentem
1566 1845 1645 1910 de
1672 1845 2178 1930 pharmacidibus

511 2011 516 2018 ‚
615 1936 989 2002 Thessalicis
1019 1935 1398 2002 offendimus
1429 1934 1557 2018 (ih.
1592 1955 1654 2018 p.
1682 1939 1759 2000 52
1797 1955 1838 1998 a
1859 1933 1902 2020 ).
1940 1959 1973 1997 α
1997 1933 2172 2011 Vidi,

613 2025 800 2104 dicit,
828 2025 1019 2089 Penei
1040 2025 1204 2108 ripas
1223 2029 1286 2088 et
1309 2023 1546 2089 nobilia
1561 2026 1797 2106 Tempe
1816 2045 1849 2083 s
1876 2022 1895 2106 (
1917 2043 1980 2106 p.
2005 2029 2046 2088 4
2067 2044 2108 2087 a
2126 2021 2172 2106 ).

615 2113 789 2178 Vidit
814 2113 1004 2177 etiam
1032 2111 1313 2196 piscandi
1343 2112 1648 2176 rationem
1668 2129 1793 2195 qua
1819 2117 2078 2176 utuntur
2097 2109 2176 2174 ad

617 2203 894 2266 Prasiam
923 2200 1221 2285 paludem
1243 2201 1307 2263 in
1326 2200 1609 2265 Thraciae
1628 2199 1886 2282 regione
1903 2201 2178 2283 Strymo-

615 2291 799 2374 nica(
828 2311 892 2374 p.
918 2295 1058 2356 260³
1074 2289 1118 2374 ).
1149 2292 1279 2354 Hac
1307 2289 1499 2373 igitur
1519 2289 1619 2354 via
1646 2288 1998 2372 pervenerit
2021 2290 2176 2352 Con·

618 2379 1115 2462 stantinopolim.
1149 2380 1280 2452 Qua
1309 2377 1375 2441 in
1403 2378 1561 2443 urbe
1590 2396 1788 2463 quum
1815 2377 2177 2443 nummulos

616 2468 824 2549 regios
853 2469 921 2530 in
952 2467 1122 2531 diem
1151 2466 1378 2530 frustra
1417 2473 1784 2549 exspectans
1817 2465 2176 2547 complures

614 2576 730 2639 per
748 2574 948 2621 annos
980 2554 1059 2640 (1)
1093 2555 1325 2619 morari
1347 2562 1698 2639 cogeretur,
1723 2553 1852 2618 otio
1878 2554 2002 2617 hoc
2019 2571 2176 2636 prae·

613 2655 713 2710 ter
739 2653 883 2710 vota
935 2643 1323 2710 diuturniore
1365 2644 1454 2708 ita
1481 2662 1632 2708 usus
1657 2646 1785 2720 est,
1832 2648 1902 2708 ut
1937 2649 2071 2706 tum
2102 2640 2172 2702 'in

613 2734 887 2816 priscam
924 2732 1490 2816 Constantinopolis
1517 2731 1994 2815 topographiam
2023 2728 2170 2793 dili-

609 2822 976 2903 gentissime
1007 2821 1380 2904 inquireret,
1410 2828 1546 2885 tum
1593 2838 1739 2885 vero
1789 2816 2050 2900 Bospori
2095 2814 2175 2879 li-

608 2919 746 2975 tora
774 2919 949 2976 tanto
983 2909 1190 2974 studio
1219 2915 1512 2994 tantaque
1539 2909 2000 2992 perseverantia
2027 2927 2171 2992 per-

606 2999 970 3083 vestigaret,
1015 3004 1087 3063 ut
1123 2997 1365 3061 nullum
1408 3015 1537 3061 non
1577 2997 1853 3080 lapidem
1901 2996 2170 3060 movisse

605 3089 922 3154 videretur
945 3089 1052 3172 (2).
1077 3087 1192 3152 Vel
1219 3086 1311 3151 sic
1330 3094 1543 3150 tamen
1573 3085 1860 3168 antiquas
1885 3086 2171 3149 locorum

606 3177 1093 3260 Bosporicorum
1116 3175 1391 3239 rationes
1410 3175 1656 3257 aperire
1689 3173 2004 3239 incassum
2023 3173 2175 3235 alla-

608 3265 922 3340 borasset,
979 3264 1100 3327 nisi
1143 3261 1400 3326 tandem
1441 3261 1507 3323 in
1551 3260 1862 3340 Anaplum
1897 3258 2173 3341 Dionysii

609 3353 896 3418 incidens
925 3352 1006 3436 (3)
1037 3350 1387 3416 subsidium
1411 3353 1630 3412 nactus
1653 3353 1848 3424 esset,
1875 3364 2001 3430 quo
2032 3347 2174 3410 nul-

605 3541 775 3590 torum
806 3539 1031 3590 locorum
1058 3537 1184 3590 situs
1213 3536 1558 3597 describerent,
1593 3537 1655 3588 ut
1691 3535 1918 3600 juvarem
1965 3536 2011 3587 si
2053 3537 2176 3602 quid

607 3621 805 3674 possem
825 3609 1010 3661 literas.
1027 3611 1070 3659 A
1083 3621 1184 3674 quo
1199 3609 1379 3660 conatu
1398 3605 1657 3672 depulsus,
1671 3606 1861 3658 veritus
1888 3619 2002 3658 sum
2019 3607 2177 3661 redire

607 3675 899 3747 priusquam
913 3679 1162 3747 quippiam
1175 3681 1382 3732 conatus
1395 3691 1555 3740 essem
1568 3676 1885 3744 quamobrem
1912 3679 2172 3734 venissem.

611 3755 787 3819 itaque
804 3766 920 3806 meo
943 3751 1084 3805 tenui
1109 3750 1335 3820 vectigali
1365 3750 1532 3803 Asiam
1550 3749 1888 3814 Graeciamque
1916 3764 2177 3819 peragrare

608 3827 818 3878 conatus
843 3837 974 3888 sum,
993 3823 1240 3889 urbesque
1271 3821 1462 3875 nobiles
1495 3821 1784 3874 describere.
1826 3842 1852 3867 π
1880 3821 2022 3876 Idem
2053 3825 2172 3878 ibid.

611 3899 736 3960 2,1.
755 3907 807 3960 p.
830 3895 892 3947 59
911 3915 926 3945 =
948 3913 975 3939 α
999 3898 1106 3960 lpse
1131 3896 1314 3957 tamen,
1344 3892 1531 3944 neotio
1553 3891 1849 3957 conficeret,
1869 3893 1994 3946 dum
2020 3909 2177 3963 arege

607 3963 906 4017 constitutos
930 3975 1164 4015 nummos
1188 3962 1241 4014 iu
1259 3967 1485 4016 veterum
1505 3962 1734 4015 codicum
1764 3965 2177 4029 conquisitionem

606 4031 974 4098 exspectabam,
1000 4031 1185 4098 quibus
1209 4031 1352 4097 pomi
1368 4031 1560 4084 iudiciis
1584 4031 1949 4098 deprehendere
1969 4040 2178 4089 conatus

609 4117 724 4155 sum
755 4103 1006 4168 permulta
1035 4101 1342 4167 antiquitatis
1375 4105 1697 4154 monumenta
1729 4103 2174 4172 (contantinopo-

609 4173 671 4225 lis
697 4186 766 4224 80.
790 4173 828 4236 ).
859 4193 886 4221 ιι

671 4244 741 4308 (ι)
775 4247 888 4309 vag.
927 4247 1003 4304 is,
1034 4243 1066 4294 b
1103 4259 1123 4294 .-
1155 4243 1358 4294 «Unam
1395 4245 1449 4294 et
1481 4243 1684 4294 alteram
1721 4241 1938 4297 hiemem
1961 4247 2180 4312 Byzantii

610 4313 836 4379 frigidam
857 4314 1004 4365 sensi.
1035 4333 1058 4358 υ
1325 4317 1331 4322 ’

671 4385 741 4448 (2)
771 4388 882 4436 Prae
896 4383 1072 4436 ceteris
1097 4383 1209 4435 vide
1230 4397 1347 4448 qum
1365 4383 1540 4436 Gillias
1563 4386 1732 4436 narrat
1745 4397 1794 4449 p.
1816 4387 1879 4437 ⁶4
1898 4399 1936 4437 a
1954 4389 2008 4438 et
2023 4393 2102 4452 69,
2121 4403 2172 4440 a.

674 4455 744 4519 (3)
779 4453 886 4505 vid.
918 4466 968 4518 p.
994 4455 1078 4516 47,
1102 4466 1139 4503 a
1170 4466 1188 4502 .·
1215 4472 1241 4497 ι
1267 4451 1366 4505 Sed
1390 4452 1643 4519 percipere
1673 4467 1702 4506 e
1724 4453 1878 4507 Plinio
1908 4470 2011 4507 non
2033 4459 2172 4522 pote-

609 4538 774 4577 ram...
800 4523 914 4590 quis
931 4525 1252 4589 essetportm
1265 4523 1528 4576 mulierum
1553 4522 1651 4576 nisi
1675 4523 1876 4577 tandem
1895 4524 2178 4580 incidissem

611 4595 664 4647 in
681 4594 904 4659 Dionysii
917 4593 1174 4659 anaplum.
1197 4614 1223 4640 ι
1253 4596 1308 4646 Ρ.
1329 4600 1411 4658 69,
1440 4595 1471 4646 b
1491 4607 1512 4642 .·
1533 4614 1559 4639 ι
1587 4593 1900 4660 Deprehendi
1925 4599 2175 4664 scopulos,

609 4678 830 4730 quorum
850 4665 1135 4730 proximum
1165 4664 1576 4729 pmmontorlo...,
1596 4665 1702 4731 jam
1727 4664 2018 4732 prinsquam
2049 4669 2174 4720 inci-

609 4735 796 4787 dissem
829 4735 882 4787 in
915 4736 1160 4801 anaplum
1179 4734 1414 4801 DionysiI,
1429 4734 1765 4800 indicaveram
1791 4749 1902 4789 esse
1931 4738 2177 4804 Cyaneam

609 4805 911 4870 Asiaticam3
941 4805 1034 4859 sed
1051 4806 1180 4866 ,falso
1196 4807 1294 4859 etc.
1319 4827 1365 4857 υ.
1386 4808 1442 4857 Ρ.
1464 4810 1546 4869 72,
1563 4821 1636 4860 a.-
1662 4826 1688 4851 ι
1717 4811 1792 4858 Ex
1820 4807 2004 4873 quibus
2034 4809 2174 4873 mihi,

609 4877 902 4944 priusquam
925 4877 1206 4931 incidissem
1229 4876 1282 4930 in
1297 4877 1520 4944 Dionysii
1541 4877 1798 4945 Anaplum,
1825 4879 1908 4932 ho
1935 4879 2173 4934 videban-

609 4951 697 5000 tur
724 4949 936 5014 cyanem
963 4949 1206 5002 Asiatico.
1237 4969 1264 4996 υ
1297 4952 1349 5001 Ρ.
1367 4956 1449 5012 92,
1472 4963 1510 5001 a
1534 4969 1560 4994 ι
1590 4952 1664 5001 Ex
1689 4947 2172 5019 antedictiscollege-

609 5032 717 5069 ram
747 5019 994 5071 Scutarim
1020 5033 1130 5072 esse
1163 5019 1585 5086 Chrysopolim...,
1620 5034 1794 5072 verum
1819 5025 1992 5088 postea
2017 5025 2177 5077 multo

608 5087 807 5152 planius
849 5091 985 5152 novi,
1021 5104 1178 5154 quum
1209 5089 1358 5142 incidi
1387 5090 1440 5142 lu
1469 5090 1692 5157 Dionysii
1727 5092 1986 5158 anaplum.
2022 5113 2048 5140 υ
2093 5096 2172 5148 Cf.

608 5157 761 5209 etiam
781 5173 832 5224 p.
869 5165 950 5225 71,
969 5161 1000 5213 b
1031 5177 1052 5213 .·
1087 5181 1112 5204 «ι
1129 5164 1420 5227 Ancyraeum
1441 5174 1641 5227 prom...
1671 5161 1734 5213 ab
1759 5163 1962 5226 oriente,
1985 5166 2048 5216 ut
2065 5167 2176 5229 ipse

607 5228 815 5350 ggsscttivi,
849 5234 909 5284 ut
942 5243 1066 5284 vero
1105 5229 1369 5297 Dionysius
1395 5231 1564 5297 tradit,
1604 5245 1636 5283 a
1665 5232 1868 5285 meridie
1907 5233 2092 5286 claudit
2119 5248 2176 5287 os

757 5339 770 5352 .
791 5321 818 5348 n

2272 603 2405 665 lum
2454 602 2666 666 venire
2697 603 2928 685 gratius
2972 605 3068 668 vel
3108 607 3348 688 sperari
3386 609 3692 689 potuisset
3720 627 3828 691 op·

2271 689 2601 774 portunius
2634 691 2739 774 (1).
2784 691 3016 769 Quodsi
3047 695 3180 775 jam
3211 699 3393 759 antea
3424 695 3504 760 de
3550 698 3827 779 Bosporo

2271 779 2559 862 quasdam
2602 780 2821 844 Gillius
2850 789 3312 864 composuerat,
3360 783 3545 848 facile
3590 785 3827 849 intelli-

2269 867 2437 948 gitur
2462 885 2533 931 ea
2554 887 2722 932 nunc
2752 868 2840 933 ita
2866 871 3250 934 retractanda
3269 871 3463 935 fuisse
3483 919 3501 952 ‚
3530 880 3603 937 ut
3626 880 3827 951 totum

2271 974 2429 1038 opus
2459 956 2851 1039 Dionysianae
2892 959 3226 1024 narrationi
3254 967 3554 1044 tanquam
3581 962 3714 1026 basi
3754 981 3828 1026 ac

2270 1043 2676 1110 fundamento
2730 1053 3287 1128 superstrueretur.
3354 1051 3475 1112 Sed
3528 1061 3676 1117 dum
3726 1051 3827 1114 his

2271 1132 2543 1196 intentus
2563 1132 2782 1198 Gillius
2806 1133 3019 1217 copias
3044 1135 3363 1199 literarum
3385 1138 3829 1220 geographica-

2272 1238 2412 1285 rum
2436 1220 2661 1284 eximie
2689 1221 2987 1302 augebat,
3013 1222 3146 1303 ipse
3174 1222 3239 1286 in
3266 1222 3437 1288 diem
3464 1227 3663 1307 magis
3692 1226 3829 1291 ino-

2270 1308 2376 1389 pia
2400 1309 2825 1391 premebatur,
2852 1328 3047 1392 quum
3074 1329 3202 1375 non
3230 1312 3421 1376 modo
3440 1314 3647 1377 nullos
3666 1315 3829 1378 acci-

2271 1403 2448 1478 peret
2484 1415 2777 1464 nummos
2804 1398 3045 1480 regios‚
3090 1398 3204 1463 sed
3239 1401 3426 1464 etiam
3460 1419 3533 1464 ea
3562 1403 3827 1485 pecunia

2270 1485 2714 1551 destitueretur
2741 1505 2933 1571 quam
2964 1505 3041 1564 ex
3072 1489 3420 1553 sacerdotio
3451 1508 3564 1554 suo
3596 1491 3826 1555 hucus-

2270 1593 2394 1657 que
2428 1581 2775 1658 acceperat.
2806 1578 3021 1659 Itaque
3061 1576 3303 1658 abjecta
3341 1597 3453 1660 spe
3500 1579 3714 1643 auxilii
3742 1581 3829 1644 vi-

2270 1669 2530 1747 ctusque
2577 1663 2865 1740 miseria,
2910 1663 3220 1745 stipendia
3264 1666 3495 1729 mereri
3532 1669 3725 1750 coepit
3761 1670 3829 1732 in

2269 1753 2567 1817 Solimani
2588 1754 2825 1818 Sultani
2848 1755 3147 1836 exercitu,
3163 1772 3309 1819 cum
3329 1773 3555 1839 eoque,
3577 1754 3829 1820 ineunte

2268 1859 2433 1904 anno
2485 1843 2674 1919 1548,
2730 1844 2795 1906 in
2851 1842 3313 1928 expeditionem
3371 1845 3686 1926 profectus
3736 1854 3831 1908 est

2268 1937 2488 1994 contra
2515 1949 2730 2012 regem
2753 1933 3103 1996 Persarum.
3144 1931 3324 1996 Miles
3350 1933 3698 2015 peragravit
3724 1933 3831 1996 Bi-

2266 2019 2547 2101 thyniam
2567 2067 2585 2098 ,
2626 2019 3144 2104 Paphlagoniam,
3180 2020 3636 2104 Cappadociam
3654 2069 3674 2104 ,
3713 2026 3831 2086 Ar-

2268 2108 2543 2174 meniam
2608 2108 2918 2174 minorem
2982 2109 3408 2194 majoremque
3475 2117 3538 2174 et
3604 2111 3828 2176 veteris

2266 2196 2490 2261 Mediae
2539 2201 2782 2279 partem
2810 2215 3010 2281 usque
3040 2196 3121 2262 ad
3162 2196 3498 2262 Tauridem
3533 2200 3825 2282 (Tabris)

2267 2285 2518 2361 urbem,
2570 2304 2711 2368 quae
2774 2292 2968 2366 caput
3008 2292 3118 2350 est·
3156 2285 3481 2353 hodiernae
3553 2289 3827 2370 regionis

2269 2374 2732 2437 Aserbeidcltan.
2787 2373 2938 2437 Inde
2985 2381 3151 2440 retro
3212 2394 3432 2459 passus
3479 2395 3668 2457 agens
3716 2396 3829 2460 per

2267 2460 2557 2526 Amidam
2572 2467 2635 2524 et
2654 2459 2951 2523 Edessam
2962 2461 3139 2526 initio
3160 2464 3308 2526 anni
3326 2466 3484 2527 1549
3499 2464 3564 2525 in
3586 2466 3827 2546 Syriam

2262 2547 2461 2624 venit,
2491 2546 2601 2610 uhi
2632 2547 2699 2609 in
2726 2549 2943 2611 Beroea
2966 2548 3160 2626 urhe,
3204 2567 3347 2632 quae
3390 2568 3559 2612 nunc
3604 2552 3827 2632 Aleppo

2259 2641 2537 2711 vocatur,
2560 2633 2932 2699 hibernavit.
2957 2637 3090 2713 Qua
3115 2635 3181 2700 in
3202 2636 3600 2718 expeditione
3630 2657 3827 2720 quum

2259 2725 2352 2788 vir
2393 2723 2681 2788 curiosus
2714 2722 3063 2806 doctusque
3104 2723 3419 2806 permulta
3459 2725 3539 2787 ad
3568 2743 3830 2807 geogra-

2259 2814 2474 2897 phiam
2538 2819 2603 2876 et
2652 2811 2986 2876 historiam
3044 2812 3392 2878 naturalem
3453 2813 3827 2896 pertinentia

2259 2904 2683 2977 observasset,
2711 2900 2923 2983 amplo
2945 2899 3022 2964 de
3048 2899 3149 2965 his
3174 2901 3491 2965 volumine
3516 2921 3827 2987 exponere

2259 2989 2430 3072 apud
2449 2988 2729 3053 animum
2751 2985 3073 3051 constituit
3094 2984 3201 3072 (Ξ).
3214 2987 3472 3052 Interim
3490 3006 3566 3051 ex
3583 2991 3823 3073 Aleppo

2259 3077 2417 3142 urbe
2438 3077 2517 3143 ad
2536 3075 2930 3142 Cardinalem
2956 3074 3440 3156 Armaignacum
3460 3076 3825 3162 descriptio-

2261 3183 2410 3230 nem
2434 3163 2752 3246 elephanti
2779 3162 2980 3244 misit,
3010 3161 3181 3228 etad
3205 3163 3480 3228 amicum
3506 3166 3825 3248 quendam

2264 3253 2593 3336 epistolam
2650 3250 2901 3334 scripsit
2944 3252 3202 3334 (mense
3245 3252 3443 3334 April.
3494 3255 3715 3336 1549),
3761 3257 3827 3319 in

2263 3361 2390 3426 qua
2413 3358 2725 3405 summam
2756 3339 2990 3423 peracti
3016 3339 3257 3403 itineris
3277 3346 3486 3404 narrat
3514 3341 3826 3425 simulque

2263 3429 2508 3493 nuntiat
2554 3445 2623 3492 se
2656 3427 3013 3510 Byzantium
3046 3445 3265 3492 mense
3295 3427 3458 3492 Julio
3478 3428 3825 3494 rediturum

2265 3535 2404 3582 esse
2419 3564 2436 3596 ,
2471 3521 2804 3599 postquam
2832 3513 3047 3577 viserit
3072 3515 3325 3597 AEgypti
3358 3523 3602 3597 partem
3624 3535 3827 3601 usque

2263 3606 2344 3671 ad
2370 3609 2527 3672 Sues
2548 3611 2802 3687 portum
2822 3601 2995 3667 sinus
3016 3602 3285 3668 Arabici.
3306 3603 3399 3682 Ac
3424 3602 3651 3670 adiisse
3679 3626 3826 3671 eum

2269 3693 2705 3760 Alexandriam
2725 3699 2790 3757 et
2816 3693 2989 3757 sinus
3016 3690 3267 3756 Arabici
3289 3698 3531 3774 partem
3552 3695 3828 3776 superio-

2263 3803 2401 3849 rem
2446 3784 2581 3866 ipse
2624 3787 2886 3846 testatur
2933 3781 3000 3844 in
3056 3780 3220 3844 libro
3274 3779 3355 3844 de
3400 3783 3681 3864 Bosporo
3714 3782 3822 3865 (3).

2326 3959 2395 4024 (l)
2426 3962 2539 4024 vag.
2564 3962 2645 4021 ⁶9,
2673 3956 2705 4008 b
2739 3972 2761 4008 .·
2786 3973 2813 4001 ι
2849 3955 2963 4006 Siue
3003 3966 3104 4019 quo
3138 3953 3159 4017 (
3176 3965 3248 4006 sc.
3274 3952 3539 4017 Dionysio)
3573 3951 3829 4007 difficilius

2263 4029 2423 4088 cuivis
2457 4023 3419 4092 estBosporumaperIrequamJasoni
3451 4021 3827 4076 sinePhineo.»

2265 4101 2485 4166 Pag.49,
2514 4097 2545 4148 b
2571 4114 2593 4150 .·
2617 4094 2821 4148 «Mead
2844 4093 3149 4157 Dionysium,
3168 4091 3613 4144 velutadhelicem
3632 4096 3827 4158 nautae,

2423 4206 2437 4220 .
2468 4187 2494 4214 Ι)

2329 4239 2399 4305 (2)
2414 4236 2527 4290 Vid-
2556 4235 2763 4302 epistola
2784 4247 2937 4300 quam
2960 4232 3025 4284 ad
3042 4231 3191 4285 linem
3214 4229 3371 4296 huius
3398 4229 3572 4296 capitis
3602 4229 3830 4285 dedimus

2267 4306 2625 4366 ex.Burmsnni
2639 4305 2829 4372 Sylloge
2862 4303 3196 4370 epistolarum.
3222 4300 3469 4353 Nonnulla
3493 4313 3683 4364 eorum,
3712 4316 3828 4368 quae

2265 4377 2445 4433 inhoc
2475 4377 2650 4430 itinere
2681 4373 3022 4438 viderigdata
3054 4371 3311 4424 occasione
3346 4370 3574 4437 tangitiu
3604 4371 3831 4426 librisde

2263 4453 2495 4518 Bosporo.
2526 4451 2640 4515 Pag.
2662 4453 2742 4512 80,
2763 4460 2801 4498 a
2830 4464 2851 4500 .-
2865 4465 2892 4491 α
2912 4445 3096 4506 Quales
3114 4441 3385 4510 (lapides),
3410 4455 3528 4494 cum
3542 4443 3827 4508 proficisce-

2264 4535 2433 4578 remur
2456 4522 2629 4574 contra
2855 4521 3117 4569 Persarum
3145 4514 3199 4567 in
3230 4512 3494 4566 Tam-idem
3524 4513 3831 4580 (Tephriceu

2264 4593 2441 4659 editt.)
2465 4591 2642 4643 urbem
2664 4587 2859 4652 Medioe,
2886 4586 2991 4640 vidi
3014 4586 3067 4638 iu
3103 4585 3364 4638 Galatiae...
3402 4584 3527 4637 urbe
3544 4589 3831 4651 nuncupata

2263 4665 2651 4718 Boloetcau-
2684 4665 2904 4726 vagas,
2943 4655 3418 4711 asxpronciscens
3458 4656 3509 4707 iu
3543 4655 3758 4708 Mediam
3800 4671 3831 4710 a

2264 4733 2641 4802 cappadocibus
2666 4729 3141 4785 Neocaesariensibus
3158 4725 3329 4781 audivi
3353 4729 3451 4781 etc.
3472 4748 3499 4774 n
3520 4758 3581 4772 -
3603 4731 3719 4794 Peg.
3744 4732 3826 4793 45,

2263 4807 2297 4862 b
2320 4824 2342 4862 .-
2365 4827 2392 4853 α
2420 4809 2592 4866 Quum
2616 4816 2683 4856 ex
2697 4801 2860 4855 Media
2887 4815 2978 4869 per
2994 4797 3398 4865 Mesopotamiam
3426 4797 3522 4851 iter
3552 4797 3829 4850 faceremus

2261 4877 2580 4946 insyrlacam
2594 4877 2817 4928 Beroeam
2840 4877 2939 4928 ete.
2966 4893 2992 4921 ι,

2328 4950 2401 5018 (3)
2430 4951 2545 5016 Peg.
2572 4947 2741 5013 tom:
2775 4949 2929 5000 «Hac
2956 4945 3086 5001 enim
3119 4945 3268 4997 estate
3298 4944 3552 5008 spectatur
3582 4942 3635 4994 in
3664 4940 3829 4994 media

2265 5019 2558 5074 Alexandria
2596 5019 2805 5072 Panium
2841 5015 3091 5084 quoddam
3128 5016 3547 5077 manufactum...,
3588 5025 3650 5065 ex
3683 5013 3829 5078 cuius

2265 5090 2598 5143 culminetota
2622 5089 2841 5154 undique
2856 5085 3155 5148 Alexandria,
3180 5085 3428 5149 simulque
3456 5081 3575 5136 hinc
3604 5095 3742 5134 mare
3758 5081 3858 5132 in·-

2262 5163 2480 5226 tamum,
2498 5161 2634 5215 illinc
2653 5159 2951 5213 Mareoticus
2971 5157 3113 5210 lacus
3146 5155 3360 5208 videtur.
3384 5175 3410 5200 ι
3435 5179 3499 5195 —-
3514 5155 3631 5220 Peg.
3658 5157 3739 5215 70,
3756 5151 3787 5202 b
3803 5162 3824 5199 .-

2267 5251 2295 5277 α
2319 5235 2491 5292 Quum
2520 5244 2680 5284 essem
2701 5231 2754 5283 iu
2778 5231 2927 5296 portu
2947 5241 3097 5294 quem
3122 5226 3304 5279 Arabes
3332 5237 3469 5276 nune
3492 5224 3674 5275 vocant
3708 5223 3824 5286 Tor,

2252 5305 2428 5357 Graeci
2450 5317 2569 5356 vero
2591 5303 2801 5356 Raithon
2824 5304 2919 5354 etc.
2940 5321 2965 5346 n
