4584 6284
728 556 843 611 110

863 678 1016 743 Δοιαὶ
1041 680 1088 740 δ’
1110 680 1282 752 ἑξείης
1307 682 1548 762 προτέρω
1575 682 1852 763 φρίσσουσι
1875 684 2166 764 θάλασσαι,

869 767 1183 849 Ἰσμαρικοῦ
1209 772 1454 848 πνοιῇσιν
1479 769 1824 846 ἐλαυνόμεναι
1854 772 2074 853 βορέαο,

858 853 1009 936 ὀρθὸν
1037 856 1382 934 φυσιόωντος,
1406 858 1522 917 emt
1547 858 1860 919 κατεναντία
1892 867 2091 921 κεῖνται
2106 885 2119 899 ·

757 966 833 1006 us
861 949 1051 1004 ναῦται
1080 942 1136 1004 δὲ
1161 944 1378 1025 πρώτην
1403 944 1619 1027 Φαρίην
1649 944 1753 1005 ἀλα
1783 948 2180 1025 κικλήσκουσιν,

862 1031 1086 1093 ὕστατον
1115 1034 1169 1100 ἐς
1191 1036 1414 1111 πρηῶνα
1437 1034 1800 1111 τιταινομίνην
1831 1035 2078 1097 Κασίοιο·

863 1122 1112 1195 Σιδονίην
1139 1122 1190 1181 δ’
1213 1122 1420 1205 ἑτέρην,
1445 1122 1526 1185 ὅθι
1555 1122 1776 1184 τείνεται
1803 1128 1858 1194 ἐς
1879 1130 2029 1207 μυχὰ
2057 1126 2211 1207 γαίης

863 1210 1040 1271 Ἰσσοῦ
1056 1209 1184 1290 ἄχρι
1209 1210 1441 1287 πτόλιος,
1470 1212 1701 1273 Κιλίκων
1719 1212 1900 1294 χώρην
1923 1214 2288 1295 παραμείὸων,

857 1298 1084 1367 Ἰσσικὸς
1115 1300 1393 1378 ἑλκόμενος
1422 1300 1610 1382 βορέην
1638 1300 1727 1360 ἔπι
1753 1303 1948 1371 κόλπος
1975 1302 2230 1385 ἀπείρων,

755 1408 832 1449 tao
859 1390 918 1448 οὐ
944 1386 1041 1464 μὲν
1071 1388 1266 1447 πολλὸν
1288 1386 1496 1449 ἄνευθεν
1523 1390 1828 1470 ἶσόδρομος·
1854 1389 1982 1472 ἄγχι
2010 1391 2112 1471 γὰρ
2138 1392 2243 1467 ἤδη

859 1476 1128 1555 ὅσπληγγι
1158 1478 1380 1558 δνοφερῇ
1411 1476 1647 1539 Κιλίκων
1675 1477 2009 1539 ἀποπαύεται
2035 1478 2184 1552 αἴης·

853 1571 1023 1645 τ’ἥμος
1054 1564 1144 1627 ἐπὶ
1173 1564 1389 1646 ζέφυρον
1414 1566 1676 1646 στρεπτῆν
1711 1566 2048 1647 ἐπερεύγεται
2078 1567 2277 1646 ἅλμην.

853 1652 954 1722 Ὧς
976 1654 1030 1713 δὲ
1048 1653 1256 1734 δράκων
1278 1654 1615 1735 βλοσυρωπὸς
1633 1655 1926 1734 ἑλίσσεται,
1952 1656 2175 1735 ἀγκύλος
2194 1655 2281 1738 ἔρ-

849 1742 1038 1817 νωθής,
1053 1745 1130 1823 τῷ
1140 1743 1186 1801 δ’
1198 1740 1302 1802 ὕπο
1309 1752 1459 1803 πᾶσα
1477 1742 1764 1825 βαρύνεται
1781 1743 1956 1825 οὔρεος
1967 1744 2104 1825 ἄκρη
2120 1745 2279 1825 [πων,

745 1853 818 1894 tas
849 1831 1152 1915 ἐρχομένῳ·
1181 1829 1283 1901 τὼς
1311 1841 1476 1901 κεῖνος
1505 1833 1771 1894 ίλίσσεται
1803 1836 1878 1894 εἶν
1910 1834 1998 1892 ἁλὶ
2026 1834 2216 1900 κόλπος
2235 1879 2251 1907 ,

842 1918 1104 2001 νήχυτος,
1132 1918 1257 1981 ἔνθα
1290 1921 1381 1982 καὶ
1408 1919 1532 1981 ἔνθα
1567 1920 1920 2003 βαρυνόμενος
1961 1926 2274 2003 προχοῇσιν.

841 2010 955 2070 Τοῦ
985 2007 1081 2087 μὶν
1111 2007 1202 2069 ἐπὶ
1229 2014 1435 2090 προχοῇ
1469 2009 1783 2091 Παμφύλιοι
1811 2010 2230 2091 ἀμφινέμονται,

843 2097 1002 2157 ὅσσον
1028 2095 1418 2176 Ξπιπροὸἑὸηκε
1451 2098 1773 2159 Χελιδονίων
1808 2098 1955 2177 μυχὰ
1983 2096 2152 2170 νήσων
2171 2120 2184 2136 ·

851 2188 1003 2262 σῆμα
1027 2184 1073 2244 δ’
1100 2183 1217 2263 ἔχει
1245 2184 1465 2267 ζεφύρου
1493 2184 1810 2267 Παταρηίδα
1837 2186 2052 2259 τηλόθεν
2083 2185 2269 2269 ἄκρην.

742 2290 820 2333 no
935 2274 1154 2350 Φράζεο
1171 2274 1240 2345 δ’,
1264 2274 1325 2333 ἔκ
1337 2272 1510 2333 κείνου
1528 2272 1885 2355 τετραμμένος
1905 2263 2047 2340 αὖθις
2075 2276 2158 2333 ἐπ’
2175 2276 2269 2355 ἄρ-

842 2360 1071 2440 Αίγαίου
1084 2360 1294 2421 πόντοιο
1309 2360 1508 2421 πλατὺν
1519 2360 1702 2440 πόρον,
1715 2360 1838 2423 ἔνθα
1851 2385 1905 2421 τε
1919 2367 2059 2439 κῦμα
2074 2362 2269 2443 [κτους,

851 2446 1180 2529 ῥησσόμενον
1208 2448 1414 2522 νήσοισι
1441 2450 1816 2531 περιὸρέμεται
1844 2451 2228 2525 Σπορᾶδεσσιν·

842 2538 902 2597 οὗ
931 2536 1034 2615 γάρ
1061 2561 1139 2606 τις
1164 2536 1322 2620 κείνῳ
1354 2535 1626 2618 ἀναλίγκια
1654 2538 1848 2616 κύματ’
1871 2540 2076 2619 ὀφέλλει
2093 2583 2109 2613 ,

845 2632 884 2685 ὓ·
931 2624 947 2647 ’
981 2648 996 2683 ι
1023 2624 1336 2708 μορμύρων,
1364 2626 1538 2706 ἔτερος
1567 2626 1725 2707 πόρος
1751 2628 2094 2711 ἀμφιτρίτης·

735 2734 813 2776 tas
841 2739 883 2775 ο·
907 2736 994 2796 ρον
1020 2714 1067 2773 δ’
1092 2716 1145 2783 ἐς
1167 2715 1391 2776 Τένεδον
1418 2715 1764 2797 τεκμαίρεται
1794 2716 2157 2796 ἐσχατόωσαν,

837 2802 1060 2884 Ἴμὸρον
1075 2800 1217 2883 ἔχων
1231 2804 1626 2885 ἑτέρωθεν,8θεν
1642 2804 1819 2874 στενὸς
1832 2803 2048 2887 ἔρχεται
2062 2802 2259 2878 αὐλών,

835 2890 1120 2972 συρόμενος
1152 2892 1402 2973 βορέηνδε
1431 2892 1787 2975 Προποντίδος
1813 2894 1978 2953 ἔνδοθι
2005 2894 2200 2965 πάσης.

833 2983 950 3053 Τῆς
979 2979 1024 3039 δ’
1045 2977 1183 3062 ὅπερ
1207 2980 1414 3041 ἄσπετα
1443 2983 1586 3065 φῦλα
1610 2981 1900 3041 τιταίνεται
1927 2980 2126 3048 Ἀσίδος
2147 2977 2266 3053 αίης

825 3069 958 3151 πρὸς
976 3066 1142 3129 νότον·
1164 3072 1382 3149 ἠπείρου
1393 3068 1497 3151 γὰρ
1518 3068 1606 3130 ἐπὶ
1620 3068 1822 3139 πλατὺς
1835 3066 2048 3152 ἔρχεται
2065 3067 2261 3148 ἰσθμός.

711 3178 790 3220 uo
827 3162 912 3239 Τῇ
937 3157 989 3217 δ’
1007 3158 1095 3217 ἔπι
1117 3158 1378 3238 Θρηικίου
1400 3158 1575 3237 στόμα
1601 3160 1891 3241 Βοσπόρου,
1917 3160 1973 3220 δν
1993 3159 2157 3239 πόρος
2173 3158 2262 3220 Ἰώ

679 3326 1100 3391 convenientem,
1125 3325 1318 3399 recepi.
1349 3324 1699 3397 ἀναπέπταται]
1716 3324 2030 3397 ἀναφαίνεται
2047 3325 2211 3382 schol.
2234 3328 2257 3395 ΙΙ

681 3435 754 3455 -.
771 3422 892 3459 111.
909 3406 1058 3475 ἄκρον
1085 3424 1171 3477 pr.
1195 3424 1269 3460 m.
1295 3410 1354 3462 C.
1386 3406 1408 3475 Ιὶ
1439 3422 1559 3462 112.
1584 3423 1809 3477 προτεραι
1830 3416 1870 3460 t.
1907 3407 2138 3476 11-114.
2160 3408 2262 3459 κεῖ·-

680 3504 761 3539 ται
783 3487 926 3539 ΑΒΕ
932 3488 1022 3541 CF
1023 3487 1188 3542 GHK
1195 3488 1300 3539 Lu
1301 3483 1812 3558 NOXaIaedflmoqrs.
1824 3486 1992 3538 Mirus
2008 3495 2088 3539 est
2100 3484 2264 3539 libro-

682 3581 803 3619 rum
812 3564 1137 3637 optimorum
1157 3581 1439 3619 consensus
1454 3564 1509 3617 in
1520 3562 1764 3631 lectione,
1791 3582 1950 3636 quam
1967 3564 2034 3617 ad
2047 3564 2259 3618 schema

681 3644 1023 3699 Pindaricum
1045 3642 1238 3698 referre
1261 3643 1399 3709 licet,
1425 3642 1518 3697 sed
1545 3660 1706 3716 quam
1735 3643 2078 3698 nihilominus
2102 3642 2259 3697 libra·

682 3724 888 3777 riorum
926 3724 1094 3778 errori
1121 3722 1304 3778 deberi
1343 3740 1466 3777 cum
1511 3722 1855 3797 Bernhardyo
1897 3742 2104 3778 censeo.
2157 3725 2252 3781 Vs.

689 3804 787 3857 113
815 3814 868 3858 et
901 3808 998 3869 111.
1031 3803 1158 3858 citat
1191 3804 1400 3858 Tzetzes
1437 3802 1506 3857 ad
1534 3804 1800 3877 Lycophr.
1832 3805 1954 3875 925.
1986 3804 2110 3875 11-
2133 3808 2254 3858 116.

683 3882 750 3952 ἐς]
792 3882 857 3946 εἰς
897 3884 1005 3947 m.
1037 3884 1060 3955 ΙΙ
1080 3912 1154 3925 -
1179 3882 1416 3955 118.ἀχρι
1444 3880 1665 3953 πτόλιος]
1703 3886 1906 3958 ΕΝσςῑ
1938 3883 2058 3956 ἀχρι
2085 3884 2258 3949 πόλιος

685 3965 781 4018 CK
792 3960 964 4017 Uabrs
976 3960 1062 4015 alii
1080 4001 1095 4028 ,
1113 3960 1231 4034 ἄχρι
1247 3961 1430 4030 πόληος
1449 3964 1602 4021 DGI.
1611 3962 1896 4029 Hordtw,
1918 3962 2057 4035 ἄχρις
2087 3962 2258 4029 πόλιος

2191 556 2535 620 moNst

2386 691 2641 765 Deinceps
2666 692 2777 749 duo
2803 698 2964 751 maria
2990 696 3291 770 longissime
3316 702 3666 776 horrescunt,

2383 776 2589 833 [latibus
2614 781 2871 852 aquilonis
2894 786 3133 841 Ismarici
3161 788 3380 859 agitata,

2380 876 2519 921 recta
2545 869 2820 941 spirantis,
2851 873 3103 943 quoniam
3130 873 3231 928 sibi
3262 878 3504 950 opposita
3538 891 3695 953 stmt3

2378 972 2439 1009 ac
2464 956 2692 1027 primum
2716 969 2889 1013 nautae
2910 960 3163 1015 Pharium
3184 961 3398 1035 pelagus
3423 966 3677 1036 vocitant,

2370 1044 2513 1115 quod
2540 1044 2595 1099 in
2624 1044 2863 1100 ultimum
2888 1046 3077 1117 jugum
3101 1048 3239 1102 Casii
3267 1051 3584 1121 porrigitur3
3734 1054 3933 1125 [terrae

2368 1130 2585 1185 alterum
2609 1150 2731 1186 vero
2763 1132 3039 1188 Sidonium
3057 1173 3073 1199 ,
3104 1132 3197 1188 ubi
3232 1135 3540 1193 extenditur
3574 1141 3629 1193 in
3668 1158 3935 1197 secessum

2370 1219 2537 1271 Issum
2556 1216 2787 1292 adusque
2800 1219 3005 1289 urbem,
3026 1221 3249 1277 Cilicum
3264 1226 3531 1296 regionem
3542 1226 3939 1296 pitter-labens,

2376 1304 2503 1361 dum
2533 1306 2748 1363 boream
2775 1326 2952 1363 versus
2976 1310 3219 1376 trahitur,
3242 1313 3425 1382 ingens
3444 1313 3590 1367 sinus
3608 1314 3831 1382 Issicus;

2373 1410 2544 1466 neque
2572 1412 2695 1449 vero
2716 1394 2761 1449 is
2778 1395 2913 1451 adeo
2940 1397 3124 1469 procul
3158 1398 3413 1470 aequalem
3439 1408 3582 1454 tenet
3603 1418 3855 1468 cunum;

2371 1496 2535 1553 prope
2546 1482 2687 1537 enim
2701 1482 2866 1554 ipsam
2873 1482 3093 1539 Cilicum
3108 1484 3375 1555 regionem
3390 1495 3507 1540 atro
3518 1498 3681 1543 cessat
3696 1489 3902 1545 ambitu
3916 1508 3941 1557 5

2372 1577 2483 1621 tum
2506 1567 2575 1622 ad
2600 1568 2863 1624 favonium
2886 1570 3075 1625 flexam
3096 1572 3409 1643 salsuginem
3426 1585 3647 1631 eructat.

2368 1657 2444 1709 Ut
2468 1674 2590 1711 vero
2614 1668 2734 1713 trux
2756 1676 2969 1731 serpens
2989 1658 3251 1713 volutatur
3277 1661 3507 1716 flexuose
3533 1681 3719 1736 repens
3736 1705 3752 1733 ,

2368 1742 2549 1797 tardus
2567 1783 2582 1809 ,
2607 1744 2707 1799 sub
2731 1762 2901 1817 eoque
2925 1755 3095 1801 totum
3120 1758 3368 1817 gravatur
3394 1752 3591 1804 montis
3607 1749 3799 1824 jugum

2368 1830 2641 1886 incedente
2666 1848 2681 1887 2
2712 1834 2787 1887 sie
2806 1832 2891 1887 ille
2910 1832 3139 1888 volvitur
3158 1836 3213 1889 in
3234 1836 3365 1889 mari
3388 1838 3534 1891 sinus

2366 1916 2613 1981 diffusus,
2640 1918 2729 1973 hic
2749 1928 2801 1973 et
2827 1918 2932 1975 illic
2950 1930 3193 1991 gravatus
3216 1922 3526 1992 gurgitibus.

2364 2001 2535 2076 Hujus
2556 2004 2622 2060 ad
2642 2006 2897 2077 gurgitem
2924 2005 3217 2079 Pamphylii
3240 2006 3504 2074 habitant,

2364 2103 2623 2166 quantum
2650 2092 2985 2166 progreditur
3008 2093 3343 2149 Chelidonias
3360 2095 3427 2149 ad
3452 2096 3644 2151 insulas

2362 2182 2645 2237 terminum
2670 2199 2795 2237 vero
2812 2182 3057 2237 ultimum
3079 2182 3148 2237 ad
3166 2201 3409 2238 occasum
3434 2184 3591 2239 habet
3604 2198 3761 2260 caput
3778 2190 3935 2245 Pata·

2430 2271 2568 2325 Hinc
2592 2288 2774 2325 rursus
2804 2270 2870 2325 ad
2900 2270 3117 2325 boream
3143 2289 3323 2326 versus
3356 2274 3649 2332 considera.
3752 2278 3944 2346 [reuse.

2359 2360 2515 2431 AEgaei
2542 2360 2693 2433 ponti
2716 2370 2917 2416 vastum
2935 2370 3165 2415 meatum
3181 2400 3198 2427 ,
3225 2359 3319 2415 ubi
3346 2361 3539 2416 fluctus

2360 2446 2552 2502 fractus
2577 2446 2768 2503 insulas
2788 2447 3168 2503 circumfremit
3191 2448 3473 2522 Sporadas.

2357 2538 2539 2609 Neque
2559 2538 2699 2592 enim
2726 2536 2911 2609 aliquis
2934 2536 3005 2591 illi
3028 2536 3224 2591 similes
3244 2536 3433 2591 flnctus
3450 2540 3636 2593 excitat

2359 2624 2621 2697 profunde
2648 2642 2983 2679 murmurans
3005 2625 3137 2680 alius
3157 2643 3345 2697 gurges
3368 2628 3527 2681 maris
3539 2647 3555 2693 ς

2357 2712 2573 2767 limitem
2598 2730 2722 2769 vero
2748 2714 2803 2767 in
2824 2710 3100 2767 Tenedum
3128 2714 3377 2767 terminat
3398 2724 3715 2780 extremam,

2356 2801 2595 2857 Imbrum
2621 2798 2816 2856 habens
2840 2801 3001 2856 altera
3020 2820 3086 2855 ex
3112 2811 3261 2873 parte
3277 2841 3294 2868 ,
3326 2800 3471 2856 unde
3491 2815 3695 2858 arctum
3729 2805 3929 2859 fretum

2358 2891 2585 2946 trabitur
2606 2890 2820 2945 boream
2832 2906 3031 2957 versus,
3045 2890 3422 2964 Propontidem
3442 2892 3579 2945 intra
3592 2902 3776 2947 totam.

2353 2980 2517 3051 Supra
2532 2978 2667 3032 hanc
2684 2977 2974 3031 innumerae
2995 2987 3171 3047 gentes
3180 2975 3494 3049 panduntur
3516 2978 3753 3033 Asiaticae
3770 2989 3925 3033 terrae

2354 3076 2791 3131 vei-sussustrum3
2808 3064 3271 3119 continentisenim
3283 3064 3417 3119 latus
3425 3064 3658 3143 succedit
3671 3067 3894 3122 isthmus
3904 3108 3917 3121 .

2350 3157 2474 3210 Post
2482 3154 2617 3208 hanc
2627 3170 2750 3207 vero
2761 3162 2839 3207 est
2847 3150 3039 3206 ostium
3058 3151 3277 3225 Bospori
3290 3150 3522 3215 Thracii,
3544 3169 3700 3225 quem
3720 3153 3847 3208 olim
3858 3156 3921 3209 Io

2352 3350 2525 3404 neque
2550 3350 2604 3385 n.
2633 3330 2671 3387 l.
2696 3328 2840 3382 vides
2861 3345 2965 3398 qua
2983 3326 3348 3399 probabilitate
3374 3328 3639 3383 diceretur
3659 3331 3920 3403 Pamphy·

2348 3406 2473 3464 liam
2510 3427 2622 3464 esse
2661 3409 2717 3463 in
2760 3418 2897 3461 terra
2948 3416 3154 3477 aggesta
3176 3406 3350 3462 sitam.
3382 3410 3541 3461 Recte
3579 3408 3768 3461 llillius
3794 3428 3915 3481 προ·

2346 3488 2473 3560 χοὰς
2516 3487 2753 3557 intelligit
2789 3483 2858 3539 de
2900 3483 3103 3539 sinibus
3142 3502 3279 3556 quos
3318 3502 3463 3539 mare
3500 3486 3557 3539 in
3598 3494 3763 3539 terras
3788 3505 3917 3559 pro·

2347 3566 2541 3622 fundit.
2583 3562 2897 3634 Gurgitibus
2938 3564 3095 3618 vertit
3118 3563 3432 3635 Stephanus.
3474 3562 3548 3617 Cf
3576 3581 3627 3617 v.
3675 3580 3780 3621 200
3820 3567 3910 3621 ubi

2348 3648 2515 3721 Syrtis
2539 3644 2711 3718 Major
2745 3642 2941 3698 dicitur
2975 3641 3253 3715 εὖρυτερῇσι
3278 3642 3581 3715 βαρυνομένη
3614 3648 3912 3718 προχοῇσιν.

2345 3724 2428 3785 Cf.
2459 3725 2617 3793 infra,
2642 3724 2735 3779 ubi
2760 3722 2827 3777 de
2854 3721 3036 3777 Cilicio
3062 3721 3213 3788 mari,
3256 3740 3307 3775 v.
3345 3726 3451 3778 860
3476 3740 3595 3795 sqq.
3632 3722 3654 3795 n
3684 3754 3757 3767 —
3784 3730 3904 3783 128.

2346 3804 2484 3878 μυχὲ
2510 3806 2692 3874 νήσων]
2718 3808 2770 3861 E
2779 3808 2827 3859 U
2834 3802 3039 3871 ngiku
3064 3802 3165 3857 Ald
3192 3824 3207 3871 ς
3237 3803 3317 3857 ἐπὶ
3339 3802 3507 3868 νήσων
3531 3808 3693 3861 AGK
3697 3808 3802 3862 ΔΝ
3803 3811 3907 3877 OQ

2344 3888 2466 3941 etin
2483 3886 2595 3939 aliis
2607 3886 2867 3958 plerisque
2883 3904 2899 3949 ς
2918 3880 3055 3955 μυχὰ
3083 3881 3162 3937 ἐπὶ
3178 3882 3341 3950 νήσων
3366 3887 3419 3941 C.
3442 3884 3689 3938 Ceterum
3707 3902 3913 3957 quaeras

2343 3983 2573 4038 quonam
2600 3974 2753 4039 pacto
2778 3973 2830 4018 et
2850 3980 2957 4036 qua
2984 3963 3297 4018 auctoritate
3318 3964 3604 4037 Dionysius
3630 3964 3805 4019 sinum
3830 3968 3908 4020 Is·

678 4050 799 4098 cett.
832 4038 993 4097 codd.
1025 4051 1080 4095 et
1108 4040 1258 4099 editt.
1294 4041 1483 4114 χώρην]
1533 4044 1728 4115 ΝΟεᾳς
1761 4042 1933 4115 χώραν
1972 4052 2093 4099 cett.
2131 4044 2154 4115 ΙΙ
2183 4074 2256 4087 -
2339 4047 2507 4100 sicum
2534 4062 2697 4117 usque
2716 4042 2782 4097 ad
2800 4041 3133 4097 Chelidonias
3159 4041 3353 4097 insulas
3372 4053 3425 4096 et
3442 4044 3753 4098 Patarorum
3777 4063 3907 4117 pro·

682 4138 802 4194 119.
858 4120 1064 4193 κόλπος]
1099 4123 1275 4187 πόντος
1308 4124 1546 4185 Α66Η;
1573 4122 1777 4188 πόντος,
1808 4121 1990 4178 addito
2017 4142 2099 4195 γρ.
2133 4123 2253 4177 κόλ-
2339 4126 2661 4180 montorium
2698 4122 2957 4195 pertinere
2984 4118 3334 4175 contenderit.
3373 4120 3746 4195 Bernhardyus
3781 4142 3906 4179 cen-

675 4221 792 4267 πος,
822 4200 944 4258 cod.
979 4219 1020 4258 ε.
1060 4200 1082 4271 ΙΙ
1107 4230 1179 4242 -—
1202 4199 1433 4273 ἀπείρων]
1479 4200 1698 4256 ἐλαύνων
1727 4204 1800 4267 D,
1842 4220 1924 4273 γρ.
1970 4202 2140 4274 βόρεον
2174 4200 2250 4257 ἐπὶ

676 4280 859 4337 κόλπον
899 4280 1138 4346 ἐλαύνων,
1165 4284 1233 4343 3,·
1254 4279 1333 4336 ἐπὶ
1361 4280 1552 4337 πολλὸν
1593 4281 1834 4347 ἐλαύνων,
1863 4299 2018 4354 supra
2054 4284 2250 4355 scripto

677 4358 756 4416 ἰπὶ
772 4360 956 4416 κόλπον
986 4360 1224 4432 ἀπαίρων,
1242 4363 1521 4433 ,nn—120.
1545 4361 1602 4417 ού
1623 4360 1732 4434 μὲν,
1751 4362 2104 4435 suprascripto
2124 4360 2244 4433 μὴν,

679 4442 748 4495 Ε.
777 4439 801 4511 11
828 4470 900 4482 -
927 4456 1045 4495 121.
1073 4438 1290 4511 ύσπληγι
1317 4444 1501 4506 AGM,
1527 4440 1742 4509 ύσπλησι
1767 4439 1886 4497 cod.
1911 4460 1952 4494 ε.
1983 4442 2005 4512 ΙΙ
2027 4472 2099 4483 -
2123 4458 2240 4497 122.

678 4517 994 4593 ἀπερεύγεται
1016 4519 1598 4595 CNOYesgleioqreaeu23
1631 4520 1937 4593 ἐπερεύγεται
1970 4531 2090 4579 cett.
2121 4523 2144 4594 ΙΙ
2172 4553 2245 4566 -

682 4600 802 4653 123.
824 4599 890 4661 ὣς
914 4598 988 4669 δὲ]
1009 4598 1092 4653 καὶ
1111 4600 1167 4653 δὲ
1193 4598 1311 4656 cod.
1335 4620 1378 4657 ε.
1414 4626 1437 4647 ι
1465 4602 1924 4675 Comparationem
1944 4620 2242 4673 expressam

676 4696 708 4731 e
733 4680 960 4751 vestigiis
989 4678 1302 4751 quibusdam
1327 4680 1388 4735 ll.
1417 4702 1472 4754 γ,
1499 4684 1568 4754 93
1595 4701 1714 4754 sqq.
1745 4694 1796 4737 et
1813 4702 1868 4754 χ,
1900 4682 1966 4753 93
1991 4700 2100 4737 esse
2123 4681 2244 4738 licet

675 4760 960 4831 suspicari,
991 4758 1140 4831 cujus
1177 4760 1479 4815 imitationis
1507 4762 1782 4817 admonuit
1812 4764 1966 4815 etiam
1997 4764 2236 4817 Eustath.

675 4838 742 4892 ad
770 4839 829 4894 ll.
858 4858 901 4905 ε,
929 4858 982 4912 p.
1012 4839 1134 4895 585.
1170 4865 1193 4887 ι
1223 4840 1406 4898 Bernh.
1437 4842 1460 4912 Ι]
1486 4872 1556 4883 -
1581 4842 1702 4901 125.
1733 4840 1800 4897 εἶν
1826 4841 1929 4914 m]
1957 4860 2037 4913 γρ.
2069 4840 2240 4914 ἐγγύθι

2336 4214 2417 4258 set
2454 4215 2661 4277 poetam
2696 4204 2751 4256 in
2792 4202 2873 4256 his
2916 4218 3075 4255 sensu
3120 4201 3392 4255 verissimo
3432 4200 3711 4257 inductum
3745 4206 3903 4259 maris

2335 4295 2573 4338 naturam
2602 4283 2777 4354 sequi,
2824 4280 2971 4353 quod
2992 4298 3025 4334 a
3046 4281 3195 4352 Syria
3222 4296 3473 4333 exorsum
3518 4279 3759 4351 aequabili
3796 4281 3904 4338 sere

2336 4363 2603 4419 velocitate
2622 4361 2935 4435 rapidissimi
2958 4378 3144 4415 cursus
3161 4359 3231 4414 ad
3254 4358 3589 4414 Chelidonias
3612 4377 3779 4433 usque
3799 4360 3902 4417 dif-

2334 4443 2594 4510 funditur,
2622 4442 2847 4497 mirante
2885 4439 3224 4506 Beausortio‚
3252 4437 3581 4495 Kar-omunia
3622 4456 3680 4512 p.
3712 4441 3780 4513 39
3816 4460 3898 4515 sq.

2330 4524 2463 4577 Mihi
2501 4522 2717 4595 quidem
2744 4520 2975 4575 misellus
3008 4531 3189 4575 noster
3220 4518 3547 4592 geographus
3582 4518 3777 4575 fluenta
3804 4521 3899 4576 ista

2331 4605 2535 4657 marina
2562 4600 2693 4657 nihil
2718 4599 2927 4655 videtur
2952 4618 3179 4654 curasse.
3209 4598 3385 4669 Vulgo
3410 4598 3602 4653 Issicus
3626 4599 3773 4653 sinus
3808 4618 3898 4655 vo·

2329 4691 2481 4735 catur
2508 4682 2666 4737 maris
2690 4696 2924 4733 recessus
2948 4680 3039 4751 qui
3063 4680 3239 4751 Cypro
3260 4676 3440 4731 insulae
3465 4676 3533 4730 ab·
3556 4688 3676 4731 ortu
3700 4676 3893 4732 boreali

2328 4758 2550 4831 objacet.
2570 4761 2752 4831 Neque
2769 4758 2917 4813 aliter
2931 4758 3217 4830 Dionysius
3233 4757 3471 4810 statuisse
3488 4754 3713 4820 videtur,
3734 4756 3894 4811 modo

2329 4850 2503 4895 teneas
2551 4840 2783 4913 Cyprum
2827 4838 3047 4892 insulam
3094 4838 3149 4891 in
3192 4834 3367 4891 tabula
3410 4852 3572 4907 quam
3608 4834 3678 4889 ob
3710 4835 3891 4891 oculos

674 4920 738 4980 C,
770 4917 940 4989 ἔγκῦθι
976 4918 1096 4978 cod.
1132 4938 1174 4976 ε.
1215 4919 1239 4991 ΙΙ
1271 4948 1338 4960 -
1368 4937 1484 4992 127.
1525 4922 1740 4995 προχοῇ]
1782 4925 1998 4993 προχοῇς
2029 4924 2238 4979 (jz-:No
2325 4916 3214 4991 poetahabuit‚Chelidoniisinsulis
3232 4914 3389 4970 fuisse
3405 4912 3889 4981 occidentaliorem,

681 4994 1007 5071 Ydetgleoq55
1031 5001 1272 5070 προχοαῖς
1298 5003 1373 5063 D,·
1412 5000 1632 5073 προὸολῇ
1673 5000 1814 5074 Ueeip
1844 4998 1962 5057 Ald.
1995 4998 2076 5055 Cf.
2112 5000 2234 5064 324.

2322 4998 2478 5053 sicuti
2502 4998 2664 5071 liquet
2684 5016 2715 5051 e
2736 5016 2811 5053 vs.
2839 4997 2939 5053 508
2968 5015 3084 5070 sqq.
3121 4997 3144 5069 ΙΙ
3176 5026 3250 5038 -
3279 4995 3401 5053 131.
3431 4994 3613 5050 πόντου
3638 5012 3732 5069 eq,·
3758 4994 3889 5050 πλα-

676 5094 698 5123 e
717 5079 918 5148 προχοῇ
931 5074 999 5129 ad
1019 5076 1072 5129 id
1088 5075 1234 5149 quod
1249 5079 1483 5149 πρόχυσιν
1501 5081 1736 5150 poeticus
1749 5098 1922 5133 sermo
1936 5079 2232 5148 celebravit,
2323 5078 2409 5131 τὶιν
2443 5077 2557 5150 ῥόον
2608 5080 2844 5132 861.Μο
2853 5076 3299 5149 cheegluilopqrs.
3333 5076 3357 5147 ΙΙ
3398 5104 3471 5117 -
3509 5072 3629 5131 132.
3670 5075 3888 5146 upupi-

669 5148 912 5227 suspicor
937 5156 1281 5227 pertinuisse,
1312 5158 1560 5211 nimirum
1585 5158 1728 5230 quod
1753 5158 1820 5211 de
1839 5158 2098 5212 alluvione
2119 5176 2235 5230 per-
2325 5175 2467 5227 μεται
2492 5174 2583 5210 ew.
2618 5156 2641 5227 ΙΙ
2670 5186 2742 5197 -
2780 5156 2896 5212 135.
2930 5152 3258 5227 ἕσχατόεσσαν
3307 5151 3506 5222 COafl,
3540 5150 3887 5223 ἰσχατώεσσαν

667 5232 936 5304 ciperetur
957 5235 1119 5289 maris
1143 5236 1432 5289 accessibus
1458 5248 1698 5308 congesta
1716 5278 1731 5303 ,
1759 5254 1921 5309 quum
1946 5238 2232 5310 proesertim
2320 5239 2453 5309 Neq.
2484 5235 2506 5307 ΙΙ
2526 5264 2599 5277 -
2620 5235 2737 5291 136.
2775 5235 2909 5307 ὅθεν]
2952 5232 3110 5304 wis.-
3148 5230 3369 5305 ἔρχεται]
3396 5232 3601 5304 ἄρχεται
3634 5248 3707 5284 es.
3754 5230 3777 5301 ss
3810 5260 3885 5274 -

665 5311 850 5367 similis
885 5312 1102 5368 accedat
1145 5316 1417 5388 usurpatio
1463 5326 1628 5388 poetae
1666 5316 1732 5370 de
1759 5316 1911 5371 litore
1951 5334 2002 5371 v.
2043 5320 2164 5381 614.
2203 5344 2224 5364 ι

670 5392 982 5463 Bernhardy.
1013 5397 1134 5449 Ate
1157 5412 1207 5449 ν.
1235 5398 1336 5460 614
1363 5394 1516 5449 talem
1537 5396 1676 5449 vocis
1695 5414 1900 5449 sensum
1921 5396 2009 5449 vix
2027 5396 2228 5464 elicias;

2330 5314 2445 5385 ¹37·
2473 5314 2718 5387 βορίηνδε]
2754 5314 2925 5386 βορέην
2954 5316 3081 5387 Neq.
3113 5310 3349 5381 Διὸύηθεν
3372 5314 3464 5366 Ge.
3498 5309 3615 5365 138.
3642 5308 3741 5375 Τῆς
3762 5306 3883 5382 ὅπερ

2323 5399 2405 5450 CG
2420 5416 2443 5459 ,-
2484 5394 2775 5464 τιταίνεται]
2801 5393 3029 5464 νέμονται
3070 5394 3141 5446 D.
3194 5390 3217 5461 11
3249 5419 3321 5432 --
3358 5388 3477 5459 139.
3522 5385 3782 5450 ἔπίπλατυς
3823 5404 3877 5455 0,
