4584 6284
1853 509 1950 568 Ex
1997 507 2422 570 STRABole
2463 507 2613 569 Lm.
2658 506 2849 570 xvn.

853 663 919 700 η.
967 640 1101 703 Ὅτι
1149 645 1182 714 ἡ
1225 639 1376 708 πόλις
1417 638 1770 722 Ἀλεξάνδρεια
1811 642 1864 699 ἐν
1907 643 1972 722 τῇ
2017 637 2318 722 Μαρεάντιδί

768 733 941 792 ἐστιν·
969 722 1035 805 ἧς
1073 729 1142 790 τὰ
1183 727 1279 809 μὶν
1330 727 1510 810 βόρεια
1547 729 1811 810 θαλάσσῃ,
1857 726 1927 787 τὰ
1975 727 2029 791 δί
2069 727 2213 790 νότια
2247 731 2316 809 τῇ

770 817 985 901 Μαρεία.
1013 817 1171 898 λίμνῃ
1213 816 1536 898 περιέχεται.
1619 818 1922 898 Πληροῦται
1945 817 1990 876 δ’
2017 816 2186 889 ἐκείνη
2213 817 2314 876 ὕπὸ

769 911 872 968 τῶν
898 911 990 968 τοῦ
1019 907 1213 969 Νείλου
1251 904 1522 986 διωρύχων
1553 904 1645 966 καὶ
1670 902 1994 967 ἀναδάσεων.

848 1014 916 1056 1³.
957 991 1090 1057 Ὅτι
1114 991 1213 1067 τὴν
1242 992 1576 1072 Ἀλεξάνδρου
1603 997 1694 1053 τοῦ
1720 993 1930 1053 κτίστου
1955 996 2152 1072 χρυσῆν
2179 991 2311 1052 πύε-

765 1087 855 1144 λον
882 1085 936 1143 ἰν
967 1079 1326 1162 Ἀλεξανδρείᾳ
1355 1080 1576 1153 ἐσύλησε
1605 1083 1928 1158 Πτολεμαῖος
1947 1085 1974 1140 ὃ
1998 1079 2242 1157 Κόκκης,
2281 1083 2312 1140 δ

765 1173 856 1234 καὶ
877 1172 1243 1253 Παρείσακτος
1269 1170 1563 1244 έπικληθεὶς
1581 1214 1598 1244 ,
1626 1172 1684 1230 ἐκ
1711 1173 1802 1242 τῆς
1829 1168 2022 1251 Συρίας
2049 1167 2305 1229 ἐπελθών·

766 1262 855 1323 καὶ
911 1261 1053 1330 εὖθὺς
1104 1258 1312 1328 ἐξέπεσε
1361 1261 1459 1330 τῆς
1505 1260 1706 1339 ἀρχῆς,
1754 1255 1974 1330 ἀνόνητα
2014 1256 2306 1334 τολμήσας.

762 1349 834 1412 Ἥ
861 1349 918 1410 δὲ
946 1347 1132 1416 πύελος
1163 1346 1301 1423 μετὰ
1333 1351 1486 1406 τοῦτο
1515 1344 1688 1418 ὖελίνη
1709 1344 1937 1426 γέγονεν.

845 1459 914 1500 u.
956 1433 1083 1498 Ὅτι
1105 1440 1132 1495 6
1161 1434 1336 1514 ὄγδοος
1373 1434 1726 1511 Πτολεμαῖος,
1747 1437 1776 1492 ὁ
1803 1431 2047 1506 Αὖλητὴς
2069 1432 2306 1507 κληθεὶς,

761 1523 1038 1609 χοραυλεῖν
1083 1523 1313 1597 ἤσκησε,
1357 1521 1728 1599 σεμνυνόμενος
1769 1525 1852 1582 ἔπ’
1893 1523 2063 1603 αύτῷ,
2105 1524 2174 1588 ὣς
2217 1521 2309 1581 καὶ

750 1612 1196 1692 -άνταγωνίζεσθαι
1216 1611 1492 1684 αὗληταῖς·
1514 1607 1570 1669 ὃν
1593 1611 1642 1669 οἱ
1664 1608 2008 1691 Ἀλεξανδρεῖς
2035 1607 2303 1678 έξέὸαλον.

760 1701 829 1765 Ὁ
860 1699 914 1760 δὲ
938 1702 1008 1767 εἰς
1029 1695 1245 1777 Ῥώμην
1267 1698 1428 1758 ἐλθὼν
1448 1698 1666 1776 ,ἱκέτης
1685 1695 1888 1776 γίνεται
1907 1697 2194 1777 Πομπηίου
2216 1697 2308 1756 καὶ

759 1789 908 1872 ἔτυχε
936 1786 1154 1849 καθόδου
1182 1787 1254 1854 εἰς
1279 1784 1376 1859 τὴν
1408 1785 1705 1865 βασιλείαν·
1724 1785 1815 1846 καὶ
1845 1786 1962 1862 μετ’
1978 1783 2152 1864 ὀλίγον
2170 1786 2309 1866 νόσῳ

752 1881 968 1959 τελευτᾷ
1009 1875 1100 1938 καὶ
1136 1873 1440 1959 διαδέχεται
1475 1874 1630 1934 αὗτὸν
1682 1871 1928 1942 Διόνυσος
1974 1877 2003 1933 δ
2047 1872 2186 1952 υίὸς,
2215 1875 2308 1935 καὶ

752 1966 1100 2047 Κλεοπάτρα,
1134 1970 1170 2039 ἡ
1203 1966 1438 2045 θυγάτηρ
1477 1967 1570 2023 τοῦ
1598 1963 1873 2037 Ammon,
1904 1961 2082 2046 φεύγει
2111 1965 2182 2031 εἰς
2210 1963 2305 2035 τὴν

752 2057 967 2138 Συρίαν.
1047 2053 1120 2116 ‘O
1147 2052 1203 2113 δὲ
1231 2051 1550 2132 Πομπήιος,
1567 2048 1742 2133 φυγὼν
1769 2052 1830 2112 lx
1849 2052 2161 2132 Φαρσάλου,
2181 2044 2307 2126 ἧκεν

751 2151 823 2215 εἰς
849 2144 911 2207 τὸ
935 2143 1241 2219 Πηλούσιον
1269 2140 1362 2204 καὶ
1390 2141 1454 2203 τὸ
1479 2141 1681 2203 Κάσιον
1700 2141 1819 2223 ὄρος
1841 2142 1934 2202 καὶ
1958 2143 2308 2224 δολοφονεῖται

752 2235 854 2296 ὑπὸ
874 2237 980 2295 τῶν
1005 2231 1140 2316 ἀμφὶ
1173 2231 1445 2293 Διόνυσον.
1532 2229 1801 2292 Ἐπελθὼν
1818 2230 1874 2290 δὲ
1901 2231 2112 2313 Καῖσαρ
2138 2230 2224 2292 τόν
2246 2255 2305 2292 τε

752 2321 1001 2384 Διόνυσον
1021 2318 1212 2380 κτείνει
1240 2318 1331 2380 καὶ
1357 2315 1454 2392 τὴν
1477 2317 1820 2400 Κλεοπάτραν
1848 2317 2122 2392 καθίστησι
2149 2319 2305 2400 βασί-

750 2414 936 2470 λισσαν
967 2407 1265 2487 Αἰγύπτου.
1348 2405 1618 2475 Ἀντῶνιος
1641 2405 1697 2468 δὲ
1724 2407 1859 2485 μετὰ
1889 2405 1985 2482 τὴν
2013 2409 2065 2467 ἕν
2102 2407 2303 2468 Φιλίπ-

751 2520 866 2565 ποις
917 2497 1129 2577 μάχην,
1177 2494 1344 2558 ἰλθῶν
1386 2496 1460 2563 εἷς
1513 2491 1610 2566 τὴν
1657 2494 1952 2576 Αἴγυπτον,
1995 2493 2164 2574 ἔγημε
2207 2495 2305 2569 τὴν

755 2586 1102 2667 Κλεοπάτραν
1123 2582 1218 2644 καὶ
1241 2582 1332 2644 τὸν
1352 2582 1622 2645 Ἀκτιακὸν
1643 2581 1869 2660 πόλεμον
1889 2581 1982 2643 σὺν
2005 2586 2138 2666 αὐτῇ
2161 2587 2305 2662 ἠγω-

748 2672 931 2734 νίσατο
956 2671 1046 2732 καὶ
1075 2670 1374 2754 συνέφυγεν.
1415 2669 1487 2733 ‘O
1515 2672 1563 2730 δ’
1583 2667 1875 2750 Αὔγουστος
1895 2669 2124 2730 ἐπελθὼν
2146 2670 2305 2752 ἄμφω

746 2782 808 2819 τε
872 2759 1130 2821 κατέλυσε
1200 2759 1295 2822 καὶ
1365 2759 1464 2832 τὴν
1522 2757 1789 2838 Αἴγυπτον
1844 2757 1944 2818 ὑπὸ
2020 2756 2307 2838 Ῥωμαίοις

745 2847 1010 2920 ὄποίησεν.

825 2957 893 2996 ιε.
934 2933 1066 2998 Ὅτι
1090 2939 1119 2995 ὁ
1147 2935 1245 3016 μὲν
1273 2938 1480 3018 πρῶτος
1512 2937 1722 3016 Καῖσαρ
1743 2933 1864 3015 περὶ
1880 2931 2168 3016 Φάρσαλον
2191 2935 2303 2998 πό-

744 3026 826 3084 λιν
880 3023 1027 3084 ἔνίκα
1055 3023 1375 3103 Πομπήιον,
1412 3029 1441 3084 ὁ
1470 3025 1525 3083 δὲ
1574 3022 1807 3105 δεύτερος
1847 3023 1965 3104 περὶ
2000 3022 2303 3092 Φιλίππους

743 3111 890 3171 ἐνίκα
918 3114 1152 3192 Βροῦτον
1174 3111 1267 3170 καὶ
1294 3111 1548 3173 Κάσσιον.

821 3219 894 3260 ts.
937 3194 1072 3260 Ὅτι
1100 3196 1169 3259 τὰ
1215 3204 1307 3258 τοῦ
1351 3199 1542 3261 Νείλου
1578 3196 1622 3268 ζ’
1663 3198 1903 3277 στόματα
1930 3199 2098 3259 ταῦτά
2131 3202 2301 3260 έστιν·

741 3285 1194 3367 Ἡρακλεωτικὸν,
1238 3285 1572 3360 Βολὸίτινον,
1606 3287 1976 3348 Σεὸεννυτικὸν
1997 3333 2013 3362 ,
2039 3291 2298 3349 Φατνιτι-

741 3373 832 3435 κὸν
848 3419 866 3449 ,
895 3373 1218 3451 Μενδήσιον,
1241 3375 1529 3438 Τανιτικὸν
1543 3419 1562 3449 ,
1587 3376 1977 3450 Πηλουσιακόν.

731 3454 745 3468 ’
823 3481 892 3524 17.
931 3457 1061 3523 Ὅτι
1083 3467 1118 3536 ἢ
1149 3460 1343 3540 μεταξὺ
1364 3461 1666 3536 Πηλουσίου
1687 3462 1887 3532 πόλεως
1902 3464 1992 3524 καὶ
2009 3470 2104 3524 τοῦ
2126 3471 2301 3547 μυχοῦ

748 3555 839 3609 τοῦ
867 3552 986 3610 καθ’
1011 3548 1234 3634 Ἡρώων
1257 3551 1410 3610 πόλιν
1433 3549 1626 3634 ἐρημία
1661 3550 1888 3612 σταδίων
1916 3552 2027 3614 ἐστὶ
2047 3577 2098 3635 ,α
2113 3577 2128 3592 ·
2152 3563 2301 3616 πᾶσα

747 3639 796 3698 δ’
828 3638 1041 3720 ἄνυδρος
1067 3638 1160 3699 καὶ
1191 3637 1472 3721 θηριώδης,
1501 3639 1726 3722 ὀφιιῖιδης
1747 3641 1900 3702 ἐστίν.

831 3747 898 3788 ts.
941 3725 1072 3790 Ὅτι
1094 3730 1148 3788 ἐν
1174 3727 1501 3813 Μωμέμφιδι
1520 3728 1766 3811 τρέφεται
1793 3730 1973 3804 θήλεια
2002 3735 2120 3812 βοῦς
2146 3732 2261 3812 ἱερὰ
2279 3777 2297 3806 ,

747 3816 989 3897 καθάπερ
1039 3821 1093 3876 ἐν
1140 3815 1382 3900 Μέμφιδι
1426 3807 1681 3891 asthma,
1721 3821 1776 3880 ἐν
1809 3817 2144 3881 Ἡλιουπόλει
2182 3820 2236 3880 δί
2272 3824 2301 3880 ὁ

748 3905 944 3972 Μνεῧις
973 3908 1114 3985 βοῦς.

832 4012 898 4056 w.
940 3989 1070 4054 Ὅτι
1110 3991 1232 4071 περὶ
1283 3993 1380 4067 τὴν
1422 3992 1597 4075 ἀρχὴν
1637 3999 1728 4054 τοῦ
1773 3993 1942 4057 Δέλτα
2000 3996 2138 4056 ἐστὶν
2167 3996 2204 4070 ἥ
2243 4021 2300 4056 τε

749 4080 1053 4149 Βούὸαστος
1099 4081 1251 4148 πόλις
1289 4079 1382 4141 καὶ
1427 4083 1640 4164 Μέμφις
1680 4083 1769 4143 καὶ
1813 4082 2152 4153 Ἡλιούπολις
2206 4085 2300 4144 καὶ

747 4171 782 4240 ἣ
833 4166 970 4248 ἀρχὴ
1003 4171 1096 4240 τῆς
1144 4167 1396 4249 δῶρυχος
1445 4172 1541 4239 τῆς
1595 4168 1888 4248 fimum
1933 4173 2005 4238 εἷς
2055 4170 2148 4244 τὴν
2176 4174 2297 4231 καθ’

749 4254 970 4334 Ἡρώων
989 4254 1140 4314 πόλιν
1161 4254 1432 4317 θάλασσαν
1451 4261 1542 4316 τοῦ
1565 4255 1619 4318 Ἀ
1629 4256 1809 4337 ραὸίου
1832 4259 2027 4318 κόλπου
2042 4304 2060 4333 ,
2093 4258 2294 4327 πλάτος

745 4341 942 4424 ἔχουσα
985 4341 1177 4425 πήχεις
1229 4342 1294 4426 ρ’,
1351 4343 1509 4423 βάθος
1549 4343 1604 4405 δὲ
1645 4343 1778 4406 ὥστε
1823 4346 2117 4428 σύμμετρον
2165 4337 2297 4408 εἶναι

745 4430 1040 4514 mmm
1065 4429 1171 4504 mt-

829 4540 902 4581 ευ.
932 4517 1064 4580 Ὅτι
1083 4523 1138 4579 αἱ
1158 4519 1326 4580 πάλαι
1363 4519 1654 4601 Αἰγύπτιαι
1699 4523 1881 4597 Θῆὅαι
1904 4525 2181 4598 Διόσπολις
2204 4533 2295 4590 νῦν

745 4607 949 4688 μεγάλη
977 4610 1237 4670 καλεῖται.

823 4717 896 4757 21.
928 4693 1057 4757 Ὅτι
1080 4696 1313 4758 Πλάτων
1345 4699 1374 4755 ὅ
1411 4695 1578 4778 μέγας
1608 4695 1700 4757 σὺν
1742 4701 1953 4778 Εὔδοςῳ
1981 4704 2056 4786 τῷ
2083 4707 2291 4784 μαθητῇ

743 4787 944 4864 ἀπῆρεν
983 4787 1055 4854 εἷς
1081 4785 1178 4858 τὴν
1218 4783 1506 4865 Αἴγυπτον,
1537 4789 1689 4847 κάκεῖ
1727 4787 2020 4850 διετέλεσαν
2064 4791 2155 4864 έτη
2198 4793 2290 4871 ιγ’,

742 4879 1156 4956 γεωμετροῦντες
1183 4875 1272 4935 καὶ
1298 4875 1730 4954 ἄστρονομοῖἲντες
1757 4876 1846 4937 καὶ
1883 4877 2060 4949 ἅπλῶς
2080 4882 2289 4963 φιλοσο-

741 4967 952 5043 φοῦντες
995 4962 1115 5042 περὶ
1153 4961 1248 5031 τὰς
1274 4961 1464 5034 Θήὸας
1507 4960 1604 5032 τὰς
1637 4968 1728 5024 νῦν
1777 4965 2056 5026 Διόσπολιν
2105 4971 2294 5028 καλου·

741 5047 924 5121 μένας.

742 5229 827 5268 11.
854 5231 913 5285 p.
945 5230 1069 5284 791,
1111 5217 1178 5270 B.
1239 5215 1260 5286 ss
1298 5245 1374 5258 ·—
1413 5232 1496 5270 12.
1527 5233 1582 5288 p.
1607 5217 1730 5288 793.
1763 5222 1836 5275 A.
1881 5218 2098 5292 Μαρείᾳ]
2119 5221 2291 5294 Μαρίᾳ

735 5295 858 5350 cod.
898 5296 921 5367 {l
951 5322 1027 5338 --
1059 5295 1143 5351 13.
1174 5314 1230 5368 p.
1257 5303 1382 5369 794,
1411 5303 1476 5355 Β.
1515 5298 1536 5368 ΙΙ
1566 5327 1640 5339 —-
1669 5303 1754 5365 14.
1783 5318 1839 5372 p.
1865 5305 1986 5372 796.
2022 5318 2148 5373 797.
2190 5301 2288 5356 Κά-

741 5376 870 5445 τιον]
903 5375 1115 5427 Κάσσιον
1138 5375 1275 5430 cod:
1295 5379 1318 5448 ΙΙ
1346 5409 1420 5420 -
1451 5377 1531 5432 15.
1556 5374 1793 5448 Κάσσιον]
1818 5380 1997 5434 Κάσιον
2022 5381 2144 5437 eod.
2171 5381 2193 5453 ss
2219 5411 2288 5423 —

3844 524 3953 576 631

2481 657 2573 697 ια.
2603 639 2749 694 Urbs
2768 639 3087 696 Alexandria
3107 642 3162 696 in
3186 641 3477 698 Mareotide
3490 664 3507 710 ;
3532 643 3682 716 cujus
3706 662 3825 716 pars
3852 664 3963 719 sep-

2406 727 2737 784 tmtrionalis
2772 729 2939 795 mari,
2963 729 3201 784 australis
3237 749 3365 786 vero
3397 733 3575 786 Mareu
3599 732 3789 805 palude
3820 753 3964 790 com-

2404 814 2775 888 prehenditur.
2847 817 2951 871 Hic
2975 815 3119 871 lacus
3142 817 3249 872 Nili
3276 816 3427 872 fossis
3444 829 3497 873 et
3522 818 3859 876 incrementis
3880 839 3962 876 re-

2398 901 2588 974 pletur.

2476 993 2561 1046 13.
2635 989 2919 1048 Alexandri
2970 990 3261 1048 conditoris
3316 993 3572 1049 alveolum
3628 1015 3851 1052 aureum
3906 1000 3959 1052 in

2399 1079 2721 1135 Alexandria
2768 1080 2943 1152 rapuit
2982 1079 3291 1136 Ptolemaeus
3342 1095 3695 1154 cognomento
3731 1085 3923 1140 Cocces
3941 1128 3956 1149 ,

2398 1168 2490 1240 qui
2528 1165 2673 1222 idem
2695 1179 2747 1222 et
2772 1166 3087 1223 Subdititius
3112 1167 3491 1241 appellabatur,
3522 1189 3553 1225 e
3572 1172 3718 1244 Syria
3744 1191 3811 1227 eo
3834 1191 3958 1245 pro-

2398 1255 2585 1311 fectus.
2660 1259 2713 1310 Is
2737 1258 2842 1312 cito
2862 1255 3059 1312 excidit
3084 1256 3336 1330 imperio,
3362 1258 3495 1313 nihil
3519 1277 3582 1314 ex
3609 1262 3747 1315 ausis
3768 1262 3959 1316 utilita-

2400 1345 2465 1399 tis
2484 1345 2797 1418 percipiens.
2823 1344 3066 1400 Alveolus
3082 1342 3275 1400 deinde
3296 1346 3495 1400 vitreus
3512 1346 3631 1404 fuit.

2475 1440 2559 1500 14.
2590 1435 2895 1492 Ptolemaeus
2917 1447 3130 1508 octavus
3148 1475 3165 1503 ,
3192 1447 3545 1508 cognomento
3584 1439 3795 1494 Auletes
3811 1480 3827 1507 ,
3870 1458 3956 1494 ar-

2398 1531 2505 1576 tem
2552 1521 2695 1577 tibiis
2736 1521 2957 1576 canendi
2998 1523 3231 1577 exermit
3246 1561 3263 1590 ,
3305 1521 3438 1578 adeo
3486 1541 3549 1578 ea
3588 1523 3846 1596 glorians,
3894 1536 3957 1580 ut

2398 1626 2508 1662 non
2545 1609 2747 1681 pigeret
2785 1627 2907 1663 eum
2953 1626 3075 1664 cum
3107 1608 3411 1664 tibicinibus
3442 1608 3727 1666 decertare.
3800 1613 3959 1668 Hunc

2398 1694 2744 1751 Alexandrini
2810 1695 3097 1767 ejecerunt.
3173 1699 3353 1766 Quare
3410 1699 3634 1751 Romam
3690 1697 3958 1769 profectus

2397 1782 2657 1856 Pompejo
2682 1782 2901 1856 supplex
2934 1783 3059 1850 suit,
3098 1793 3256 1856 atque
3286 1782 3519 1838 reditum
3557 1780 3952 1854 est'assecutus,

2400 1887 2500 1925 nee
2539 1869 2706 1924 multo
2732 1880 2850 1942 post.
2885 1869 3073 1924 morbo
3106 1887 3137 1924 e
3164 1870 3269 1924 vita
3291 1869 3532 1927 decessit.
3607 1871 3866 1926 Successit
3902 1873 3953 1927 ei

2398 1957 2682 2030 Dionysius
2706 1955 2870 2024 filius3
2892 1955 3167 2030 Cleopatra
3184 1974 3311 2012 vero
3332 1956 3533 2014 Auletae
3548 1955 3655 2012 filia
3672 1958 3727 2012 iu
3752 1959 3957 2030 Syriam

2396 2043 2549 2116 fugit.
2624 2046 2829 2099 Interea
2852 2043 3133 2117 Pompejus
3151 2061 3369 2116 magnus
3396 2043 3642 2100 Pharsalo
3666 2044 3869 2117 fugiens
3885 2044 3957 2102 ad

2395 2135 2606 2189 Casium
2635 2143 2867 2188 montem
2894 2152 2956 2188 ac
2972 2132 3236 2188 Pelusium
3254 2133 3397 2190 veuit
3411 2173 3429 2201 ‚
3452 2133 3634 2207 ibique
3657 2151 3691 2189 a
3712 2135 3955 2208 Dionysii

2396 2218 2736 2275 familiaribus
2757 2218 2882 2275 dolo
2914 2221 3257 2276 obtruncatus
3278 2229 3377 2278 est.
3449 2221 3835 2294 Superveniens
3858 2240 3953 2276 au-

2397 2318 2501 2362 tem
2544 2309 2719 2363 Caesar
2757 2308 3071 2380 Dionysium
3102 2309 3395 2374 interemit,
3437 2317 3492 2363 et
3530 2307 3861 2381 Cleopatram
3886 2308 3955 2365 ab

2394 2396 2575 2452 exsilio
2606 2407 2900 2450 revocatam
2944 2396 3153 2469 AEgypti
3185 2396 3419 2467 reginam
3464 2397 3755 2452 constituit.
3827 2399 3957 2452 Post

2393 2499 2622 2554 pugnam
2667 2481 2735 2535 ad
2780 2480 3049 2554 Philippos
3086 2483 3351 2536 Antonius
3382 2484 3439 2537 in
3462 2483 3743 2555 AEgyptum
3782 2483 3955 2555 prol'e-

2394 2579 2510 2625 ctus
2558 2569 2887 2641 Cleopatram
2942 2567 3129 2635 duxit,
3154 2579 3313 2642 atque
3351 2587 3459 2624 una
3496 2587 3619 2624 cum
3657 2587 3719 2624 ea
3753 2569 3951 2625 bellum

2393 2657 2667 2712 Actiacum
2734 2655 2891 2726 gessit
2934 2653 3190 2728 fugitque.
3278 2657 3690 2728 Superveniente
3756 2655 3951 2711 deinde

2394 2746 2635 2815 Augusto
2656 2743 2816 2798 ambo
2840 2753 2968 2798 sunt
2991 2744 3186 2810 eversi,
3208 2754 3264 2799 et
3286 2744 3542 2817 AEgyptus
3568 2743 3667 2798 sub
3690 2745 3952 2800 Romano-

2392 2849 2514 2886 rum
2543 2831 2824 2904 imperium
2849 2842 2929 2886 est
2950 2830 3174 2886 redacta.

2473 2919 2560 2977 15.
2588 2920 2799 2974 Primus
2842 2919 3015 2974 Caesar
3047 2920 3188 2974 eirca
3224 2918 3529 2974 Pharsalum
3560 2918 3748 2974 urbem
3786 2922 3945 2975 Pom·

2396 3005 2575 3080 pejum
2599 3004 2821 3071 devicit,
2850 3004 3111 3061 secundus
3135 3015 3307 3060 autem
3334 3003 3489 3076 juxta
3525 3004 3792 3078 Philippos
3826 3007 3951 3060 vicit

2394 3093 2632 3146 Cassium
2652 3101 2707 3146 et
2726 3093 2971 3148 Brutum.

2471 3183 2555 3234 16.
2568 3179 2777 3250 Septem
2790 3176 2897 3232 Nili
2909 3177 3172 3232 ostiahoeo
3190 3186 3345 3233 sunt:
3364 3176 3807 3242 Heracleoticum,
3827 3178 3949 3235 Bol-

2393 3262 2623 3318 bitinum
2638 3303 2655 3329 ,
2682 3263 3085 3335 Sebennyticum
3101 3302 3115 3326 ‚
3159 3261 3511 3317 Phatniticum
3529 3303 3546 3328 ,
3572 3263 3905 3318 Mendesium
3924 3303 3943 3334 ‚

2390 3349 2691 3404 Taniticum
2705 3389 2722 3415 ,
2744 3347 3091 3404 Pelusiacum.

2393 3495 2407 3510 ·
2466 3445 2552 3499 17.
2581 3430 2729 3482 Inter
2753 3427 3021 3482 Pelusium
3048 3426 3234 3480 urbem
3260 3436 3311 3481 et
3348 3443 3611 3482 recessum
3640 3427 3813 3492 sinus.
3842 3430 3949 3506 qui·

2382 3509 2536 3570 Juxta
2575 3500 2814 3553 Heroum
2862 3498 3049 3552 urbem
3085 3507 3164 3550 est
3181 3536 3196 3560 ‚
3240 3495 3505 3551 desertum
3543 3507 3621 3551 est
3656 3498 3949 3554 stadiorum

2390 3569 2753 3714 ffiggssmtotum
2776 3569 2971 3624 sicmm
2988 3606 3005 3635 ,
3026 3567 3333 3622 animalibus
3354 3567 3525 3622 noxiis
3544 3578 3599 3623 et
3614 3568 3949 3642 serpentibus

2466 3742 2553 3795 18.
2579 3735 2981 3811 Momemphide
3006 3753 3151 3791 saera
3189 3753 3344 3791 vacca
3377 3735 3553 3805 alitur,
3592 3737 3944 3810 quemadmo-

2388 3847 2519 3905 dum
2540 3848 2845 3923 Memphide
2874 3850 3005 3923 Apis
3021 3890 3035 3914 ‚
3063 3847 3319 3921 Heliopoli
3340 3858 3516 3904 autem
3532 3850 3737 3904 Mnevis
3754 3849 3872 3905 bos.

2466 3981 2547 4033 19.
2584 3964 2739 4018 Circa
2760 3963 2972 4018 initium
2994 3963 3155 4037 ipsius
3174 3962 3325 4017 Delta
3349 3961 3610 4018 Bubastus
3634 3963 3761 4018 urbs
3786 3975 3865 4018 est
3888 3975 3942 4020 et

2386 4062 2647 4135 Memphis
2669 4072 2728 4117 et
2745 4060 3033 4135 Heliopolis
3056 4071 3111 4117 et
3130 4062 3339 4116 initium
3364 4061 3513 4116 fossae
3529 4100 3547 4129 ‚
3571 4079 3689 4134 quie
3714 4065 3771 4117 iu
3800 4081 3949 4122 mare

2386 4158 2534 4212 sinus
2577 4157 2795 4216 Arabici
2840 4155 3043 4224 tendit,
3089 4155 3235 4228 quod
3274 4155 3427 4228 juxta
3468 4157 3705 4212 Heroum
3749 4156 3935 4214 urbem

2378 4251 2541 4324 jacet.
2596 4251 2950 4308 Latitudinem
2988 4251 3125 4307 fossa
3148 4251 3308 4306 habet
3342 4251 3645 4306 cubitorum
3684 4263 3929 4319 centum,

2384 4349 2795 4424 profunditatem
2823 4369 2948 4406 vero
2982 4361 3173 4424 quanta
3206 4348 3501 4424 praegrandi
3537 4351 3657 4406 navi
3686 4354 3937 4407 oneraria

2384 4445 2509 4494 satis
2531 4440 2618 4496 sit.

2456 4543 2544 4581 20.
2583 4529 2716 4597 Quae
2732 4527 2857 4582 olim
2879 4527 3074 4583 Thebae
3094 4529 3347 4602 Egyptiae
3364 4569 3379 4594 ,
3412 4546 3556 4584 nunc
3580 4545 3765 4599 magna
3790 4529 3939 4582 Dios-

2384 4611 2517 4686 polis
2544 4626 2777 4670 vocatur.

2455 4719 2542 4760 αι.
2589 4705 2812 4774 Magnus
2848 4703 2933 4758 ille
2973 4705 3121 4760 Plato
3159 4720 3281 4758 cum
3322 4702 3548 4757 Eudoxo
3590 4701 3849 4774 discipulo
3877 4704 3932 4757 in

2383 4799 2665 4872 AEgyptum
2691 4798 2955 4871 profectus
2976 4812 3087 4867 est,
3116 4801 3171 4854 in
3202 4816 3305 4871 qua
3331 4817 3500 4853 annos
3532 4797 3784 4853 tredecim
3812 4816 3933 4853 ver-

2382 4889 2477 4942 sati
2506 4899 2645 4952 sunt,
2691 4890 2745 4942 in
2773 4891 3051 4960 geometria
3091 4898 3146 4942 ct
3179 4889 3499 4942 astronomia
3527 4896 3685 4959 atque
3711 4887 3931 4941 omuino

2380 4977 2435 5030 in
2459 4976 2784 5048 philosophia
2809 4995 2919 5031 sese
2944 4987 3237 5032 exercentes
3258 4981 3395 5030 circa
3412 4974 3619 5030 Thebas
3644 4992 3762 5048 quae
3784 4993 3930 5030 nunc

2387 5063 2649 5136 Diospolis
2676 5076 2907 5119 vocatur.

2386 5226 2473 5278 16.
2498 5238 2555 5294 p.
2586 5223 2711 5286 801,
2747 5225 2900 5279 ABG.
2935 5222 2958 5293 11
2996 5251 3069 5263 —-
3111 5238 3196 5291 17.
3225 5240 3280 5294 p.
3315 5222 3439 5286 803,
3472 5225 3572 5278 BC.
3601 5219 3723 5287 805,
3746 5225 3815 5278 Β.
3839 5218 3931 5274 πύ-

2381 5300 2538 5371 λεως]
2577 5301 2720 5366 πόλις
2750 5301 2868 5356 cod.
2919 5303 2941 5370 ΙΙ
2968 5333 3041 5345 —-
3068 5303 3153 5358 18.
3184 5301 3469 5374 Μομίμφιδι
3500 5300 3624 5358 cod.
3674 5301 3697 5372 1]
3728 5330 3801 5342 —-
3842 5314 3927 5368 19.

2380 5397 2436 5454 p.
2462 5380 2586 5448 805,
2614 5385 2684 5436 A.
2722 5382 2743 5451 ΙΙ
2776 5412 2847 5423 -
2872 5399 2961 5436 ao.
2986 5399 3041 5454 p.
3074 5380 3197 5446 805,
3225 5385 3291 5437 B.
3326 5383 3348 5453 fl
3391 5411 3462 5422 —
3502 5397 3591 5437 21.
3620 5397 3677 5452 p.
3717 5381 3842 5443 806,
3872 5377 3927 5432 s·-
