4584 6284
779 488 897 540 880

775 612 898 688 περὶ
923 608 1238 690 Ἀντιοχείας
1258 609 1350 669 καὶ
1372 613 1542 670 ταῦτα
1571 608 1779 688 λέγεται
1800 657 1817 690 ,
1839 607 1918 670 ὅτι
1935 609 2024 670 καὶ
2049 609 2341 676 Θεοῦπολις

773 697 968 778 ἤρξατο
994 701 1269 758 καλεῖσθαι
1293 698 1381 758 ἐπὶ
1403 698 1770 758 Ἰουστινιανοῦ
1787 745 1803 773 ,
1823 700 2032 779 ἀνεψιοῦ
2057 698 2338 760 Ἰουστίνου

773 790 864 846 τοῦ
883 785 1112 868 Θρᾳκός·
1147 784 1240 846 καὶ
1262 786 1345 845 ὅτι
1362 786 1486 866 περὶ
1513 786 1572 848 τὸ
1599 785 1816 848 Σίλπιον
1839 785 1952 868 ὄρος
1977 788 2148 848 κεῖται
2163 833 2179 861 ,
2203 787 2337 848 ὅπου

774 875 865 935 καὶ
891 874 1048 944 τόπος
1087 875 1227 934 ἔστὶν
1271 879 1308 946 ἡ
1337 873 1607 948 Ἰώπολις,
1658 873 1762 934 ἀπὸ
1789 875 1917 943 Ἰοῦς
1950 877 2336 947 τελευτησάσης

720 984 747 1023 ε
775 965 911 1036 ἐκεῖ,
937 962 1052 1036 ἥτις
1075 963 1170 1022 καὶ
1187 961 1325 1030 Ἶσις
1347 961 1561 1045 ὕστερον
1581 961 1774 1035 ἐκλήθη
1791 1008 1807 1037 ,
1833 967 1902 1031 ὡς
1923 964 2011 1023 καὶ
2042 967 2071 1023 ὁ
2092 963 2198 1031 υἱὸς
2223 966 2334 1023 αὐ-

771 1055 866 1122 τῆς
883 1049 1129 1134 Ἔπαφος
1167 1049 1344 1120 Ἆπις·
1374 1049 1467 1111 καὶ
1504 1049 1582 1110 ὅτι
1612 1051 1967 1132 τετραπόλεως
2003 1055 2162 1126 αὖτ’ἥς
2179 1051 2337 1126 οὔσης

770 1138 863 1200 καὶ
891 1139 1283 1220 τετειχισμένης
1313 1139 1478 1220 τείχει
1509 1143 1662 1222 κοινῷ
1681 1161 1738 1198 τε
1764 1141 1855 1199 καὶ
1884 1140 2000 1221 ἰδίῳ
2027 1141 2165 1201 κατὰ
2196 1141 2331 1201 ἕκα-

771 1251 895 1288 στον
917 1229 1154 1305 κτίσμα·
1189 1227 1249 1287 τὸ
1293 1226 1388 1305 μὲν
1416 1231 1618 1305 πρῶτον
1649 1225 1906 1298 Σέλευκος
1933 1233 1960 1289 ὁ
1993 1231 2335 1305 ἐπικαλούμε-

769 1337 853 1382 νος
881 1313 1134 1396 Νικάτωρ
1163 1314 1447 1395 συνῴκισεν
1465 1361 1483 1394 ,
1509 1316 1578 1383 εἰς
1605 1315 1660 1374 ὃν
1690 1316 1807 1374 τότε
1833 1315 2006 1389 τὸτῆς
2026 1315 2202 1384 Ἀσίας
2231 1343 2331 1378 πε·

697 1425 744 1462 ω
772 1401 1043 1484 ριελήλυθε
1071 1400 1291 1482 κράτος,
1319 1401 1378 1460 τὸ
1402 1400 1631 1482 δεύτερον
1653 1400 1707 1460 δὲ
1735 1404 1784 1462 οἱ
1804 1402 2065 1482 οἰκήτορες
2093 1403 2328 1477 ἔκτισαν,

769 1489 834 1550 τὸ
861 1488 918 1550 δὲ
941 1489 1114 1571 τρίτον
1138 1489 1392 1558 Σέλευκος
1416 1493 1445 1549 ὁ
1495 1489 1832 1563 Καλλίνικος,
1870 1490 1961 1550 καὶ
1987 1491 2046 1551 τὸ
2079 1491 2328 1573 τέταρτον

770 1581 800 1638 ὁ
823 1577 1122 1660 Ἐπιφανὴς
1145 1578 1422 1659 Ἀντίοχος.
1458 1578 1578 1639 Εἰσὶ
1613 1578 1668 1638 δὲ
1705 1577 2014 1662 Ἀντιόχειαι
2058 1581 2182 1661 περί
2225 1606 2329 1640 που

769 1665 866 1736 τὰς
919 1668 1003 1741 ιδ’,
1064 1669 1134 1736 ὡς
1190 1669 1239 1727 οἱ
1283 1670 1603 1748 ἱστοροῦντες
1648 1667 1950 1728 ἐκτίθενται·
1986 1667 2038 1732 ἐξ
2087 1660 2160 1728 ὧν
2192 1669 2327 1742 αὕτη

767 1761 804 1829 ’ἡ
837 1759 931 1829 τῆς
964 1755 1161 1828 Κοίλης
1190 1756 1386 1835 Συρίας
1421 1755 1794 1837 προκαθημένῃ
1825 1758 1884 1816 οὗ
1911 1755 2040 1816 πολὺ
2070 1758 2207 1817 κατὰ
2230 1758 2326 1819 τὸν

693 1861 740 1900 th
770 1844 1090 1926 Γεωγρᾶφον
1124 1844 1356 1904 ἐλείπετο
1384 1844 1596 1920 δυνάμει
1639 1844 1728 1904 καὶ
1766 1847 1970 1924 μεγέθει
2015 1848 2325 1915 Σελευκείας

765 1938 863 2006 τῆς
909 1935 994 1993 ἐπὶ
1039 1936 1116 2014 τῷ
1152 1936 1202 1994 Τ
1206 1933 1335 2015 ίγρει
1365 1932 1456 1992 καὶ
1499 1932 1888 2016 Ἀλεξανδρείας
1937 1939 2028 2006 τῆς
2061 1935 2185 2015 πρὸς
2224 1939 2324 1996 Αἶ-

764 2045 970 2104 γυπτῳ.

845 2131 946 2173 913.
994 2107 1128 2173 Ὅτι
1156 2109 1284 2191 πρὸς
1314 2110 1568 2178 ἀνατολὰς
1595 2115 1685 2184 τῆς
1713 2109 2000 2188 Ἀπαμείας
2026 2111 2321 2193 κατασύρε·

761 2223 854 2262 ται
885 2198 1038 2282 ὑγρὸς
1078 2197 1363 2282 Ὀρόντης,
1403 2198 1664 2274 ἄσπετος,
1703 2199 1756 2268 ὃς
1782 2202 1843 2260 ἐκ
1885 2200 2081 2274 Κοίλης
2131 2203 2327 2282 Συρίας

683 2317 736 2353 22⁰
762 2287 901 2370 ἔχων
931 2286 1025 2356 τὰς
1045 2287 1238 2368 ἀρχὰς,
1265 2287 1356 2348 καὶ
1385 2288 1488 2348 ὑπο
1513 2292 1610 2366 γῆν
1629 2289 1858 2369 ἐνεχθεὶς
1877 2334 1896 2366 ,
1927 2279 2038 2348 εἶτα
2067 2288 2128 2350 τὸ
2155 2293 2323 2371 ῥεῦμα

764 2376 987 2446 ἀναδοὺς
1025 2374 1117 2435 καὶ
1159 2374 1243 2433 st&
1270 2379 1364 2448 τῆς
1389 2374 1669 2454 Ἀπαμέων
1697 2379 1794 2454 γῆς
1819 2373 2082 2456 προελθὼν
2103 2379 2176 2444 εἰς
2203 2376 2324 2437 Ἂν-

759 2465 993 2547 τιόχειαν
1017 2464 1110 2524 καὶ
1134 2462 1436 2536 πλησιάσας
1455 2468 1520 2542 τῇ
1553 2465 1702 2526 πόλει
1729 2462 1894 2543 μέσην
1916 2464 2070 2543 ὁρίζει
2092 2462 2187 2536 τὴν
2215 2464 2329 2526 Ἀν-

755 2555 979 2635 τιοχέων
1007 2557 1133 2633 γῆν,
1167 2554 1267 2634 οὔχ
1298 2551 1379 2612 ὅτι
1408 2553 1574 2630 μέσην
1605 2551 1782 2629 τέμνει
1811 2551 1906 2624 τὴν
1934 2554 2106 2632 πόλιν,
2135 2556 2206 2620 ὡς
2229 2550 2326 2626 τὴν

757 2643 968 2725 Ταρσὸν
995 2647 1024 2702 ὁ
1058 2642 1284 2716 Κύδνος,
1309 2641 1432 2701 ἀλλ’
1453 2639 1532 2702 ὅτι
1561 2640 1628 2700 τὰ
1656 2644 1765 2702 ixei
1781 2641 2081 2722 παραρρέει.
2168 2641 2237 2702 ‘0
2268 2644 2324 2702 δὲ

676 2752 716 2789 :r
757 2733 803 2793 Γ
807 2731 1072 2812 εωγραίφος
1114 2730 1272 2812 φησὶν
1299 2729 1380 2789 ὅτι
1408 2729 1663 2809 Ὀρόντης
1691 2734 1744 2790 ἐν
1773 2728 1940 2811 Συρίᾳ
1975 2730 2205 2798 καταδὺς
2251 2732 2327 2800 εἷς

756 2823 816 2884 τὸ
837 2819 1030 2897 μεταξὺ
1053 2817 1341 2896 Ἀπαμείας
1368 2818 1459 2878 καὶ
1486 2819 1802 2899 Ἀντιοχείας
1819 2816 2032 2899 χάσμα,
2056 2817 2085 2878 ὃ
2106 2821 2327 2879 καλοῦσι

757 2907 1056 2988 Χάρυὸδιν,
1086 2906 1361 2967 ἀνατέλλει
1377 2906 1541 2966 ποίλιν
1569 2909 1622 2966 ἓν
1646 2905 2045 2986 τεσσαράκοντα
2075 2907 2326 2982 σταδίοις,

757 2997 850 3057 καὶ
871 2995 1226 3076 καταφέρεται
1251 2993 1381 3075 πρὸς
1408 2994 1677 3054 θάλασσαν
1697 2994 1794 3066 τὴν
1821 2993 1960 3054 κατὰ
1984 2993 2324 3071 Σελεύκειαν,

756 3083 952 3165 Τυφὼν
981 3083 1077 3160 μὲν
1109 3081 1430 3158 καλούμενος
1465 3082 1716 3162 πρότερον
1751 3083 1837 3140 διὰ
1863 3082 1952 3140 τὸν
1979 3080 2070 3141 ἐπὶ
2106 3086 2183 3158 τῷ
2213 3085 2265 3142 Τ
2265 3107 2327 3139 υ-

679 3202 732 3240 30
759 3175 892 3254 ‹pii'm
923 3175 1117 3248 μῦθον,
1159 3167 1215 3236 ὃς
1245 3170 1296 3227 ἕν
1338 3167 1531 3228 Ἰλιάδι
1569 3167 1897 3248 γέγραπται,
1925 3167 2239 3244 μεταὸαλῶν
2271 3169 2328 3226 δὲ

757 3259 852 3320 καὶ
881 3258 940 3318 τὸ
971 3263 1062 3317 τοῦ
1093 3255 1492 3337 γεφυρώσαντος
1522 3255 1680 3316 αὐτὸν
1711 3253 2024 3331 μεταλαὸὼν
2066 3253 2253 3332 ὄνομα,
2275 3255 2331 3324 ὃς

740 3347 1017 3428 ·’ορόντης
1042 3346 1278 3404 ἐκαλεῖτο
1291 3391 1308 3422 ,
1338 3335 1398 3403 οὗ
1422 3342 1565 3422 τάχα
1585 3343 1716 3424 πρὸς
1752 3341 2152 3414 ἄντιδιαστολῆν
2174 3341 2329 3422 ὑγρὸν

763 3435 1022 3515 Ὀρόντην
1050 3439 1078 3492 ὃ
1100 3432 1366 3499 Διονύσιος
1397 3431 1490 3492 τὸν
1514 3430 1751 3509 ποταμὸν
1780 3429 2139 3506 ἐπωνόμασεν,
2171 3427 2208 3500 ἢ
2237 3427 2331 3489 καὶ

766 3525 938 3591 ἄλλως
967 3522 1347 3602 ἁπλούστερον,
1374 3525 1444 3589 ὥς
1464 3520 1557 3581 καὶ
1575 3519 1665 3580 τὸν
1691 3521 1743 3580 ἐν
1766 3519 2149 3600 Πελοποννήσῳ
2168 3543 2332 3580 ποτα-

685 3643 738 3684 π,
769 3613 868 3691 μὸν
891 3611 1067 3672 Ἰιίονα
1095 3608 1247 3690 ὑγρὸν
1267 3599 1430 3670 εἶπεν.
1510 3603 1690 3670 Ἄλλοι
1717 3607 1776 3668 δέ
1797 3630 1950 3688 φασιν
1967 3607 2046 3666 ὅτι
2065 3610 2092 3666 ὁ
2117 3609 2329 3688 Καῖσαρ

766 3699 1011 3780 Τιῆέριος
1039 3701 1100 3759 ἐκ
1124 3698 1416 3780 Δράκοντος
1454 3695 1609 3756 αὐτὸν
1632 3694 1889 3777 Ὀρόντην
1919 3694 2285 3774 μετωνόμασεν
2306 3739 2325 3772 ,

764 3789 796 3850 δ
823 3787 1068 3868 σημαίνει
1100 3784 1400 3862 Ῥωμαϊστὶ
1427 3785 1514 3846 τὸν
1545 3783 1872 3845 ἀνατολικόν.

846 3899 948 3938 οτι.
972 3874 1103 3936 Ὀτι
1129 3884 1278 3934 πᾶσα
1309 3878 1344 3945 ἡ
1371 3873 1492 3954 περὶ
1517 3871 1836 3953 Ἀντιόχειαν
1867 3868 2018 3952 χώρα
2046 3871 2246 3948 λιπαρά
2270 3893 2325 3930 τε

763 3965 857 4026 καὶ
888 3963 1130 4036 εὕὸοτος,
1159 3963 1248 4024 καὶ
1285 3961 1458 4039 ἀγαθὴ
1488 3965 1633 4042 μῆλα
1680 3961 1885 4044 τρέφειν
1905 4007 1922 4036 ,
1954 3957 2046 4019 καὶ
2094 3959 2325 4039 δένδρεσι

681 4079 734 4119 ςιι
761 4051 966 4133 καρπὸν
997 4051 1168 4120 αὔξειν
1189 4074 1205 4089 ·
1235 4048 1560 4130 μητρόπολις
1581 4050 1637 4109 δὲ
1669 4040 1732 4122 ἦν
1759 4047 1892 4120 αὕτη
1907 4046 2132 4160 Συρίας,
2151 4045 2243 4106 καὶ
2269 4048 2325 4105 ἐν

760 4142 894 4222 αὐτῇ
941 4139 1003 4199 τὸ
1053 4139 1319 4219 βασίλειον
1358 4129 1425 4210 ἦν
1479 4139 1586 4204 τοῖς
1636 4136 1907 4215 ἄρχουσιν.
2017 4137 2098 4195 Ην
2143 4133 2199 4192 δὲ
2229 4132 2321 4192 καὶ

761 4229 892 4300 αὐτὴ
932 4231 1028 4301 τῆς
1069 4227 1382 4293 Σελευκίδος
1433 4223 1642 4304 μοίρας.
1727 4222 1920 4283 ’Ῑστίον
1965 4221 2020 4282 δὲ
2065 4217 2146 4280 ὅτι
2174 4219 2320 4299 μερίς

759 4317 872 4375 ἔστι
903 4315 1098 4397 Συρίας
1125 4313 1314 4397 ἀρίστη
1339 4317 1375 4385 ἡ
1417 4312 1675 4392 λεγομένη
1716 4311 1966 4376 Σελευκίς
2004 4312 2096 4368 καὶ
2121 4310 2317 4369 καλου-

762 4403 896 4480 μένη
921 4404 1280 4484 Τετράπολις,
1314 4401 1404 4463 διὰ
1438 4401 1533 4468 τὰς
1561 4403 1614 4460 ἐν
1655 4403 1787 4478 αὐτῇ
1817 4395 2092 4478 ἐξεχούσας
2124 4397 2317 4456 τέσσα-

2150 487 2567 550 ΕΠὸΤΑΤΗΠ

2424 613 2677 668 Praeterea
2704 632 2827 668 vero
2854 616 2923 670 de
2946 616 3225 672 Antiochia
3245 618 3472 674 traditur
3490 637 3605 674 eam
3630 622 3785 676 etiam
3806 623 3977 678 Theo·

2422 699 2587 771 polim
2618 704 2789 756 vocari
2815 714 3041 776 emptam
3079 704 3179 759 sub
3218 707 3249 759 J
3256 705 3522 761 ustiniano
3538 746 3554 772 ,
3581 709 3777 764 Justini
3814 711 3979 764 ‘nnm-

2422 787 2497 840 cis
2533 787 2881 855 consobrino;
2922 809 3145 863 eamque
3192 792 3263 847 ad
3296 793 3519 867 Silpiam
3564 807 3797 851 montem
3828 799 3979 854 sitam

2422 891 2551 940 ase,
2582 874 2679 929 ubi
2704 887 2757 930 et
2774 876 2920 931 locus
2944 889 3025 932 est
3058 878 3283 952 Iopolis,
3315 881 3383 935 ab
3408 883 3541 937 Ione
3575 883 3648 937 ibi
3669 883 3974 949 demortua,

2422 980 2539 1034 quae
2566 975 2620 1019 et
2648 967 2744 1019 Isis
2786 976 2969 1038 postea
2995 978 3179 1023 vocata
3205 968 3336 1034 fuit,
3368 979 3431 1024 ut
3466 981 3522 1025 et
3556 972 3805 1044 Epaphus
3842 972 3977 1028 filius

2420 1049 2533 1122 ejus
2572 1054 2729 1124 Apis;
2768 1071 3041 1128 quumque
3070 1073 3133 1110 ea
3174 1054 3509 1129 quadruplici
3532 1057 3663 1113 urbe
3694 1071 3973 1126 constaret,

2421 1157 2683 1212 muroque
2706 1153 2822 1197 tum
2844 1145 3137 1207 communi,
3164 1155 3277 1200 tum
3304 1146 3465 1200 etiam
3511 1147 3833 1219 singularum
3864 1149 3975 1203 illa-

2420 1249 2540 1284 rum
2564 1230 2778 1286 urbium
2804 1234 3027 1304 proprio
3050 1234 3371 1300 muniretur,
3396 1235 3626 1306 primam
3651 1236 3864 1308 quidem
3892 1255 3982 1291 ur-

2420 1318 2541 1372 bem
2566 1318 2838 1374 Seleucum
2864 1321 3167 1374 Nicatorem
3195 1320 3496 1376 condidisse
3531 1332 3691 1394 atque
3714 1323 3975 1379 habitato-

2418 1405 2568 1460 ribus
2592 1405 2963 1478 frequentasse,
2993 1406 3061 1460 ad
3084 1425 3241 1479 quem
3267 1409 3403 1464 Asiae
3427 1418 3541 1463 tum
3568 1410 3845 1480 imperium
3862 1428 3977 1482 per·

2420 1505 2661 1561 venerat3
2708 1495 2925 1550 alteram
2969 1515 3093 1550 vero
3134 1495 3432 1568 oppidanos
3476 1497 3619 1569 ipsos
3665 1496 3975 1561 edificasse,

2417 1583 2626 1637 tertiam
2668 1584 2944 1639 Seleucum
2987 1585 3318 1650 Callinicum,
3370 1596 3617 1658 quartam
3653 1586 3981 1641 Antiochum

2416 1671 2761 1744 Epiphanem.
2849 1677 2985 1730 Sunt
3017 1685 3195 1730 autem
3224 1675 3515 1730 Antiochiae
3541 1673 3649 1728 sere
3674 1686 3905 1747 quatuor
3928 1687 3981 1729 et

2414 1758 2620 1827 decem,
2658 1771 2720 1816 ut
2743 1763 2796 1815 in
2824 1762 3057 1817 historiis
3099 1763 3289 1816 versati
3330 1771 3629 1833 exponunt.
3682 1763 3763 1814 De
3786 1761 3981 1833 quibus

2415 1864 2540 1902 sane
2589 1848 2881 1904 Antiochiis
2929 1850 3041 1903 haec
3078 1866 3196 1922 quae
3243 1848 3399 1902 eoelae
3432 1849 3594 1920 Syriae
3628 1847 3975 1920 praesidebat,

2416 1935 2617 1991 viribus
2640 1946 2697 1992 et
2720 1937 3083 2009 magnitudine
3108 1956 3219 1992 non
3249 1937 3474 1992 multum
3502 1935 3721 1990 inferior
3748 1936 3971 1992 habeba·

2415 2035 2502 2079 tur
2524 2025 2755 2082 Seleucia
2778 2027 2862 2083 illa
2883 2026 2951 2082 ad
2977 2028 3179 2099 Tigrim
3200 2036 3254 2080 et
3281 2025 3607 2082 Alexandria
3628 2027 3855 2098 Egypti.

2492 2134 2619 2189 919.
2639 2113 2725 2173 Ad
2744 2116 3001 2170 orientem
3021 2123 3266 2189 Apameae
3278 2113 3544 2169 delabitur
3558 2113 3789 2185 liquidus
3806 2117 3953 2170 Oron

2412 2213 2517 2267 tes,
2559 2199 2746 2270 ingens
2787 2195 3002 2259 fluvius,
3032 2196 3127 2267 qui
3154 2214 3222 2250 ex
3256 2194 3399 2250 Coele
3430 2195 3579 2267 Syria
3610 2205 3755 2248 ortus
3782 2205 3837 2248 et
3876 2195 3975 2250 suh

2414 2293 2609 2336 terram
2632 2277 2860 2343 delatus,
2902 2275 3096 2332 deinde
3120 2275 3323 2330 fluento
3348 2292 3447 2330 suo
3473 2291 3756 2347 erumpens
3792 2285 3847 2329 ct
3880 2293 3973 2348 per

2420 2359 2793 2433 Apamensium
2831 2374 2985 2428 agros
3026 2353 3095 2410 ad
3137 2354 3473 2410 Antiochiam
3510 2371 3815 2427 progressus
3828 2395 3844 2419 ,
3882 2373 3973 2409 ur·

2414 2441 2573 2512 bique
2628 2456 2657 2491 a
2730 2436 3083 2509 ropinquans,
3144 2433 3601 2490 Antioc-hiensium
3648 2435 3975 2489 territorium

2415 2509 2647 2564 medium
2660 2455 2891 2572 ζει-ἰωὴ,
2920 2525 3030 2560 non
3055 2503 3201 2577 quod
3223 2505 3413 2558 urbem
3436 2506 3604 2576 ipsam
3629 2503 3857 2558 mediam
3886 2504 3967 2559 di·

2414 2589 2554 2644 vidat
2571 2628 2585 2654 ,
2620 2599 2680 2641 ut
2710 2587 2933 2642 Tarsum
2958 2583 3175 2657 Cydnus
3192 2623 3207 2649 ,
3229 2583 3321 2638 sed
3346 2582 3491 2656 quod
3512 2583 3624 2638 loca
3645 2582 3731 2636 illa
3755 2595 3971 2655 prater-

2414 2669 2562 2722 ssuat.
2638 2663 2981 2736 Geographus
3000 2667 3091 2736 (p.
3124 2665 3265 2734 750)
3289 2663 3414 2717 item
3432 2662 3615 2716 scribit
3640 2664 3895 2716 Orontem
3918 2663 3977 2717 in

2412 2747 2581 2818 Syria,
2598 2755 2935 2818 posteaquam
2950 2759 3065 2796 sene
3082 2743 3138 2795 in
3154 2741 3451 2811 voraginem
3470 2739 3675 2794 abdidit
3689 2780 3704 2806 ,
3726 2742 3881 2794 sitam
3896 2743 3975 2796 in·

2414 2839 2495 2881 ter
2518 2828 2792 2898 Apameam
2818 2834 2871 2877 et
2891 2821 3245 2886 Antiochiam,
3261 2838 3423 2893 quam
3442 2819 3745 2892 Charybdin
3764 2833 3971 2888 vocant,

2414 2906 2539 2961 inde
2580 2921 2761 2960 rursus
2796 2919 3061 2971 emergere
3087 2902 3226 2954 intra
3266 2899 3435 2954 stadia
3458 2898 3805 2972 quadraginta
3823 2940 3840 2965 ,
3880 2901 3971 2956 de.

2416 2981 2647 3052 ferrique
2670 2981 2725 3032 in
2754 2995 2896 3032 mare
2920 2973 3065 3046 quod
3090 2985 3171 3027 est
3190 2973 3259 3028 ad
3284 2974 3604 3038 Seleuciam3
3632 2985 3687 3028 et
3710 2991 3835 3028 eum
3856 2979 3972 3048 qui-

2416 3055 2535 3110 dem
2560 3071 2771 3108 amnem
2792 3050 3097 3122 Typhonem
3116 3050 3265 3122 prius
3286 3057 3527 3102 vocatum
3546 3087 3562 3112 ,
3590 3059 3805 3122 propter
3823 3049 3968 3104 fabu-

2416 3129 2518 3184 lam
2548 3129 2688 3182 illam
2715 3125 2783 3180 de
2814 3124 3101 3196 Typhone,
3142 3141 3259 3194 quae
3296 3122 3583 3194 perscripta
3623 3134 3701 3177 est
3726 3124 3783 3176 in
3810 3124 3971 3180 Iliade

2418 3205 2509 3274 (β,
2534 3223 2599 3277 p.
2629 3200 2765 3273 346)
2788 3242 2799 3262 ,
2830 3197 2921 3253 scd
2952 3217 3143 3252 nomen
3175 3208 3355 3270 postm
3383 3207 3728 3252 commutasse
3750 3216 3966 3253 nomen·

2417 3297 2520 3350 que
2537 3277 2651 3349 ejus
2670 3275 3003 3346 assumpsisse
3019 3314 3034 3340 ,
3055 3275 3148 3344 qui
3174 3283 3388 3346 pontem
3408 3272 3570 3326 fluvio
3594 3272 3859 3344 imposuit,
3879 3277 3971 3347 qui

2416 3353 2631 3418 quidem
2657 3353 2881 3407 Orontes
2906 3348 3209 3403 vocabatur.
3284 3349 3458 3418 Atque
3479 3345 3547 3400 ad
3572 3343 3727 3419 hujus
3754 3346 3969 3403 fortasse

2416 3426 2766 3482 differentiam
2824 3424 3047 3478 fluvium
3116 3423 3291 3494 ipsum
3362 3421 3645 3492 Dionysius
3711 3420 3967 3492 liquidum

2417 3505 2671 3558 Orontem
2699 3501 3059 3574 cognominat3
3085 3509 3176 3553 aut
3200 3499 3357 3552 etiam
3389 3496 3674 3570 simplicius
3706 3495 3971 3568 liquidum

2416 3577 2547 3634 dicit
2584 3580 2779 3652 pariter
2832 3587 2989 3648 atque
3032 3577 3248 3630 Inonem
3266 3614 3283 3641 ,
3331 3572 3551 3626 fluvium
3603 3571 3964 3644 Peloponnesi.

2416 3654 2519 3710 Alii
2558 3666 2733 3709 tamen
2778 3654 2925 3707 aiunt
2968 3650 3240 3705 Tiberium
3283 3649 3540 3702 Casan-em
3580 3665 3701 3702 eum
3746 3645 3964 3703 fluvium

2416 3733 2733 3786 Dracontem
2747 3729 2946 3783 dictum
2966 3724 3405 3779 transnominasse
3420 3723 3697 3784 Orontem,
3712 3719 3859 3793 quod
3880 3741 3968 3777 ro-

2414 3825 2568 3861 mana
2593 3806 2769 3877 lingua
2803 3801 3104 3857 orientalem
3131 3797 3407 3870 significat.

2482 3898 2607 3951 92¹·
2644 3881 2899 3935 Universa
2925 3874 3255 3933 Antiochena
3280 3873 3427 3943 regio
3467 3881 3521 3926 et
3547 3871 3755 3943 pinguis
3782 3881 3837 3926 et
3872 3889 3967 3944 pa-

2409 3973 2533 4010 scua
2597 3964 2704 4018 eat,
2760 3951 3053 4020 idoneaque
3096 3945 3165 4002 ad
3223 3963 3347 4000 ovoe
3401 3946 3611 4000 alendas
3660 3945 3965 4017 fructusque

2409 4029 2686 4084 arboribus
2743 4023 3028 4096 augendos.
3101 4019 3411 4094 Metropolis
3470 4031 3647 4074 auoem
3694 4019 3807 4075 haec
3854 4033 3963 4074 erat

2408 4105 2600 4178 Syriae3
2632 4103 2825 4173 quique
2850 4099 3011 4170 Syn’ae
3054 4095 3411 4169 imperabant,
3438 4096 3633 4166 regiam
3673 4094 3774 4147 sibi
3820 4095 3875 4147 in
3904 4113 3963 4150 ea

2406 4178 2800 4233 constituerant.
2874 4174 2999 4228 Fuit
3020 4173 3131 4245 ipsa
3147 4187 3361 4242 quoque
3377 4167 3661 4224 Seleucidis
3681 4169 3961 4240 portionis.

2404 4254 2511 4309 Ubi
2539 4251 2808 4308 sciendum
2835 4260 3041 4323 partem
3063 4248 3314 4321 optimam
3342 4247 3501 4320 Syriae
3527 4263 3639 4300 oese
3663 4263 3779 4298 eam
3806 4261 3965 4316 quam

2404 4328 2640 4384 Seleucin
2672 4336 2888 4390 vocant,
2936 4322 3263 4394 eandemque
3306 4320 3612 4393 Tetrapolin
3658 4319 3965 4392 appellatam

2402 4415 2620 4478 propter
2666 4413 2894 4475 quatuor
2934 4402 2989 4454 in
3034 4416 3095 4452 m
3142 4397 3300 4450 urbes
3336 4397 3627 4468 praecipuas
3650 4412 3771 4466 quae
3814 4404 3964 4448 erant

769 4527 3958 4566 .-..-...-...———---——--—-—-——-—-—-————————-—--·--

757 4627 844 4701 Bi]
874 4628 957 4683 καὶ
978 4627 1034 4681 d.
1067 4629 1088 4696 ΙΙ
1127 4657 1199 4670 --
1224 4644 1275 4683 2.
1307 4624 1386 4680 ἐπὶ
1415 4623 1567 4694 cry-l,
1597 4583 1862 4686 &thecua
1905 4619 2122 4692 θρᾳκδς]
2156 4619 2316 4690 χάρα·
2406 4621 2494 4672 28.
2526 4616 2881 4686 καταγράφεται
2903 4613 2958 4668 d.
2998 4613 3020 4681 ΙΙ
3062 4640 3136 4652 —-
3173 4626 3264 4679 29.
3294 4607 3382 4680 μὲν
3428 4625 3537 4660 om.
3565 4605 3640 4670 d,·
3669 4603 3960 4676 μεταὸαλὼν

757 4727 845 4770 κος
867 4706 924 4771 d,
952 4707 1130 4778 πατρὸς
1153 4711 1213 4763 L.
1239 4707 1424 4776 11-4.
1465 4701 1705 4764 ’Ῑοῦπολις
1727 4707 1785 4765 L,
1817 4699 2027 4762 ’ίόπολις
2053 4707 2199 4764 cett.;
2228 4701 2317 4764 τῆς
2402 4695 2455 4753 d.
2499 4699 2520 4766 ΙΙ
2550 4725 2623 4738 -·
2646 4695 2735 4750 33.
2780 4692 2865 4748 τὸν
2907 4710 3018 4747 om.
3061 4693 3129 4753 C,·
3166 4688 3250 4743 καὶ
3286 4705 3376 4742 om
3396 4705 3446 4755 γ.
3484 4687 3507 4757 ss
3538 4714 3610 4728 -·
3644 4685 3731 4740 35.
3780 4685 3810 4738 ὃ
3832 4683 3955 4737 add.

754 4797 881 4840 ante
911 4784 1034 4848 Ἰοῦς
1062 4803 1156 4840 om
1197 4789 1329 4856 CYJ.
1359 4785 1384 4855 ΙΙ
1412 4813 1484 4825 -
1510 4782 1562 4838 5.
1591 4782 1621 4835 ὁ
1647 4799 1757 4837 om.
1783 4777 2068 4837 DKMYd.
2103 4778 2126 4849 ss
2154 4807 2226 4820 —-
2255 4794 2308 4846 7.
2408 4783 2499 4849 Ly.
2558 4777 2581 4846 ss
2624 4806 2698 4818 —-
2736 4775 2824 4828 36.
2856 4765 3125 4843 Ὀρρόντην
3171 4770 3302 4831 ΜΥ,
3338 4784 3447 4821 om.
3492 4769 3645 4822 DL7·.
3696 4765 3779 4816 De
3802 4781 3861 4817 re
3888 4761 3959 4817 cf.

754 4864 882 4920 κατὰ
919 4865 980 4920 τὸ
1002 4865 1056 4920 ἐκ
1085 4869 1204 4921 DL.
1240 4867 1262 4935 ΙΙ
1287 4894 1361 4906 -
1383 4883 1436 4935 9.
1461 4863 1738 4936 συνῴκησεν
1757 4859 1814 4915 d.
1895 4888 1970 4902 —
2007 4876 2092 4914 ιο.
2122 4856 2176 4912 δὲ
2199 4875 2311 4911 om.

757 4947 830 5008 C,·
853 4943 902 4997 οί
921 4962 1032 4998 om.
1067 4941 1141 5007 d,·
1168 4944 1226 4997 τὶ)
1253 4942 1414 5014 τρίτον
1436 4941 1490 4996 δὲ
1509 4939 1565 4994 d.
1602 4942 1624 5011 ΙΙ
1659 4971 1730 4982 -
1765 4956 1850 4993 12.
1877 4938 1930 4993 δὲ
1954 4938 2036 4991 καὶ
2065 4935 2194 4993 ’Arm
2245 4941 2311 4999 C,-

749 5042 848 5078 που
867 5042 979 5080 om.
1001 5022 1204 5094 (1.11-
1227 5024 1310 5077 13.
1331 5023 1381 5077 ol
1403 5039 1511 5078 om.
1535 5019 1642 5077 Kd.
1661 5021 1684 5092 n
1702 5049 1775 5062 —
1797 5023 1881 5076 16.
1901 5024 1972 5091 τῷ
1992 5035 2102 5072 om.
2132 5023 2208 5080 L,·
2231 5017 2313 5070 Τί-

749 5105 973 5174 γριΚι,
999 5103 1192 5176 Τίγριδι
1217 5107 1381 5175 oxy,-
1407 5099 1648 5169 Αἰγύπτου
1670 5098 1727 5154 d.
1755 5101 1777 5170 11
1812 5127 1887 5140 -
1909 5100 1994 5153 18.
2023 5095 2310 5168 Ἀπαμείας]

757 5179 1057 5252 Ἀντιοχείας
1082 5186 1153 5237 Μ.
1194 5183 1310 5253 11-
1341 5199 1426 5253 ¹9·
1472 5178 1734 5252 Ὀρρόντης
1769 5176 1990 5244 Πῦἵάγ
2019 5187 2075 5230 et
2095 5176 2170 5229 sic
2193 5193 2311 5247 pas·

750 5261 850 5314 sim
877 5262 933 5314 in
961 5281 1081 5333 sqq.
1117 5263 1140 5332 ΙΙ
1171 5293 1246 5304 -·
1268 5279 1355 5316 21.
1387 5262 1643 5333 προελθὼν
1676 5277 1784 5313 om.
1809 5258 1864 5313 d.
1901 5260 1924 5329 ΙΙ
1949 5259 2130 5313 -23,
2161 5259 2311 5330 μέσον

747 5338 814 5401 d,-
860 5340 946 5392 τὸν
1000 5341 1195 5411 Ταρσὸν
1239 5345 1292 5395 C.
1329 5344 1350 5412 ΙΙ
1381 5371 1452 5383 --
1483 5357 1573 5410 27.
1613 5339 1663 5393 ἔν
1710 5339 1866 5410 Clmy,
1899 5335 1977 5392 ἐπὶ
2017 5347 2142 5393 cett.
2178 5338 2201 5408 ss
2236 5367 2311 5378 —

2401 4855 2613 4910 Malalas
2640 4873 2692 4925 p.
2736 4853 2838 4917 234
2874 4849 2960 4904 ed.
2986 4851 3156 4904 Bonn.
3192 4863 3208 4901 :
3247 4843 3307 4898 Ὅ
3334 4843 3479 4906 αὖτδς
3507 4842 3721 4915 Τιὸέριος
3744 4841 3829 4894 καὶ
3872 4841 3957 4896 τὀν

2402 4935 2623 5006 ποταμὸν
2648 4937 2736 4999 τῆς
2768 4931 2955 4994 πόλεως
2987 4929 3073 4982 τὸν
3099 4928 3269 5000 πρῴην
3290 4923 3567 4994 λεγόμενον
3588 4922 3839 4994 Δράκοντα
3876 4941 3963 4992 με·

2400 5016 2660 5070 τεκάλεσεν
2688 5012 2923 5084 Ὀρόντην
2946 5011 3011 5082 τῇ
3036 5007 3265 5080 ῥωμαῖκῇ
3288 5005 3415 5059 uffa
3432 5043 3449 5071 ‚
3480 5004 3601 5074 ὅπερ
3644 5000 3959 5074 ίρμηνεῦεται

2401 5094 2707 5156 ἀνατολικός.
2726 5090 2921 5146 Eadem
2944 5086 3123 5160 prodit
3142 5084 3379 5140 Isidorus
3394 5082 3580 5153 origg.
3606 5081 3685 5139 13.
3713 5097 3802 5135 21.
3840 5082 3863 5151 ΙΙ
3884 5110 3959 5124 -

2402 5178 2489 5232 38.
2518 5175 2680 5243 inom-
2708 5171 2766 5229 d.
2798 5173 2917 5242 11-
2937 5173 3024 5232 ho.
3056 5167 3177 5234 αὕτη
3205 5161 3266 5234 ἦν
3290 5163 3360 5228 d‚·
3394 5162 3616 5234 Ἀσυρίας
3644 5164 3794 5218 CDL.
3836 5161 3859 5232 ΙΙ
3886 5191 3956 5202 -

2400 5261 2489 5320 [μ.
2518 5250 2579 5322 ἦν
2619 5271 2729 5309 om.
2753 5251 2823 5315 d,-
2854 5246 2975 5316 αὗτὴ
3002 5253 3115 5318 ἀγ,
3141 5246 3259 5300 αὖτδ
3282 5255 3404 5300 cett.
3452 5245 3475 5314 ΙΙ
3516 5271 3589 5284 —-
3612 5245 3700 5307 4²·
3742 5240 3827 5313 δὲ]
3859 5238 3957 5314 γὰρ
