4584 6284
660 470 775 521 558

656 595 942 666 θηκοῦσσαι
975 587 1376 669 ἀποσπάσματα
1402 594 1496 663 τῆς
1530 590 1750 671 ἠπείρου
1776 590 1869 651 καὶ
1898 595 1953 651 αἱ
1986 592 2221 672 Καπρίαι

654 681 743 741 καὶ
789 684 825 753 ἡ
875 675 1156 741 Λευκωσία
1196 678 1290 739 καὶ
1336 669 1722 759 Σειρηνοῦσσαι
1761 678 1852 737 καὶ
1883 679 2216 759 Οἰνιιηρίδες.

654 771 727 830 At
754 767 809 827 δὲ
835 768 927 827 καὶ
955 768 1018 826 ἐκ
1042 769 1135 827 τοῦ
1159 764 1420 845 πελάγους
1442 766 1720 840 ἀνέδυσαν,
1749 766 1990 848 καθάπερ
2017 767 2109 827 καὶ
2132 774 2220 828 νῦν

654 859 927 937 πολλαχοῦ
964 852 1274 935 συμὸαίνει·
1294 853 1391 922 τὰς
1436 852 1534 931 μὶν
1566 853 1671 933 γὰρ
1700 854 1952 933 πελαγίας
1977 856 2040 914 ἐκ
2066 858 2221 937 βυθοῦ

655 944 854 1022 μᾶλλον
885 945 1230 1025 ἀνενεχθῆναι
1265 941 1502 1017 πιθανὸν,
1528 941 1622 1010 τὰς
1658 941 1714 1001 δὲ
1740 940 2089 1023 προκειμένας
2119 948 2221 1004 τῶν

656 1030 994 1115 ἀκρωτηρίων
1021 1030 1117 1091 καὶ
1159 1033 1383 1111 πορθμῷ
1427 1030 1780 1113 διειργομένας
1806 1032 2036 1092 ἐντεῦθεν
2066 1034 2253 1113 ἀπερ-·

658 1120 879 1203 ρωγέναι
913 1122 1083 1181 δοκεῖν
1112 1118 1486 1200 εὐλογώτερον.
1571 1116 1643 1179 Ἥ
1678 1116 1731 1177 δέ
1767 1118 2109 1200 Λευκοπέτρα
2132 1143 2225 1179 νο-

656 1210 880 1292 τιωτέρα
905 1210 1018 1271 ἐστὶ
1043 1214 1141 1270 τοῦ
1166 1206 1417 1287 Ῥηγίου,
1433 1204 1525 1268 καὶ
1548 1205 1625 1265 ἔτι
1654 1205 1711 1265 τὸ
1733 1203 2041 1286 Ἡράκλειον
2066 1207 2228 1288 πέρας

656 1301 845 1361 νότιον·
876 1297 969 1357 καὶ
998 1300 1093 1357 ἀπ’
1123 1299 1281 1356 αὐτοῦ
1323 1294 1455 1372 πρὸς
1496 1292 1752 1362 ἀνατολὰς
1802 1294 2121 1377 βορειότερον
2164 1294 2227 1355 τὸ

660 1386 915 1470 Ζεφύριον
945 1384 1105 1466 ἀκρον
1142 1384 1235 1443 καὶ
1266 1386 1313 1443 οἱ
1344 1382 1701 1463 Ἐπιζεφύριοι
1742 1382 1940 1465 Λοκροὶ
1956 1428 1975 1461 ,
2019 1382 2227 1445 ἄποικοι

660 1480 767 1539 τῶν
805 1474 935 1556 πρὸς
977 1476 1055 1555 τῷ
1105 1472 1349 1553 Κρισαίῳ
1392 1472 1575 1554 κόλπῳ
1624 1476 1863 1554 Λοκρῶν.
1946 1470 2062 1534 Καί
2099 1474 2228 1533 εἰσιν

663 1564 771 1625 ἀπὸ
789 1561 1011 1643 Ῥηγίου
1038 1559 1241 1630 πόλεως
1270 1556 1431 1642 μέχρι
1456 1562 1673 1641 Λοκρῶν
1698 1561 1897 1631 πόλεως
1921 1560 2123 1621 στάδιοι
2149 1556 2225 1641 χ’.

664 1655 865 1734 πρῶτοι
889 1648 947 1711 δὲ
973 1647 1171 1731 Λοκροὶ
1212 1639 1354 1708 οὗτοι
1392 1646 1567 1726 νόμοις
1601 1648 1909 1731 ἐγγράπτοις
1935 1648 2229 1731 ἐχρήσαντο

664 1742 757 1805 καὶ
780 1738 1144 1817 εὖνομῆθησαν
1168 1735 1259 1813 ἔτη
1288 1736 1481 1799 πολλά.
1540 1738 1647 1800 Καὶ
1669 1743 1938 1809 Διονύσιος
1952 1786 1971 1819 ,
1996 1738 2227 1801 ἐκπεσὼν

665 1827 912 1899 Σικελίας
925 1871 943 1902 ,
965 1824 1286 1905 ἀνομώτατα
1306 1825 1517 1887 πάντων
1539 1824 1857 1907 διεχρήσατο
1871 1848 1888 1865 ·
1910 1825 1968 1896 ὅς
1995 1848 2055 1905 γε
2074 1848 2229 1907 προε.

663 1916 825 1999 γάμει
854 1914 970 1994 μὲν,
997 1913 1285 1997 παρεισιὼν
1315 1916 1388 1983 είς
1416 1914 1477 1975 τὸ
1500 1915 1783 1993 δωμάτιον,
1814 1914 1908 1983 τὰς
1938 1937 2228 1998 νυμφοστο·

663 2002 937 2077 ληθείσας·
968 2000 1283 2083 συναγαγὼν
1312 2002 1368 2063 δέ
1396 2004 1491 2073 τὰς
1515 2002 1713 2084 ὡραίας
1748 2003 2033 2085 παρθένους
2073 2026 2228 2084 περι-

664 2091 853 2174 στερὰς
882 2088 1197 2171 ὁλοπτέρους
1243 2092 1303 2151 ἐν
1343 2098 1453 2161 τοῖς
1490 2090 1798 2171 συμποσίοις
1823 2090 1969 2174 ἠφίει
1989 2089 2231 2160 κάκείνας

664 2179 871 2241 ἐκέλευε
902 2175 1139 2260 γυρεύειν
1165 2177 1401 2257 γυμνάς·
1429 2178 1573 2248 τινὰς
1601 2180 1657 2240 δὲ
1685 2179 1777 2240 καὶ
1804 2178 2061 2241 σανδάλια
2093 2182 2231 2242 ὑπο-

664 2269 918 2347 δουμένας
967 2269 1136 2347 ἄζυγα
1152 2310 1173 2346 ,
1224 2265 1285 2327 τὸ
1339 2265 1437 2346 μὲν
1492 2266 1713 2349 ὑψηλὸν,
1760 2266 1820 2328 τὸ
1866 2266 1922 2329 δὲ
1967 2266 2230 2346 ταπεινὸν,

665 2354 995 2439 περιδιῶκειν
1044 2354 1287 2437 ἔφασαν*
1333 2360 1428 2416 τοῦ
1474 2358 1738 2436 ἀπρεποῦς
1792 2355 1967 2438 χάριν.
2063 2355 2226 2426 Δίκας

665 2445 844 2526 μέντοι
872 2444 1084 2506 ἔδωκεν·
1114 2442 1294 2517 ἐπειδὴ
1322 2442 1429 2529 γὰρ
1462 2446 1534 2512 εἰς
1558 2443 1654 2518 τὴν
1693 2444 1943 2505 ’Σικελίαν
1971 2445 2233 2520 ἐπανῆλθε

661 2532 757 2607 τὴν
787 2531 956 2615 ἀρχὴν
987 2530 1386 2614 ἀναληψόμενος
1399 2577 1416 2605 ,
1438 2534 1487 2593 οἱ
1506 2530 1703 2611 Λοκροὶ
1724 2532 2113 2601 καταλύσαντες
2131 2532 2229 2608 τὴν

661 2621 891 2702 Φρουρὰν
924 2618 1294 2703 ἠλευθέρωσαν
1321 2628 1458 2703 σφᾶς
1483 2619 1576 2681 καὶ
1601 2624 1696 2692 τῆς
1722 2618 1963 2697 γυναικὸς
2000 2620 2093 2681 καὶ
2121 2624 2227 2682 τῶν

660 2710 751 2771 δύο
777 2706 1075 2790 θυγατέρων
1103 2707 1197 2769 καὶ
1223 2712 1317 2769 τοῦ
1345 2708 1595 2790 νεωτέρου
1622 2711 1733 2769 υἱοῦ
1762 2710 1929 2792 κύριοι
1965 2710 2224 2785 κατέστη·

657 2818 777 2857 σαν.
862 2797 1050 2858 Πολλὰ
1077 2796 1135 2856 δέ
1164 2794 1398 2879 δεομένῳ
1426 2804 1502 2878 τῷ
1530 2797 1785 2879 Διονυσίῳ
1815 2799 1907 2860 καὶ
1936 2801 2229 2883 αὖτῷ,,καὶ

655 2884 998 2969 Ταραντίνοις
1026 2882 1160 2966 ὗπέρ
1188 2884 1377 2959 αὖτοῦ,
1404 2884 1657 2966 προέσθαι
1693 2884 1761 2946 τὰ
1790 2884 2016 2965 σώματα
2047 2890 2128 2970 ἐφ’
2152 2880 2229 2961 οἷς

655 2974 719 3033 ἂν
768 2972 1109 3047 ἐθελήσωσιν,
1138 2974 1235 3032 οὔκ
1279 2972 1486 3034 ἔδοσαν·
1518 2972 1656 3034 ἀλλὰ
1701 2973 1790 3033 τὸν
1832 2973 1995 3052 θυμὸν
2038 2978 2109 3046 εἰς
2132 2976 2229 3046 τὰς

656 3060 941 3141 θυγατέρας
984 3058 1076 3121 τὸν
1112 3062 1362 3121 πλεῖστον
1389 3059 1623 3141 ἐξέχεαν.
1709 3061 2231 3143 Καταπορνευθείσας

652 3148 757 3230 γὰρ
794 3148 1235 3228 ἐστραγγάλισαν·
1264 3138 1381 3208 εἶτα
1406 3150 1696 3215 καύσαντες
1719 3146 1788 3208 τὰ
1816 3150 2041 3227 σώματα
2063 3150 2229 3225 κατή-

653 3240 817 3297 λεσαν
843 3233 915 3297 τὰ
935 3237 1071 3297 ὀστᾶ
1094 3236 1190 3296 καὶ
1213 3236 1644 3297 κατεπόντωσαν.

741 3344 813 3385 n.
856 3319 991 3383 Ὅτι
1022 3316 1189 3395 ’Λληξ
1229 3312 1469 3403 ποταμὸς
1514 3324 1724 3405 διορίζει
1751 3322 2006 3400 Ῥηγίνην
2050 3348 2107 3385 τε
2138 3325 2229 3386 καὶ

660 3412 923 3493 Λοκρίδα·
951 3401 1011 3473 οὗ
1050 3412 1105 3471 ἐν
1150 3420 1264 3480 ταῖς
1306 3410 1487 3492 ὄχθαις
1531 3411 1663 3472 ἴδιόν
1708 3434 1760 3473 τι
1800 3412 2081 3492 συμὸαίνει
2106 3413 2229 3497 περὶ

655 3499 783 3570 τοὺς
806 3498 1063 3580 τέττιγας.
1146 3501 1218 3561 Οἱ
1246 3498 1341 3580 μὲν
1364 3498 1467 3581 γὰρ
1490 3502 1546 3561 ἐν
1572 3504 1641 3583 τῇ
1669 3502 1772 3561 τῶν
1794 3503 2013 3584 Λοκρῶν
2038 3503 2230 3585 περαίᾳ

665 3588 976 3672 φθέγγονται
989 3632 1007 3663 ,
1034 3596 1144 3657 τοῖς
1169 3586 1225 3648 δέ
1260 3587 1483 3671 ἀφώνοις
1511 3580 1645 3652 εἶναι
1686 3588 1987 3670 συμὸαίνει.
2068 3591 2145 3655 Τὸ
2184 3592 2231 3650 δ’

666 3677 832 3739 αἴτιον
884 3676 1199 3755 εἰκάζουσιν,
1241 3676 1321 3737 ὅτι
1367 3684 1476 3746 τοῖς
1535 3676 1632 3756 μὲν
1683 3676 1992 3739 παλίνσκιόν
2032 3682 2142 3741 ἐστι
2166 3678 2227 3741 τὸ

667 3765 885 3848 χωρίον,
924 3763 1063 3826 ὥστε
1111 3763 1384 3845 ἐνδρόσους
1426 3763 1578 3835 ὄντας
1627 3762 1703 3846 μὴ
1746 3766 2067 3829 διαστέλλειν
2110 3768 2229 3837 τοὺς

668 3856 891 3933 ὑμένας,
917 3862 1025 3923 τοῖς
1068 3852 1125 3913 δέ
1168 3854 1529 3933 ἡλιαζομένοις
1576 3852 1760 3936 ξηροὺς
1802 3854 1893 3915 καὶ
1919 3855 2226 3938 κερατώδεις

666 3940 823 4024 ἔχειν,
853 3937 989 4001 ὥστε
1018 3944 1113 4002 ἀπ’
1140 3942 1311 4002 αὗτῶν
1342 3943 1541 4023 εὐφυῶς
1566 3940 1928 4020 ἐκπέμπεσθαι
1958 3942 2048 4004 τὸν
2074 3943 2229 4025 φθόγ-

663 4053 777 4111 γον.
859 4029 974 4102 Τὴν
1006 4028 1062 4089 δὲ
1090 4028 1382 4109 μεσόγαιαν
1406 4032 1627 4111 Λοκρῶν
1653 4028 1745 4090 καὶ
1772 4028 2031 4111 Ῥηγίνων
2064 4033 2227 4115 Βρέτ-

663 4114 1122 4254 τιὶῗίκατέχουσιν·
1151 4116 1205 4175 ἐν
1233 4106 1309 4186 οἷς
1331 4115 1423 4176 καὶ
1450 4121 1487 4190 ἡ
1513 4116 1703 4199 ἀρίστη
1724 4115 1887 4179 πίττα
1911 4118 2111 4199 γίνεται
2133 4119 2226 4181 καὶ

658 4220 708 4255 ·π
789 4216 911 4267 στη.

748 4300 819 4345 1³.
860 4278 994 4346 Ὅτι
1027 4279 1165 4362 μετὰ
1189 4280 1271 4363 (τὸ
1297 4281 1478 4365 ἀκρον)
1504 4282 1740 4367 Λοκροὺς
1768 4288 1804 4359 ἡ
1831 4283 2021 4370 Σάγρα
2057 4286 2221 4349 ἐστίν·

669 4370 791 4432 ἔνθα
825 4370 997 4451 μύριοι
1029 4369 1222 4453 Λοκροὶ
1255 4372 1392 4451 μετὰ
1420 4370 1682 4455 Ῥηγίνων
1719 4373 1849 4457 πρὸς
1877 4373 1949 4453 ιγ’
1969 4377 2227 4458 μυριάδας

672 4461 1041 4541 Κροτωνιατῶν
1062 4459 1443 4539 ἀγωνισάμενοι
1470 4460 1737 4536 ἐνίκησαν.
1818 4461 1932 4525 Καὶ
1957 4466 2019 4524 ἐκ
2042 4463 2224 4526 τούτου

668 4552 703 4619 ἦ
731 4544 988 4629 παροιμία
1015 4545 1146 4625 πρὸς
1172 4547 1290 4617 τοὺς
1315 4551 1693 4619 ἀπιστοῦντας·
1721 4576 1747 4605 ε
1771 4549 2093 4633 ἀληθέστερα
2117 4556 2221 4613 τῶν

668 4634 756 4698 ἐπὶ
779 4634 984 4719 Σάγρᾳ.
1018 4664 1047 4690 ¹·
1124 4634 1271 4697 Φασὶ
1294 4634 1350 4697 δὲ
1374 4636 1471 4711 τὴν
1500 4638 1661 4712 αὗεὴν
1686 4641 1891 4723 ἡμέραν
1931 4638 2027 4713 τὴν
2067 4644 2222 4723 ἀγγε-

665 4722 785 4783 λίαν
814 4726 1109 4802 μηνυθῆναι
1136 4722 1459 4801 Ὀλυμπίασι
1485 4730 1573 4786 τοῦ
1603 4726 1754 4809 ἔργου
1779 4727 1982 4793 τούτου.

753 4830 820 4874 u.
863 4807 994 4872 Ὅτι
1041 4812 1178 4889 μετὰ
1228 4814 1439 4896 Σάγραν
1485 4815 1769 4876 Καυλωνία
1813 4815 1977 4878 ἐστίν.
2087 4807 2223 4880 Εἶτα

658 4898 985 4977 Σκυλήτιον,
1023 4900 1328 4970 Μενεσθέως
1366 4908 1457 4964 τοῦ
1498 4902 1765 4977 Ἀθηναίου
1809 4904 2027 4984 κτίσμα·
2050 4909 2140 4964 νῦν
2168 4902 2223 4964 δὲ

666 4986 965 5048 Σκυλάκιον
1028 4990 1293 5049 καλεῖται·
1352 4994 1413 5051 ἐκ
1476 4991 1657 5052 τούτου
1711 4992 1765 5051 δέ
1817 4995 1847 5052 ὁ
1896 4991 2223 5068 Σκυλητικδς

668 5156 842 5211 1243.
865 5174 922 5231 p.
945 5162 1071 5225 260,
1099 5164 1153 5213 C.
1184 5164 1318 5227 261,
1347 5163 1420 5215 A.
1453 5161 1475 5232 u
1505 5190 1578 5203 -
1605 5164 1688 5227 14.
1726 5178 1778 5235 p.
1821 5165 1945 5225 261,
1992 5166 2053 5217 B.
2097 5160 2222 5228 263,

659 5238 727 5292 B.
763 5236 1026 5308 καλεῖται]
1072 5238 1227 5294 κλείει
1264 5238 1410 5308 cod.;
1443 5238 1592 5313 παρὲκ
1610 5242 1781 5314 σέθεν]
1806 5241 2056 5314 πάρεξελθ’
2078 5240 2221 5305 cod.;

1922 458 2606 521 CURESTOMATHIAE

2307 592 2592 647 Pithecusae
2631 602 2802 664 partes
2847 602 2972 645 sunt
3013 592 3330 647 continentis
3375 592 3598 659 arulam,
3635 606 3867 668 itemque

2306 671 2516 744 Caprea
2537 681 2591 726 et
2609 670 2865 728 leucosia
2885 680 2942 726 et
2959 670 3240 726 Sirenussae
3265 680 3318 727 et
3336 672 3680 729 OEnotrides.
3737 675 3868 731 Aliae

2307 767 2432 805 vero
2456 752 2613 806 etiam
2637 768 2703 805 ex
2728 752 2844 824 ipso
2867 748 3049 822 pelago
3073 761 3402 805 emerserunt
3417 791 3434 818 ,
3460 752 3598 807 sicut
3627 753 3869 825 pluribus

2309 831 2364 883 in
2382 829 2510 885 locis
2529 830 2684 884 etiam
2707 830 2811 883 hoc
2834 838 3070 902 tempore
3089 838 3294 885 constat
3313 831 3574 896 evenisse3
3603 850 3728 886 nam
3752 851 3870 906 quae

2309 908 2367 963 in
2389 909 2562 964 medio
2580 909 2758 981 jacent
2799 912 2962 976 mari,
2987 928 3020 963 e
3043 907 3212 963 fundo
3233 910 3290 963 in
3314 909 3482 964 altum
3517 909 3679 966 fuisse
3708 913 3869 969 elatas

2310 988 2607 1044 oredibilius
2643 1000 2751 1055 σου
2787 1006 2906 1060 quae
2935 1006 3058 1043 vero
3081 1000 3200 1042 ante
3226 992 3591 1061 promontoria
3615 989 3794 1063 jacent
3815 1004 3872 1050 et

2311 1079 2529 1139 angusto
2553 1068 2689 1125 freto
2709 1079 2833 1125 sunt
2857 1067 3128 1141 disjunctae
3144 1108 3159 1135 ,
3185 1066 3311 1121 inde
3334 1068 3540 1127 avulsas
3567 1068 3724 1125 fuisse
3745 1089 3872 1144 pro·

2312 1145 2532 1201 habilius
2571 1165 2682 1203 esse
2714 1148 2943 1205 videtur.
3018 1147 3261 1201 Ceterum
3305 1148 3636 1220 Leucopetra
3669 1148 3873 1221 Rhegio

2314 1236 2393 1280 est
2433 1225 2704 1281 australior
2743 1246 2844 1283 nec
2887 1245 2996 1281 non
3039 1224 3356 1279 Herculeum
3369 1265 3387 1291 ,
3413 1225 3668 1282 ultimum
3697 1246 3871 1284 versus

2316 1304 2587 1361 meridiem
2633 1308 3070 1378 promontorium.
3170 1304 3255 1359 Ab
3314 1304 3420 1359 hoc
3465 1324 3649 1361 versus
3695 1317 3868 1363 ortum

2314 1384 2764 1457 septentrionalius
2813 1396 2891 1440 est
2938 1384 3256 1457 Zephyrium
3313 1387 3740 1457 promontorium
3754 1427 3770 1453 ,
3819 1399 3873 1442 et

2317 1462 2474 1517 Locri
2505 1463 2870 1537 Epizephyrii,
2897 1465 3188 1518 Locrorum
3220 1462 3375 1535 juxta
3408 1465 3660 1520 Crisaeum
3699 1466 3872 1521 sinum

2317 1542 2664 1599 habitantium
2707 1543 2903 1600 coloni.
2973 1544 3107 1599 Sunt
3127 1554 3299 1599 autem
3325 1562 3357 1598 a
3378 1544 3594 1617 Rhegio·
3615 1564 3782 1619 nsque
3805 1546 3870 1601 ad

2318 1625 2515 1679 Locros
2541 1621 2708 1679 stadia
2724 1632 2986 1678 sexcenta.
3057 1623 3220 1677 Primi
3245 1640 3370 1677 vero
3397 1621 3455 1677 bi
3481 1627 3638 1681 Locri
3675 1627 3871 1699 legibus

2315 1704 2520 1776 scriptis
2546 1715 2670 1759 sunt
2690 1704 2774 1758 usi
2789 1743 2806 1770 ,
2827 1713 2882 1758 et
2917 1701 3203 1777 plurimum
3228 1704 3481 1775 temporis
3499 1706 3868 1780 rempublicam

2315 1784 2531 1855 optimis
2570 1783 2820 1837 institutis
2859 1799 3074 1847 rexere3
3122 1798 3255 1853 quos
3294 1782 3580 1855 Dionysius
3593 1825 3609 1851 ,
3638 1804 3670 1840 e
3705 1788 3873 1843 Sicilia

2316 1868 2510 1941 ejectus
2525 1910 2542 1937 ,
2558 1868 2966 1941 flagitiosissime
2987 1868 3210 1924 vexavit.
3281 1870 3418 1924 Nam
3439 1870 3766 1941 sponsalibus
3787 1892 3870 1929 or·

2318 1967 2464 2012 natas
2501 1956 2729 2030 puellas,
2753 1957 3008 2013 thalamos
3033 1957 3328 2029 irrumpens
3367 1956 3516 2029 prius
3541 1974 3703 2029 quam
3741 1978 3872 2035 nup-

2316 2038 2528 2104 sissent,
2573 2036 2817 2107 vitiabat3
2866 2036 3119 2092 formosas
3172 2054 3296 2091 vero
3343 2038 3570 2108 virgines
3613 2038 3672 2093 in
3709 2058 3871 2098 unum

2316 2133 2667 2189 congregans,
2697 2115 2936 2171 dimissas
2969 2118 3219 2171 truncatis
3254 2116 3350 2171 alis
3389 2118 3753 2190 (κολοπτέρους)
3787 2140 3873 2177 co-

2316 2196 2519 2253 lumbas
2538 2198 2596 2253 in
2617 2197 2862 2253 convivio
2882 2196 3052 2252 nudas
3073 2198 3128 2250 in
3151 2196 3372 2250 circuitu
3398 2206 3609 2269 captare
3625 2196 3872 2269 jubebat3

2317 2282 2695 2355 nonnullasqffl
2719 2280 2952 2337 sandalia
2971 2279 3180 2336 indutas
3199 2279 3476 2353 inequalia
3488 2320 3505 2347 ,
3535 2280 3758 2338 alterum
3788 2302 3876 2338 su·

2317 2361 2476 2417 blime
2492 2402 2508 2429 ,
2529 2364 2748 2417 alterum
2793 2362 2992 2417 humile
3007 2401 3024 2428 ,
3067 2360 3308 2433 persequi
3340 2356 3498 2431 jussit
3511 2360 3580 2431 (ἲ)
3605 2359 3876 2420 dedecoris

2316 2462 2490 2500 causa.
2565 2444 2726 2499 Dedit
2755 2454 2930 2498 tamen
2969 2458 3180 2514 punam
3210 2457 3378 2513 quum
3417 2440 3562 2493 enim
3599 2458 3874 2515 recupera.

2316 2532 2467 2578 turus
2493 2524 2776 2596 imperium
2801 2523 2858 2577 in
2884 2519 3108 2577 Siciliam
3133 2518 3371 2574 rediisset
3386 2557 3402 2585 ,
3421 2518 3578 2574 Locri
3601 2536 3736 2574 coeso
3751 2538 3878 2593 prae·

2317 2602 2454 2658 sidio
2478 2602 2532 2659 in
2559 2602 2850 2657 libertatem
2879 2618 2991 2656 sese
3026 2596 3361 2654 vindicarunt
3375 2638 3391 2662 ,
3416 2614 3744 2671 uxoremque
3767 2600 3877 2671 ejus

2316 2693 2370 2737 et
2391 2681 2520 2737 filias
2543 2681 2676 2737 duas
2715 2700 2778 2737 ac
2811 2680 3080 2753 juniorem
3109 2688 3240 2733 natu
3264 2676 3430 2731 filium
3476 2678 3531 2732 in
3572 2688 3876 2749 potestatem

2317 2786 2464 2823 suam
2507 2766 2843 2840 redegerunt.
2915 2766 3090 2837 Quum
3126 2774 3302 2818 autem
3347 2762 3632 2833 Dionysius
3674 2764 3786 2835 ipse
3824 2775 3878 2819 et

2313 2864 2416 2920 pro
2438 2864 2503 2903 eo
2538 2846 2810 2901 Tarentini
2855 2844 3032 2900 multis
3071 2860 3160 2897 eos
3198 2840 3445 2915 precibus
3479 2839 3782 2911 fatigarent,
3817 2854 3880 2897 ut

2317 2944 2540 2999 corpora
2598 2923 2882 2980 redderent
2898 2966 2914 2993 ,
2961 2922 3288 2977 redemtione
3302 2960 3319 2985 ,
3364 2928 3615 2993 quantam
3660 2920 3874 2987 vellent,

2316 3016 2524 3080 accepta
2538 3044 2556 3073 ,
2586 3023 2696 3060 non
2741 3002 3088 3058 reddiderunt
3103 3041 3120 3066 ,
3153 3002 3392 3072 iramque
3420 3016 3633 3053 omnem
3667 3000 3724 3053 in
3750 2998 3878 3055 filias

2317 3102 2626 3150 evomuere;
2653 3102 2780 3139 nam
2823 3090 3180 3154 constupratus
3204 3077 3595 3149 strangulatum
3609 3116 3628 3145 ,
3657 3098 3877 3152 corpora

2317 3162 2510 3218 deinde
2525 3171 2930 3217 concremarunt
2943 3200 2960 3225 ,
2981 3168 3034 3214 et
3054 3176 3170 3214 ossa
3189 3158 3436 3213 molendo
3453 3155 3644 3212 detrita
3651 3160 3718 3220 ,in
3737 3176 3877 3214 mare

2317 3242 2719 3315 dissipaverunt.

2397 3338 2480 3379 12.
2519 3320 2652 3377 Alex
2679 3320 2870 3375 fluvius
2895 3318 3189 3391 Rheginum
3211 3336 3244 3372 a
3269 3317 3518 3373 Locrensi
3541 3334 3668 3388 agro
3691 3316 3878 3372 dister-

2319 3419 2515 3488 minat3
2541 3420 2598 3474 in
2639 3416 2789 3490 cnjus
2832 3416 2960 3490 ripis
2999 3414 3260 3489 peculiare
3296 3412 3556 3487 quiddam
3579 3412 3650 3468 de
3685 3413 3878 3469 cicad‘u

2321 3517 2529 3574 accidit.
2626 3516 2837 3571 Etenim
2861 3514 2921 3569 in
2945 3514 3236 3571 Locrorum
3255 3511 3370 3585 ripa
3397 3520 3658 3567 versantes
3678 3514 3877 3569 vocales

2315 3627 2465 3686 sunt,
2494 3614 2564 3673 ab
2595 3613 2758 3671 altera
2795 3629 2922 3669 vero
2947 3610 3180 3667 fluminis
3209 3620 3360 3683 parte
3390 3618 3569 3667 mutae.
3643 3606 3776 3680 Ejus
3800 3613 3876 3659 re:

2316 3716 2453 3772 banc
2493 3732 2605 3770 esse
2637 3730 2847 3769 causam
2891 3701 3240 3784 suspicantur,
3280 3707 3427 3782 quod
3463 3709 3547 3764 lue
3572 3710 3630 3765 in
3665 3711 3878 3793 regione

2315 3823 2438 3870 sunt
2459 3812 2731 3877 umbrosa,
2755 3812 2933 3884 itaque
2952 3809 3086 3863 roris
3110 3806 3278 3881 plenae
3299 3825 3408 3863 non
3435 3806 3678 3881 pandunt
3710 3827 3877 3865 mem-

2315 3912 2503 3968 branas
2515 3932 2532 3978 ;
2576 3908 2706 3977 iuae,
2753 3907 2877 3981 quia
2936 3907 3255 3979 apricantur,
3301 3905 3636 3961 membranas
3681 3907 3878 3963 habent

2313 4008 2484 4065 aridas
2515 4018 2569 4063 et
2593 4022 2840 4071 corneas,
2865 4015 2927 4059 ut
2951 4003 3099 4059 facile
3143 4005 3206 4058 iis
3230 4022 3394 4059 sonus
3418 4004 3626 4061 edatur.
3697 4003 3870 4059 Medi·

2313 4118 2600 4163 ten-aucam
2625 4105 2763 4159 inter
2787 4103 3051 4175 Rheginos
3069 4112 3124 4157 et
3144 4104 3344 4159 Locros
3365 4103 3560 4157 Bruttii
3603 4102 3868 4169 habitant,

2315 4203 2582 4277 inquibus
2605 4202 2806 4276 optima
2827 4202 2920 4275 pix
2944 4200 3156 4273 copiose
3174 4199 3427 4255 nascitur,

2386 4301 2471 4356 13.
2510 4302 2636 4355 Post
2661 4301 2859 4354 Locros
2901 4298 3058 4370 Sagra
3085 4296 3286 4353 flumen
3324 4295 3540 4363 labitur,
3569 4294 3664 4356 ubi
3693 4294 3876 4352 decem

2313 4390 2606 4443 Locrorum
2630 4385 2793 4441 millia
2811 4402 2920 4440 una
2945 4400 3069 4439 cum
3099 4382 3348 4455 Rheginis
3383 4380 3453 4437 de
3485 4399 3630 4439 cxxx
3647 4380 3875 4439 millibus

2315 4477 2738 4532 crotoniatarum
2779 4489 2959 4546 pugna
2997 4470 3273 4529 commissa
3313 4469 3587 4525 victoriam
3629 4466 3870 4542 deporta-

2314 4573 2471 4632 runt,
2503 4572 2660 4633 atque
2683 4560 2810 4615 hinc
2829 4568 3013 4615 natum
3033 4568 3112 4613 est
3143 4555 3394 4612 adversus
3419 4553 3720 4613 incredulos
3749 4573 3876 4628 pro·

2311 4650 2571 4716 verbium,
2600 4673 2623 4696 ι
2644 4647 2868 4711 veriora
2891 4646 2956 4700 iis
2978 4662 3096 4718 quae
3111 4641 3254 4717 apud
3269 4644 3484 4715 Sagram
3499 4642 3824 4700 acciderunt.
3841 4669 3867 4692 ε

2313 4735 2532 4791 Addunt
2554 4752 2620 4790 eo
2658 4734 2774 4807 ipso
2799 4731 2888 4787 die
2904 4771 2921 4798 ,
2945 4748 3053 4805 quo
3076 4740 3340 4786 certamen
3364 4730 3556 4785 initum
3579 4739 3658 4784 est
3672 4767 3690 4797 ,
3715 4727 3873 4801 hujus

2313 4824 2437 4881 belli
2458 4833 2706 4879 eventum
2728 4823 2786 4876 in
2811 4820 3066 4893 Olympiis
3087 4818 3397 4873 nunciatum
3419 4834 3552 4873 esse.

2390 4914 2475 4976 14.
2512 4913 2639 4966 Post
2662 4910 2876 4981 Sagram
2920 4906 3170 4963 Caulonia
3201 4916 3308 4973 αις
3335 4904 3528 4961 deinde
3555 4904 3838 4979 Scyletium
3851 4944 3870 4971 ,

2313 5016 2346 5055 a
2377 4998 2683 5054 Menestheo
2706 4997 3027 5053 Atheniense
3055 4994 3332 5051 conditum
3364 5012 3381 5051 ι
3421 5012 3566 5049 nunc
3585 4992 3874 5067 Scylaeium

2312 5158 2601 5296 ἓὲύματα]
2645 5157 2908 5232 κλάσματα
2947 5156 3098 5225 cod.;
3138 5154 3519 5228 Πυθαγορείοις]
3553 5152 3876 5225 Πυθαγορίοις

2415 5258 2498 5296 ex.
