4584 6284
1595 760 2931 896 PSEUDOPLUTARCHI

878 1019 1369 1096 LIBELLUS
1431 1018 1560 1094 DE
1623 1016 2220 1095 FLUVIORUM
2287 937 2971 1111 MONTICMQUE
3034 1021 3631 1100 NOMINIBUS.

1987 1287 2553 1324 qe*—

743 1572 812 1633 In
869 1568 1088 1632 codice
1145 1566 1654 1649 Heidelbergensi
1695 1569 1768 1630 N.
1820 1571 1939 1632 398
1989 1575 2215 1649 praeter

673 1674 848 1721 nonae
877 1655 1069 1738 frugis
1088 1655 1283 1718 libros
1306 1662 1581 1719 servatur
1599 1656 1786 1720 etiam
1815 1656 2208 1739 opusculum,

664 1745 834 1826 quod
895 1745 946 1808 si
987 1743 1307 1827 periisset,
1377 1743 1537 1820 μηδὲν
1588 1743 1649 1806 ἰν
1706 1746 1886 1806 κάκιον
1935 1749 2126 1807 οἰκοῖτο
2179 1751 2230 1819 ἡ,

666 1833 915 1914 Σπάρτη.
947 1829 1312 1896 Inscribitur
1343 1829 1594 1895 libellus
1641 1851 1656 1894 ε
1701 1833 2054 1914 Πλουτάρχου
2092 1833 2214 1916 περὶ

665 1927 916 2001 ποταμῶν
945 1922 1038 1983 καὶ
1063 1924 1198 2002 ὀρῶν
1218 1921 1521 1998 ἕπωνυμίας
1547 1921 1640 1983 καὶ
1667 1925 1771 1982 τῶν
1798 1925 1850 1982 ἐν
1879 1923 2052 1992 αὗτοῖς
2075 1926 2216 2002 εὕρι-

658 2011 948 2088 exoptarem.
978 2011 1299 2074 Profectus
1323 2027 1472 2074 vero
1499 2016 1597 2074 est
1615 2009 1695 2072 ab
1723 2009 1946 2074 eodem
1965 2016 2214 2074 auctore

661 2098 770 2180 qui
801 2096 1196 2162 concinnavit
1214 2095 1308 2169 τὴν
1337 2095 1645 2176 συναγωγὴν
1674 2101 1913 2176 ἱστοριῶν
1942 2097 2218 2176 παραλλή-

661 2188 766 2244 λων
793 2187 1074 2258 ἑλληνικῶν
1099 2185 1190 2245 καὶ
1217 2189 1502 2264 ρωμαϊκῶν
1525 2229 1542 2262 ,
1569 2203 1756 2268 quam
1781 2185 2027 2250 codices
2056 2185 2216 2250 inter

660 2273 891 2355 scripta
915 2272 1228 2336 Plutarchi
1259 2271 1690 2337 Chaeronensis
1710 2274 1942 2356 (Moral.
1973 2294 2035 2355 p.
2064 2278 2216 2340 306-

658 2360 812 2434 316)
864 2361 1173 2424 exhibent.
1230 2359 1539 2425 Videlicet
1578 2361 1801 2425 eadem
1838 2362 1902 2424 in
1946 2370 2214 2445 utroque

659 2445 891 2528 scripto
934 2446 1426 2528 deprehenditur
1471 2467 1779 2530 nugarum
1823 2449 2208 2532 insipientia;

657 2534 852 2599 iidem
886 2535 1114 2616 saepius
1146 2543 1435 2600 auctores
1484 2537 1564 2601 ad
1603 2537 1795 2600 fldem
1841 2538 2212 2602 commentis

657 2623 1098 2688 adstruendam
1139 2624 1445 2702 citantur;
1485 2623 1708 2688 eadem
1746 2626 2016 2709 denique
2062 2628 2214 2691 affe-

655 2717 835 2776 ctatae
866 2712 1162 2777 orationis
1191 2713 1455 2776 offendit
1481 2713 1814 2797 pauperies
1849 2722 1912 2778 et
1949 2715 2211 2780 taediosa

652 2800 993 2864 eorundem
1036 2800 1369 2865 verborum
1414 2801 1932 2886 locutionumque
1975 2804 2210 2886 repeti-

651 2886 740 2950 tio
768 2889 868 2970 (1).
892 2891 1038 2965 Quae
1057 2888 1318 2972 quidem
1341 2888 1598 2952 miseria
1611 2908 1809 2972 quum
1823 2909 1860 2953 a
1877 2890 2210 2956 Plutarcho

650 2975 1047 3040 Chaeronensi
1067 2975 1270 3041 aliena
1288 2977 1399 3054 sit,
1425 2977 1611 3041 facile
1640 2977 2005 3059 intelligitur
2017 2979 2212 3043 libros

652 3062 805 3125 istos
829 3069 937 3126 aut
963 3073 1296 3147 perperam
1329 3065 1619 3146 scriptori
1649 3067 1974 3130 notissimo
2002 3066 2213 3148 affingi

651 3155 760 3212 aut
787 3150 946 3213 alius
985 3150 1313 3230 cujusdam
1343 3151 1665 3215 Plutarchi
1702 3150 1886 3216 foetus
1919 3172 2057 3217 esse
2078 3199 2096 3217 .
2121 3153 2216 3218 uti

653 3238 897 3318 primus
936 3237 1302 3320 significavit
1325 3237 1422 3301 vir
1467 3239 1692 3303 doctus
1722 3240 1830 3323 qui
1860 3241 1938 3304 ad
1987 3247 2216 3322 margi-

653 3343 803 3390 nem
831 3325 1066 3392 codicis
1085 3325 1634 3408 Heidelbergensis
1656 3325 1988 3411 adscripsit
2017 3349 2033 3391 :
2063 3331 2218 3392 Ψευ·

657 3415 977 3498 δεπίγραφσν
1003 3421 1156 3475 τοῦτο
1174 3438 1189 3454 ·
1219 3415 1401 3496 πόρρω
1427 3415 1530 3497 γὰρ
1557 3419 1652 3489 τῆς
1679 3417 2026 3499 Πλουτάρχου
2049 3442 2216 3498 μιγα-

659 3502 937 3587 λοφυΐαςῆ
971 3527 1028 3564 τε
1067 3505 1272 3564 διάνοια
1298 3503 1393 3566 καὶ
1435 3508 1470 3576 ἡ
1509 3503 1724 3586 φράσις·
1765 3507 1810 3564 εἰ
1836 3507 1911 3582 μή
1939 3531 2015 3576 τις
2047 3507 2216 3587 ἕτερος

659 3592 744 3666 εἴη
795 3594 1160 3674 Πλούταρχος.
1210 3592 1483 3670 Quodsi,
1526 3601 1598 3658 ut
1646 3613 1844 3678 nuper
1896 3599 2213 3662 Herchero

657 3680 922 3763 placuit,
953 3689 1168 3744 auctor
1197 3688 1410 3745 noster
1438 3689 1572 3745 erat
1597 3682 1756 3745 alius
1788 3684 2044 3767 quidam
2071 3688 2215 3751 Plu-

657 3767 910 3832 tarchus
929 3815 948 3849 ,
991 3769 1221 3832 accidit
1256 3777 1330 3834 ut
1371 3788 1502 3835 non
1551 3771 1744 3834 modo
1793 3791 2022 3838 nomen
2069 3794 2212 3839 cum

657 3855 1056 3920 Chaeronensi
1084 3855 1390 3939 scriptore
1421 3875 1758 3922 commune
1778 3857 2069 3937 haberet,
2103 3862 2213 3926 sed

659 3942 842 4007 sicuti
901 3943 1010 4006 ille
1059 3943 1248 4007 etiam
1312 3943 1756 4025 parallelarum
1811 3946 2210 4013 historiarum

657 4049 817 4112 opus
845 4030 1246 4095 condidisset.
1276 4033 1493 4096 Talem
1517 4051 1666 4096 vero
1694 4032 1959 4098 fortunae
1996 4054 2209 4100 casum

653 4125 828 4182 tanto
871 4119 1079 4183 minus
1122 4118 1495 4196 admiseris,
1529 4128 1764 4202 quanto
1801 4120 2042 4187 facilius
2076 4124 2211 4189 fleri

657 4206 892 4289 potuit,
919 4212 990 4269 ut
1017 4206 1225 4270 Nostri
1297 4206 1571 4270 arallelae
1598 4207 1874 4272 historiae
1897 4226 2042 4273 cum
2065 4211 2207 4274 Plu·

657 4287 852 4350 tarchi
903 4285 1032 4368 βίοις
1077 4309 1188 4367 παρ
1293 4287 1468 4366 ήλοις,
1535 4304 1803 4368 quorum
1849 4286 1991 4353 illas
2029 4289 2205 4372 quasi

655 4374 925 4456 παρῳδίας
951 4377 1246 4457 quasdam
1275 4393 1412 4440 esse
1443 4373 1717 4451 diceres,
1754 4394 2208 4460 componeren-

655 4468 778 4538 tur,
813 4479 1006 4546 eaque
1045 4462 1336 4527 societate
1381 4480 1729 4545 anonymus
1773 4464 2025 4528 nomine
2070 4466 2211 4530 Plu-

653 4549 908 4614 tarcheo
971 4551 1291 4632 potiretur,
1345 4549 1518 4633 quod
1581 4550 1726 4615 hinc
1785 4551 1974 4616 etiam
2029 4554 2208 4618 alteri

656 4638 942 4720 ejusdem
977 4637 1300 4719 scriptoris
1327 4641 1416 4702 De
1449 4637 1650 4702 fluviis
1678 4641 1864 4722 operi·
1881 4643 2207 4722 praeflxum

717 4846 788 4912 (1)
823 4849 886 4897 V.
917 4849 1206 4900 maumas
1227 4847 1281 4898 in
1305 4845 1425 4899 edit.
1443 4847 1691 4900 Plutarch.
1721 4848 1786 4902 de
1802 4849 1965 4902 fluviis
1991 4851 2012 4916 (
2022 4850 2212 4904 '1³01oeae

660 4917 818 4980 1618)
844 4931 897 4984 p.
946 4922 1033 4972 198
1060 4930 1192 4982 sqq.;
1223 4921 1287 4970 ls.
1324 4917 1536 4971 Vossius
1558 4919 1625 4970 ad
1650 4923 1818 4984 Pomp.
1859 4921 2036 4975 uolam
2067 4927 2112 4984 1,
2144 4928 2208 4981 83

651 4987 1002 5040 Valckenarius
1017 4987 1084 5038 ad
1109 4987 1278 5053 Eun-ip.
1298 4987 1471 5042 Phoen.
1500 5003 1550 5054 p.
1573 4995 1698 5048 5973
1728 4989 2131 5052 wyttenbachius
2147 4991 2214 5043 ad

649 5056 902 5110 Plutarch.
923 5059 996 5110 De
1021 5057 1143 5109 fluv.
1165 5059 1353 5120 vol.11‚
1371 5062 1482 5124 part

649 5127 829 5180 ceteris
867 5125 1148 5180 Hercherus
1173 5127 1224 5178 in
1263 5128 1478 5181 editione
1505 5130 1660 5182 nostri
1687 5129 1835 5182 libelli
1865 5131 2029 5196 (Lips.
2071 5129 2208 5194 1851)

649 5215 698 5265 p.
721 5207 770 5261 ο,
791 5197 880 5250 ubi
904 5197 1114 5251 indicem
1138 5197 1572 5252 habesverhornm
1597 5203 1650 5253 et
1677 5200 1993 5268 locutionum,
2027 5201 2212 5268 quibus

649 5269 810 5322 omnis
827 5269 932 5321 fere
947 5269 1210 5336 utriusque
1221 5271 1449 5338 opusculi
1461 5271 1612 5324 dictio
1637 5272 1922 5324 continetur.

2225 5361 2286 5438 ιε]

2306 1575 2419 1631 est.
2450 1569 2629 1632 Haud
2658 1587 2798 1632 raro
2823 1587 2992 1632 emm
3014 1573 3083 1633 flt
3104 1577 3174 1634 ut
3200 1589 3393 1654 opera
3418 1591 3725 1656 anonyma
3750 1596 3863 1642 no-

2305 1655 2578 1718 minibus
2620 1675 2837 1720 eorum
2884 1666 3213 1722 auctorum
3252 1660 3694 1742 inscribantur,
3730 1668 3867 1749 qui·

2305 1743 2420 1806 bus
2462 1743 2526 1807 in
2555 1744 2773 1808 codice
2818 1744 3030 1828 aliquo
3060 1748 3279 1827 juncta
3332 1756 3509 1813 erant
3554 1751 3681 1815 sive
3713 1772 3863 1819 casu

2304 1830 2429 1895 sive
2462 1831 2541 1896 de
2587 1831 2910 1896 industria.
2958 1834 3275 1912 Stobaeus‚
3316 1837 3427 1919 qui
3472 1839 3785 1920 permulta
3827 1861 3861 1906 c

2302 1921 2525 1984 Nostro
2582 1920 2647 1982 in
2698 1921 3102 2004 Florilegium
3160 1922 3401 2001 intulit,
3456 1926 3861 1992 Plutarchum

2304 2007 2497 2071 semel
2526 2008 2738 2073 laudat
2764 2007 2876 2072 lib.
2922 2015 2985 2086 ’1,
3013 2014 3122 2086 62,
3152 2010 3261 2074 ubi
3291 2030 3369 2074 ex
3403 2031 3479 2077 eo
3508 2015 3691 2079 affert
3717 2037 3860 2100 quae

2301 2095 2366 2159 in
2411 2096 2631 2160 Parall.
2684 2115 2738 2160 c.
2781 2099 2812 2160 l
2873 2106 3221 2174 narrantur,
3257 2100 3492 2165 omissa
3543 2104 3861 2170 mentione

2302 2184 2573 2247 auctoris
2598 2203 2677 2247 ex
2711 2201 2837 2268 quo
2869 2203 2980 2248 sua
3006 2187 3229 2249 Noster
3256 2185 3665 2265 desumserit;
3692 2198 3862 2254 cete-

2301 2270 2387 2332 ris
2414 2269 2571 2334 locis
2598 2269 2882 2334 Stobaeus
2910 2289 3037 2334 non
3079 2271 3520 2352 Plutarchum,
3555 2275 3670 2339 sed
3711 2277 3859 2342 scri-

2304 2366 2512 2440 ptores
2534 2357 2613 2422 ab
2642 2376 2715 2423 eo
2742 2357 3026 2422 laudatos
3056 2359 3299 2422 excitat.

2379 2446 2985 2528 Pseudoplutarchus
3006 2447 3222 2526 junior
3250 2456 3384 2511 erat
3404 2450 3567 2513 Juba
3596 2451 3863 2532 Libyco-

2299 2552 2441 2596 rum
2480 2534 2783 2615 scriptore
2803 2580 2820 2611 ,
2850 2533 3115 2615 Augusti
3147 2541 3211 2598 et
3240 2534 3472 2598 Tiberii
3496 2543 3819 2602 coaetaneo
3836 2587 3853 2616 ,

2300 2622 2476 2702 cujus
2502 2622 2569 2685 in
2603 2622 2825 2687 Parall.
2860 2639 2917 2686 c.
2946 2625 3025 2686 30
3062 2621 3298 2687 mentio
3327 2621 3435 2698 fit3
3470 2624 3861 2708 Pseudoplu-

2300 2710 2516 2775 tarcho
2535 2729 2681 2775 vero
2692 2711 2908 2792 iunior
2927 2718 3061 2775 erat
3078 2711 3363 2774 Clemens
3380 2711 3856 2790 Alexandrinus,

2299 2817 2489 2880 quem
2518 2807 2782 2862 exeunte
2810 2798 3023 2862 seculo
3051 2798 3326 2862 secundo
3357 2798 3677 2879 scripsisse
3709 2817 3861 2864 con-

2302 2893 2455 2962 stat,
2490 2894 2555 2950 et
2580 2904 2770 2969 quem
2794 2887 3037 2950 novisse
3054 2886 3264 2949 Nostri
3290 2885 3582 2950 historias
3600 2887 3861 2968 paralle-

2302 2972 2393 3035 las
2424 2972 2787 3053 intelligitur
2814 2991 2849 3035 e
2876 2973 3269 3054 Protreptico
3292 2992 3355 3053 p.
3390 2977 3491 3050 27,
3522 2974 3567 3036 C
3593 2973 3694 3037 ed.
3729 2976 3859 3058 Syl·

2302 3057 2502 3139 burg„
2537 3058 2643 3122 ubi
2676 3058 2814 3122 haec
2846 3079 2862 3122 ε

2382 3145 2661 3224 Ἐρεχθεὺς
2688 3147 2744 3206 δὲ
2766 3151 2795 3207 ὃ
2821 3147 3049 3216 Ἄττικος
3076 3149 3168 3208 καὶ
3189 3147 3394 3228 Μάριος
3420 3151 3449 3207 ὁ
3474 3147 3744 3225 Ῥωμαῖος
3765 3151 3860 3220 τὰς

2305 3236 2507 3293 ἑαυτῶν
2530 3234 2781 3308 ἔθυσάτην
2798 3237 3081 3317 θυγατέρας
3095 3279 3112 3307 ,
3137 3227 3211 3300 ὧν
3230 3239 3259 3294 ὃ
3280 3234 3377 3313 μὲν
3392 3239 3463 3316 τῇ
3486 3237 3859 3320 Φιρρεφάττῃ,

2304 3324 2373 3388 ὦς
2406 3321 2728 3403 Δημάρατος
2766 3323 2821 3382 ἓν
2854 3321 3039 3404 πρώτῃ
3082 3326 3133 3385 Τ
3136 3323 3579 3404 ραγῳδουμίνων,
3605 3327 3634 3382 ὃ
3662 3323 3719 3384 δὲ
3752 3329 3859 3393 τοῖς

2305 3407 2701 3488 ἀποτροπαίοις,
2728 3413 2757 3469 ὁ
2782 3409 3012 3488 Μάριος,
3038 3414 3110 3479 ὡς
3146 3409 3413 3492 Δωρόθεος
3437 3412 3493 3470 ἕν
3525 3415 3593 3493 τῇ
3630 3414 3855 3494 τετάρτῃ

2304 3496 2577 3559 Ἰταλικῶν
2627 3499 2838 3580 ἱστορεῖ.
2907 3497 3288 3570 Quibuscum
3345 3497 3853 3580 componendum

2302 3586 2524 3650 Parall.
2554 3592 2743 3669 caput
2761 3590 2842 3651 20
2874 3607 2891 3649 ε

2382 3675 2663 3756 Ἐρεχθεὺς
2684 3675 2813 3759 πρὸς
2833 3672 3115 3751 Εὔμολπον
3154 3676 3401 3752 πολιμῶν
3426 3672 3591 3750 ἔμαθι
3619 3680 3852 3751 νικῆσαι,

2303 3763 2391 3825 ἐὰν
2432 3762 2528 3836 τὴν
2576 3762 2835 3842 θυγατέρα
2878 3759 3140 3841 προθύσῃ,
3178 3762 3271 3821 καὶ
3316 3761 3740 3840 συγκοινωνήσας
3786 3768 3855 3846 τῇ

2299 3849 2503 3929 γυναικὶ
2533 3847 2796 3930 Πραξιθέᾳ
2818 3846 3069 3928 προέθυσε
3093 3847 3189 3920 τὴν
3216 3848 3403 3912 παῖδα.
3440 3847 3725 3926 Μέμνηται
3745 3852 3856 3913 Εὖ·

2301 3937 2506 4020 ριπίδης
2530 3939 2582 3996 ἕν
2604 3936 2862 4016 Ἐρεχθεῖ.

2378 4024 2581 4105 Μάριος
2599 4071 2617 4098 ,
2642 4048 2685 4085 π
2810 4022 3084 4107 Κίμὸρους
3110 4022 3344 4100 πόλεμον
3382 4023 3520 4104 ἔχων
3548 4023 3641 4084 καὶ
3674 4025 3856 4098 ἡττώ-

2299 4134 2479 4188 μενος,
2506 4109 2634 4193 ὄναρ
2660 4134 2685 4170 ⁸
2709 4113 2793 4171 διν
2822 4109 2903 4170 ὅτι
2938 4109 3171 4187 νικήσει,
3200 4110 3291 4170 ἐὰν
3308 4110 3405 4183 τὴν
3426 4113 3683 4192 θυγατέρα
3710 4136 3855 4194 προ-

2297 4198 2459 4279 θύσῃ·
2501 4189 2565 4272 ἦν
2610 4199 2655 4258 δ’
2703 4201 2846 4280 αὑτῷ
2898 4195 3267 4279 Καλπουρνία·
3330 4199 3615 4280 προκρίνας
3658 4199 3715 4259 δὲ
3758 4204 3853 4274 τῆς

2296 4282 2495 4369 φύσεως
2521 4283 2639 4353 τοὺς
2664 4284 2905 4358 πολίτας,
2932 4284 3117 4367 ἔδρασε
3147 4287 3240 4345 καὶ
3268 4283 3479 4359 ἐνίκησε
3520 4286 3613 4346 καὶ
3640 4285 3719 4345 ἔτι
3758 4287 3853 4347 καὶ

2295 4378 2385 4434 νῦν
2414 4373 2590 4454 βωμοί
2616 4378 2718 4436 αἷσι
2751 4371 2845 4434 δύο
2886 4377 2939 4433 ἕν
2968 4373 3266 4456 Γερμανίᾳ,
3313 4370 3367 4433 οἳ
3391 4373 3511 4434 κατ’
3540 4374 3735 4436 ἐκεῖνον
3762 4373 3851 4436 τὸν

2296 4462 2473 4544 καιρὸν
2501 4453 2633 4543 ἦχον
2660 4463 2967 4542 σαλπίγγων
3010 4459 3416 4539 ἀποπέμπουσιν
3432 4485 3447 4500 ·
3480 4465 3553 4530 ὣς
3585 4463 3851 4543 Δωρόθεος

2296 4554 2352 4612 ἔν
2381 4551 2447 4624 δ’,
2478 4549 2775 4611 Ἰταλικῶν.

2378 4636 2678 4702 Similiter
2722 4633 2879 4699 illud
2927 4635 3096 4718 quod
3140 4635 3207 4698 in
3246 4637 3474 4699 Strom.
3520 4638 3567 4712 1,
3614 4655 3680 4718 p.
3733 4639 3852 4700 334

2299 4726 2585 4788 Clemens
2612 4725 2802 4787 refert
2833 4743 2851 4786 ε
2881 4723 2951 4786 Ὁ
2982 4723 3187 4801 Σάμιος
3232 4725 3509 4808 Προκλῆς
3535 4729 3589 4787 ἐν
3616 4726 3852 4807 τετάρτῳ

2300 4815 2575 4876 Ἰταλικῶν
2614 4814 2775 4876 Γάϊον
2796 4811 3018 4874 Ἰούλιον
3046 4811 3278 4876 Νέπωτα
3318 4811 3448 4893 (sc.
3487 4811 3678 4890 μάντιν
3711 4814 3854 4873 ἀνα-

2298 4903 2549 4984 γράφει),
2580 4900 2840 4982 petitum
2866 4907 2961 4963 est
2978 4920 3015 4965 e
3042 4898 3599 4983 Pseudoplutarchi
3620 4899 3847 4962 Parall.

2300 5009 2356 5054 c.
2390 4993 2496 5064 14,
2524 4988 2634 5051 ubi
2664 4988 2812 5052 belli
2834 4988 3052 5052 Punici
3084 4995 3365 5070 tempore
3398 4988 3683 5052 Metellus
3710 4988 3851 5064 Caii

1483 5099 1496 5110 ·
1523 5064 1567 5121 ¹·
1595 5073 1644 5124 P·
1667 5064 1728 5112 ⁷⁹
1753 5059 1830 5112 ed.
1847 5063 2022 5125 oxon„
2041 5065 2211 5126 etprae
2297 5079 2454 5140 Iulii
2478 5081 2633 5140 vatis
2646 5079 2829 5157 jussu
2862 5077 3058 5140 filiam
3098 5094 3273 5140 suam
3302 5075 3683 5140 sacrificasse
3708 5093 3853 5138 nar-

2302 5172 2473 5229 ratur
2509 5183 2545 5228 e
2570 5165 2865 5248 Pythocle
2894 5167 2950 5228 ἓν
2975 5163 3136 5248 τρίτῳ
3180 5165 3445 5248 (τετάρτῳ
3459 5166 3518 5245 t)
3549 5165 3844 5228 Ἰταλικῶν.

2380 5252 2609 5330 Quodsi
2653 5252 2938 5316 Clemens
2988 5255 3382 5317 Demaratum
3427 5252 3491 5316 in
3535 5250 3851 5331 Tragodu·
