4584 6284
815 461 932 514 506

2226 462 2273 519 A
2284 460 2588 525 NONYMl

812 583 976 652 τολὰς
998 582 1068 643 τὰ
1096 584 1257 665 μέχρι
1278 588 1382 644 τῶν
1420 589 1613 645 στενῶν
1654 588 1749 645 οὐκ
1774 584 1989 647 ἔλαττόν
2018 589 2130 648 ἔστι
2172 588 2366 672 μυρίων
2451 604 2577 657 stias
2597 622 2761 677 usque
2786 606 2951 662 stadia
2992 626 3187 676 10,ooo
3223 628 3332 665 non
3372 612 3552 665 minus
3588 612 3822 677 obtinet,
3852 613 4016 669 millia

807 670 1067 747 σταδίων,
1088 672 1125 730 ἅ
1152 674 1268 732 ἐστι
1290 673 1444 745 μίλια
1467 672 1670 754 ιατλγᾎ
1698 672 1770 752 γ’.

884 782 963 824 45.
992 760 1140 835 Αὕτη
1175 760 1232 821 δὶ
1267 765 1301 832 ἡ
1329 760 1540 841 μεγάλη
1575 762 1815 821 Θάλασσα
1830 806 1849 835 ,
1873 766 1907 833 ἡ
1932 762 2027 835 τὴν
2049 763 2175 836 δ’λην
2198 768 2368 827 οἰκου-

2457 706 2706 762 passuum
2738 693 2993 759 1,333·1,.

2521 778 2611 839 45.
2641 782 2714 833 At
2729 798 2854 836 vero
2871 780 2976 837 hoe
2999 800 3144 838 mare
3162 801 3412 855 magnum
3438 795 3492 839 et
3520 796 3684 839 terras
3705 804 3886 841 omnes
3903 790 4012 843 eir·

806 848 970 926 μένην
996 847 1345 929 περιρρέουσα
1373 852 1535 932 κοινῷ
1559 849 1655 926 μὲν
1683 849 1904 925 ὀνόματι
1929 850 2151 921 ὧκιανὸς
2185 854 2362 914 καλεῖ·
2455 862 2724 919 cumluens
2741 904 2757 932 ,
2803 868 3075 923 communi
3141 868 3359 942 quidem
3403 870 3658 925 vocabulo
3707 874 4016 927 nominatur

750 954 776 993 5
805 957 925 1011 ται,
950 934 1091 995 κατὰ
1116 934 1353 1014 κλίματα
1379 934 1435 995 δὲ
1460 935 1735 1017 διαφόρους
1760 936 1873 1017 ἔχει
1902 937 2213 1016 ἐπωνυμίας.
2298 938 2368 1002 Ὅ
2457 967 2714 1016 oceanus,
2741 952 2832 1007 sed
2873 972 2972 1028 pro
2996 955 3265 1011 climatum
3303 959 3550 1012 varietate
3590 960 3747 1013 etiam
3780 959 4014 1016 diversas

808 1022 902 1103 μὲν
926 1022 1029 1106 γὰρ
1051 1021 1155 1084 ὑπὸ
1176 1031 1293 1090 ταῖς
1320 1021 1531 1103 ἄρκτοις
1552 1031 1657 1091 πᾶς
1682 1020 1778 1101 μὲν
1808 1023 2047 1105 ἀρκτικὸς
2068 1026 2155 1087 καὶ
2177 1027 2372 1109 βόρειος

808 1110 1018 1190 λέγεται
1035 1154 1054 1186 ,
1073 1108 1180 1186 ἤδη
1204 1109 1261 1171 δὲ
1288 1112 1451 1171 αὖτοῧ
1478 1109 1539 1169 τὸ
1578 1111 1672 1189 μὲν
1708 1111 2147 1195 ἀνατολικώτιρον
2172 1118 2370 1177 Σκυθι·

808 1199 897 1267 κὸς
948 1200 1211 1277 ὠκεανὸς,
1255 1198 1317 1259 τὸ
1348 1198 1404 1257 δὲ
1451 1196 1791 1279 δυτικῶτερον
1834 1202 2154 1277 Γερμανικός
2180 1226 2236 1263 τε
2278 1204 2370 1265 καὶ

811 1286 1167 1369 Βρεττανικὸς
1202 1288 1473 1346 καλεῖται·
1517 1292 1546 1346 ὁ
1594 1288 1649 1349 δὲ
1678 1288 1831 1356 αὐτὸς
1868 1280 2015 1357 οὗτος
2044 1290 2253 1371 σύμπας
2280 1293 2370 1353 καὶ

732 1393 783 1434 10
814 1374 1033 1454 Κρόνιον
1064 1373 1299 1454 πέλαγος
1323 1373 1415 1433 καὶ
1453 1372 1719 1454 Πεπηγὼς
1746 1376 1837 1436 καὶ
1866 1376 2064 1458 Νεκρὸς
2088 1381 2368 1456 ἔπωνυμοί,

809 1464 976 1530 ζεται.
1060 1460 1133 1525 Ὅ
1173 1460 1230 1522 δὲ
1257 1461 1359 1522 ὑπὸ
1384 1467 1453 1543 τῇ
1484 1462 1787 1544 μεσημβρία
1826 1462 2037 1541 σύμπας
2063 1462 2157 1543 μὶν
2184 1467 2366 1527 καλεῖ-

810 1573 898 1609 ται
948 1549 1326 1631 Μεσημὸρινός
1366 1574 1423 1611 τι
1472 1549 1562 1609 καὶ
1600 1550 1787 1619 Νότιος
1820 1551 2069 1621 ὠκεανός·
2108 1554 2267 1616 πάλιν
2317 1558 2364 1616 δῖ

810 1638 985 1718 αὐτοῦ,
1020 1637 1082 1698 τὸ
1122 1636 1219 1717 μὲν
1248 1636 1687 1721 ἁνατολικῶτερον
1720 1637 1955 1721 Ἐρυθρὰ
1993 1640 2265 1718 θάλασσα,
2297 1642 2358 1705 τὸ

811 1725 868 1785 δὲ
909 1724 1253 1809 δυτικῶτιρον
1283 1726 1589 1795 Αἰθιοπικὸς
1632 1728 1860 1796 ὠκεανὸς
1901 1731 2357 1812 προσαγορεύεται.

728 1827 781 1872 1⁸
809 1816 935 1875 Τῶν
965 1812 1021 1874 δὲ
1068 1816 1265 1875 λοιπῶν
1296 1814 1388 1875 δύο
1428 1814 1698 1894 κλιμάτων
1736 1814 1797 1875 τὸ
1839 1815 1935 1893 μὲν
1960 1820 2079 1877 κατ’
2107 1818 2364 1887 ἀνατολὰς

808 1899 984 1985 Ἑῷον
1010 1902 1237 1981 πέλαγος
1260 1904 1353 1964 καὶ
1390 1902 1604 1973 Ἰνδικὸς
1629 1904 1855 1972 ὠκεανὸς
1872 1950 1889 1982 ,
1920 1904 1979 1965 τὸ
2018 1904 2073 1967 δὲ
2101 1905 2241 1967 κατὰ
2262 1906 2359 1979 τὴν

808 1990 956 2052 δύσιν
975 2036 995 2071 ,
1042 1991 1136 2072 ἀφ’
1160 1981 1321 2071 οὗπερ
1359 1996 1394 2063 ἡ
1428 1995 1549 2051 καθ’
1588 1998 1729 2068 ἡμᾶς
1762 1992 2000 2051 θάλασσα
2031 1995 2358 2076 πληροῦται,

807 2076 1088 2160 Ἑσπέριος
1110 2078 1363 2153 ὠκεανὸς,
1380 2080 1474 2139 καὶ
1491 2083 1609 2140 κατ’
1640 2078 1824 2161 ἐξοχὴν
1844 2080 2165 2141 Ἀτλαντικὸν
2188 2104 2360 2163 προσ-

806 2167 1113 2247 αγορεύεται
1129 2166 1373 2247 πίλαγος.

800 2337 1001 2393 statuit.
1033 2337 1225 2393 Contra
1259 2353 1384 2390 vero
1413 2346 1595 2391 nostro
1620 2334 1736 2389 loco
1760 2336 1941 2389 Brevis
1964 2337 2118 2389 maris
2145 2336 2358 2390 nomine

800 2416 957 2469 etiam
998 2414 1029 2481 ἡ
1060 2414 1327 2486 Πρασώδης
1370 2414 1590 2467 Θάλασσα
1616 2412 2097 2485 comprehenditur.
2141 2416 2356 2487 Majoris

797 2504 973 2548 autem
1003 2493 1255 2547 momenti
1284 2492 1629 2564 discrepantia
1665 2491 1734 2547 de
1758 2492 1958 2546 Esinau
1991 2495 2211 2565 emporii
2249 2496 2354 2549 situ

795 2572 934 2625 inter
958 2571 1291 2625 Ptolemaeum
1311 2582 1362 2625 et
1383 2572 1723 2644 Anonymum
1742 2570 2032 2627 intercedit.
2054 2573 2353 2629 Secundum

792 2651 1044 2705 Nostrum
1088 2650 1285 2704 Esinau
1309 2658 1363 2703 et
1398 2648 1600 2722 Rhapta
1626 2651 1681 2704 in
1722 2648 1907 2704 eadem
1949 2651 2159 2722 regione
2196 2651 2354 2709 fuisse

790 2728 1019 2796 debent,
1047 2728 1191 2803 apud
1216 2728 1551 2783 Ptolemaeum
1578 2746 1702 2783 vero
1727 2729 1913 2782 Essina
1935 2729 2017 2798 (3·
2054 2728 2144 2783 lat.
2162 2735 2353 2803 austr.)

789 2818 1039 2879 quattuor
1064 2806 1322 2879 graduum
1348 2806 1621 2861 intervallo
1646 2826 1677 2861 a
1703 2808 1949 2879 Rhapton
1972 2810 2249 2881 metropoli
2272 2812 2354 2881 (7ο

790 2884 880 2942 lat.
906 2887 1098 2956 austr.)
1120 2896 1410 2957 separatur.
1439 2886 1703 2939 Nimirum
1725 2895 1847 2958 post
1866 2903 1957 2940 eoa
1976 2884 2143 2941 litoris
2166 2887 2354 2961 Libyci

786 2974 983 3019 tractus
1024 2965 1117 3037 qui
1160 2974 1415 3019 vocantur
1457 2962 1709 3019 Ἀπόκοπα
1745 2975 1799 3018 et
1834 2963 2020 3036 Μικρὸς
2052 2964 2278 3037 αἰγιαλὸς
2303 2978 2356 3023 et

787 3040 955 3111 Μιγας
975 3039 1230 3113 αἰγιαλός,
1256 3040 1567 3096 Ptolemaeus
1590 3046 1665 3109 (1,
1710 3044 1799 3111 17)
1827 3053 2005 3096 narrat
2041 3042 2217 3097 sinum
2243 3062 2356 3100 esse

786 3118 838 3173 ἓν
859 3114 903 3193 ᾧ
928 3117 1159 3192 ἐμπόριον
1188 3118 1246 3173 τὸ
1274 3118 1579 3191 καλούμενον
1603 3118 1845 3185 Ἔσσινα,
1878 3119 2001 3191 μετὰ
2045 3121 2131 3174 δύο
2168 3122 2354 3193 νυχθη-

788 3200 947 3271 μῦρων
972 3198 1149 3253 πλοῦν·
1181 3196 1295 3251 εἶτα
1326 3198 1643 3269 Σαραπίωνος
1670 3200 1826 3270 ὅρμον
1868 3198 1993 3271 μετὰ
2034 3202 2143 3271 μιᾶς
2174 3200 2356 3274 ἡμέρας

785 3277 963 3333 πλοῦν·
990 3276 1211 3332 ἐντεῦθεν
1236 3278 1474 3349 ἄρχεσθαι
1498 3277 1584 3331 τὸν
1610 3277 1689 3332 ἐπὶ
1708 3276 1772 3331 τὰ
1804 3276 1994 3333 ‘Pacate
2012 3280 2217 3350 φέροντα
2236 3278 2356 3333 262-

786 3378 879 3412 πον
904 3362 1056 3429 τριῶν
1094 3356 1415 3428 νυχθημέρων
1457 3354 1641 3427 ἔχοντα
1679 3355 1939 3413 διάπλουν.
1969 3357 2175 3426 Quibus
2197 3375 2355 3430 repu-

788 3447 952 3507 gnant
986 3454 1095 3489 non
1136 3434 1299 3489 modo
1334 3452 1454 3507 quae
1480 3439 1787 3508 Anonymus
1823 3446 2003 3489 noster
2034 3434 2219 3503 habet,
2262 3437 2355 3492 sed

788 3524 949 3577 etiam
976 3540 1038 3577 ea
1056 3539 1175 3594 quae
1202 3522 1255 3575 in
1282 3522 1672 3576 accuratissimo
1693 3520 1903 3595 Periplo
1922 3522 2079 3576 maris
2099 3522 2356 3597 Erythraei

791 3600 1059 3676 leguntur.
1087 3605 1152 3657 In
1175 3619 1240 3656 eo
1270 3603 1410 3656 enim
1438 3601 1565 3657 inde
1604 3620 1637 3657 ιι
1677 3603 1975 3676 Sarapionis
2017 3603 2237 3658 statione
2274 3623 2356 3659 ee-

792 3688 1033 3757 quimtur
1067 3693 1268 3756 septem
1297 3683 1507 3738 Azaniae
1532 3700 1747 3747 cursus,
1776 3682 1968 3738 deinde
1994 3681 2219 3738 duarum
2244 3683 2356 3740 die-

789 3781 911 3818 rum
943 3763 1286 3835 noctiumque
1322 3780 1507 3816 cursus
1550 3761 1619 3816 ad
1657 3762 2051 3817 Menuthiadem
2097 3762 2318 3819 insulam
2335 3806 2352 3833 ,

788 3842 916 3897 hinc
938 3842 1167 3915 denique
1192 3841 1349 3896 unius
1371 3840 1477 3895 diei
1500 3841 1771 3913 noctisque
1793 3860 1975 3897 cursus
1996 3841 2064 3896 ad
2090 3842 2354 3915 Rhaptum

788 3922 1242 3996 promontorium,
1272 3919 1408 3975 adeo
1434 3930 1495 3975 ut
1521 3921 1583 3975 13
1610 3919 1821 3975 dierum
1847 3938 2029 3975 cursus
2053 3922 2152 3987 sit,
2180 3921 2270 3976 ubi
2287 3940 2352 3977 ex

786 4002 1052 4058 Ptolemaei
1090 4002 1393 4056 narratione
1432 4018 1522 4054 sex
1558 3999 1925 4054 tantummodo
1964 3999 2172 4054 dierum
2205 4001 2352 4054 navi-

786 4082 925 4151 gatio
968 4080 1123 4134 soret.
1170 4077 1542 4151 Pet-probabile
1582 4078 1743 4148 igitur
1778 4088 1858 4132 est
1894 4078 2089 4131 Essiam
2130 4080 2350 4150 emporii

785 4160 962 4213 sinum
986 4157 1128 4231 apud
1152 4156 1491 4212 Ptolemaeum
1528 4173 1803 4228 perperam
1842 4154 2211 4227 transpositum
2238 4172 2349 4209 csse

789 4236 1196 4309 ponendumque
1221 4235 1381 4289 fuisse
1430 4244 1552 4307 post
1590 4235 1767 4288 sinum
1794 4252 1883 4287 sex
1911 4234 2118 4287 dierum
2152 4233 2242 4304 qui
2269 4243 2349 4287 est

786 4314 912 4371 inde
932 4333 965 4370 a
984 4314 1281 4387 Sarapionis
1308 4315 1565 4391 statione3
1594 4314 1788 4385 cuique
1822 4314 1873 4367 in
1899 4311 2104 4385 Periplo
2132 4329 2345 4383 respon-

784 4393 917 4450 dent
940 4396 1369 4468 septem,Azaniae
1395 4411 1609 4460 cursus,
1638 4394 1711 4447 ita
1742 4403 1804 4447 ut
1828 4394 2025 4447 Essinae
2054 4394 2199 4446 sinus
2222 4393 2292 4446 sit
2315 4411 2347 4447 e

786 4476 999 4547 regione
1022 4472 1373 4528 Menuthiadis
1403 4472 1553 4545 (hod.
1607 4471 1853 4543 Unguch'a
1896 4473 2005 4525 sive
2046 4470 2342 4548 Zmibar)

785 4552 969 4607 insulae
982 4552 1133 4624 juxta
1143 4570 1266 4605 eum
1290 4570 1397 4607 orae
1420 4562 1644 4606 tractum
1670 4551 1757 4604 cui
1772 4548 1900 4605 hod.
1924 4548 2172 4603 Wassina
2197 4567 2346 4604 mon·
2397 4606 2404 4614 ,

784 4642 865 4687 tea
904 4641 959 4687 et
984 4630 1236 4705 oppidum
1275 4630 1455 4704 (quod
1502 4630 1571 4685 ab
1596 4641 1769 4684 vetere
1804 4630 1988 4682 Essina
2014 4646 2123 4681 non
2158 4629 2228 4682 ait
2260 4626 2344 4682 di·

784 4714 1023 4783 versum)
1044 4709 1300 4784 adjacent.
1330 4714 1445 4766 Jam
1478 4730 1599 4766 vero
1621 4712 1825 4765 mireris
1851 4710 1987 4764 hane
2014 4727 2119 4763 01·ae
2141 4719 2341 4781 partem

781 4791 841 4843 in
878 4790 1089 4864 Periplo
1140 4802 1323 4846 nostro
1365 4792 1523 4846 maris
1573 4790 1829 4865 Erythraei
1872 4789 2087 4844 nomine
2128 4806 2306 4843 carere
2319 4828 2336 4855 ‚

777 4886 949 4942 quum
984 4873 1143 4927 ceteri
1186 4871 1352 4926 litoris
1397 4882 1567 4943 partes
1610 4872 1717 4925 suis
1758 4868 1973 4941 singulae
2038 4870 2340 4924 nominibus

776 4947 1095 5007 afficiantur.
1142 4948 1245 5005 Sed
1290 4950 1553 5017 attendas,
1598 4950 1787 5017 velim,
1832 4967 1898 5004 eo
1935 4950 2050 5021 ipso
2074 4948 2217 5014 loco,
2244 4949 2340 5004 ubi

775 5030 979 5083 mentio
1003 5028 1119 5101 ejus
1150 5032 1228 5083 rei
1270 5028 1505 5083 facienda
1547 5039 1686 5096 erat,
1720 5028 1955 5083 codicem
1976 5026 2167 5099 Peripli
2191 5026 2338 5082 labo-

774 5124 912 5160 rare.
934 5106 1115 5161 Verba
1138 5108 1251 5161 haec
1276 5117 1401 5161 sunt
1430 5107 1500 5181 (S
1530 5106 1591 5161 15
1620 5108 1673 5161 in
1700 5119 1832 5163 tom.
1865 5125 1913 5173 1,
1939 5125 1994 5179 p.
2034 5111 2137 5177 269
2182 5108 2289 5178 sq.)
2317 5122 2333 5160 ε

776 5184 855 5257 ἀφ’
884 5178 944 5253 ἥς
984 5186 1079 5258 (sc.
1110 5189 1199 5253 τῆς
1237 5185 1511 5257 λεγομένης
1537 5186 1803 5258 Διώρυχος)
1844 5186 2013 5257 μικρὸν
2054 5184 2215 5241 ἐπάνω
2248 5188 2336 5239 τοῦ

772 5264 913 5328 λιὸὸς
941 5264 1066 5337 μετὰ
1097 5266 1185 5319 δύο
1226 5266 1438 5337 δρόμους
1466 5266 1789 5338 νυχθημέρους
1814 5284 1890 5319 πα
1903 5265 1946 5336 ρ’
1987 5261 2177 5331 αὸτὴν
2222 5261 2335 5331 τήν
2373 5298 2383 5317 .

2457 1036 2822 1109 appellationes
2845 1042 3082 1096 sortitur.
3157 1044 3292 1097 Nam
3337 1062 3443 1115 qua
3469 1044 3594 1116 polo
3620 1047 3818 1101 arctico
3839 1046 4016 1119 subja·

2457 1132 2540 1178 cet
2558 1162 2574 1188 ,
2620 1123 2907 1197 appellatur
2943 1129 3184 1181 Arcticus
3210 1130 3318 1183 sive
3365 1130 3598 1185 Borealis
3614 1170 3631 1197 ,
3655 1131 3810 1204 eujus
3837 1144 4014 1187 tamen

2455 1227 2575 1282 pars
2603 1212 2791 1267 orienti
2813 1215 3030 1287 propior
3051 1214 3245 1269 dicitur
3279 1234 3504 1271 oceanus
3541 1218 3812 1291 Scythicus
3828 1260 3846 1286 ,
3871 1221 4015 1275 ocei-

2456 1294 2675 1351 dentalis
2715 1316 2838 1352 vero
2879 1300 3224 1354 Germanicus
3267 1313 3320 1355 et
3357 1303 3718 1370 Britannicus;
3777 1304 3870 1359 sed
3921 1307 4017 1361 hie

2457 1383 2566 1455 ipse
2593 1385 2866 1440 universus
2889 1398 3226 1459 nuncupatur
3251 1389 3408 1442 etiam
3434 1389 3645 1461 pelagus
3670 1392 3926 1446 Cronium
3958 1406 4015 1449 et

2454 1470 2741 1526 Concretas
2767 1490 2990 1527 oceanus
3016 1484 3069 1527 et
3091 1475 3361 1536 Mortuusz
3391 1493 3506 1548 qua.
3524 1488 3695 1533 autem
3724 1478 3825 1533 sub
3853 1482 4016 1535 meri-

2453 1554 2594 1611 diem
2610 1595 2627 1623 ,
2648 1567 2790 1612 totus
2809 1558 3025 1631 quidem
3048 1558 3366 1615 Men-idianus
3393 1572 3447 1616 et
3469 1563 3658 1618 Notius
3683 1582 3908 1620 oceanus
3926 1565 4016 1621 di-

2453 1643 2615 1709 citur3
2655 1661 2836 1704 rursus
2882 1664 3007 1699 vero
3033 1644 3188 1717 hujus
3223 1666 3342 1721 pars
3381 1649 3574 1707 orienti
3615 1640 3854 1706 vicinior'
3869 1670 4018 1709 mare

2451 1730 2711 1813 Rubrum,
2727 1742 2781 1786 et
2801 1750 2906 1803 qua
2924 1736 3054 1805 petit
3072 1733 3416 1799 occidentem,
3451 1736 3774 1811 AEthiopicus
3786 1756 4015 1793 oceanus

2450 1815 2616 1873 audit.
2690 1819 2754 1871 In
2779 1817 2995 1890 reliquis
3026 1818 3234 1874 duobus
3275 1821 3596 1887 climatibus,
3623 1824 3876 1896 quicquid
3893 1823 4010 1896 ejus

2449 1915 2527 1958 εει
2552 1903 2620 1958 ad
2639 1915 2817 1960 ortum
2841 1904 2993 1973 solia,
3019 1925 3262 1963 vocamus
3289 1912 3462 1964 Eoum
3482 1928 3624 1965 mane
3646 1930 3737 1966 seu
3756 1930 4012 1966 oceanum

2450 1990 2718 2055 Indicum,
2751 1991 3008 2065 quicquid
3032 1992 3098 2047 ad
3133 2012 3411 2061 occasum,
3451 1996 3596 2050 unde
3621 2008 3866 2051 nostrum
3903 1998 4013 2053 hoc

2449 2097 2592 2134 mare
2633 2080 2884 2153 repletur,
2927 2082 3212 2155 Hesperius
3259 2084 3567 2139 nominatur
3613 2104 3841 2141 oceanus
3855 2126 3870 2151 ‚
3918 2097 4014 2141 aut

2447 2169 2605 2223 etiam
2627 2186 2723 2241 per
2743 2168 3102 2225 excellentiam
3123 2169 3448 2227 Atlanticum
3471 2171 3702 2244 pelagus.

2443 2334 2623 2388 δύσιν
2656 2333 3062 2406 ιίτενηδιωμ
3091 2334 3426 2399 Mamaeam&
3451 2336 3646 2393 ἀπαντέ
3679 2342 3846 2407 νῆσος.
3875 2342 4013 2409 Qum

2443 2414 2692 2469 resarcire
2723 2415 2821 2468 viri
2846 2413 2998 2469 docti
3025 2413 3166 2469 haud
3205 2414 3310 2469 leni
3333 2434 3495 2470 manu
3519 2426 3790 2472 tentarunt
3813 2420 3917 2485 ita,
3948 2430 4012 2474 ut

2440 2503 2628 2547 auctor
2673 2492 2814 2547 dicat
2847 2504 2941 2548 aut
2979 2495 3364 2565 navigationem
3406 2513 3586 2549 versus
3613 2514 3856 2553 occasum
3893 2509 4010 2553 ten·

2441 2572 2596 2637 dere,
2623 2582 2716 2627 aut
2735 2572 2955 2627 insulam
2979 2574 3037 2627 in
3063 2591 3307 2628 occasum
3333 2592 3446 2629 esse
3465 2588 3796 2648 porrectamg
3822 2596 4012 2651 quam-

2442 2668 2600 2723 quam
2621 2661 2843 2724 utraque
2884 2653 3020 2709 ratio
3041 2671 3280 2709 errorem
3299 2641 3531 2709 auc'toris
3556 2656 3750 2729 Peripli
3778 2657 4012 2732 implica-

2442 2739 2541 2785 ret.
2588 2732 2775 2802 Itaque
2819 2730 2964 2785 aliud
2994 2730 3288 2787 remedium
3327 2734 3857 2808 circumspiciendum
3895 2756 4010 2791 cese

2433 2805 2556 2878 jure
2581 2809 2770 2863 merito
2804 2810 3016 2864 monuit
3043 2809 3378 2865 doctissimus
3403 2813 3755 2870 D’Avezacins
3780 2818 4009 2884 (Anna-

2442 2886 2514 2941 les
2539 2886 2630 2942 des
2649 2905 2900 2957 voyagcs,
2933 2888 3103 2955 1856,
3144 2907 3200 2961 p.
3243 2891 3390 2961 134).
3428 2890 3618 2946 Attulit
3651 2892 4008 2965 conjecturam

2442 2972 2616 3025 nescio
2639 2969 2790 3042 cujus
2805 3011 2822 3037 ,
2851 2973 2944 3043 qui
2965 2971 3245 3043 legendum
3267 2976 3545 3046 proposuit
3569 2991 3584 3030 ι
3609 2976 3723 3047 παρ’
3745 2975 3894 3044 αὐτὴν
3913 2976 4008 3043 τήν

2441 3049 2576 3103 δύσιν
2604 3048 2703 3104 εἴτε
2727 3047 2788 3116 νὴ
2829 3050 2894 3103 δι’
2916 3051 2984 3103 ἕω
3011 3052 3144 3107 Μεν.
3169 3062 3271 3108 etc.
3299 3054 3458 3106 Recte
3501 3052 3605 3108 hoe
3649 3056 3852 3127 respuit
3893 3056 4008 3113 Sal·

2442 3130 2634 3183 masius
2651 3127 2745 3199 (ad
2769 3128 2932 3183 Soli'n.
2959 3146 3016 3202 p.
3047 3132 3209 3200 778),
3241 3147 3408 3204 quum
3437 3132 3674 3205 ineptum
3705 3134 3776 3188 sit
3801 3145 3855 3188 et
3877 3153 4006 3189 eon·

2434 3206 2689 3277 jectorem
2737 3208 2928 3282 prodat
2975 3208 3243 3263 literarum
3291 3228 3576 3280 graecarum
3620 3211 3829 3267 rudem.
3885 3216 4006 3286 Ipse

2443 3286 2793 3341 D’Avezacius
2817 3286 3120 3359 propinavit
3143 3286 3257 3341 haec
3281 3288 3430 3359 παρ’
3453 3286 3604 3355 αὑτὴν
3629 3287 3718 3355 τὴν
3747 3291 3881 3344 δύσιν
3907 3289 4006 3345 εἶτ’

2445 3362 2530 3438 ἕνῃ
2550 3365 2614 3418 δι’
2639 3365 2735 3428 ἔω,
2757 3363 2904 3437 quod
2921 3364 3214 3436 significare
3234 3364 3384 3420 vellet
3412 3382 3427 3419 :
3461 3390 3488 3415 ι
3510 3378 3631 3439 post
3642 3366 3866 3421 duarum
3889 3369 4004 3424 die·

2442 3459 2563 3495 rum
2580 3442 2920 3515 noctiumque
2929 3460 3141 3497 cursum
3153 3441 3306 3515 juxta
3318 3452 3512 3497 terram
3533 3443 3601 3498 ab
3620 3462 3808 3498 occasu
3825 3446 4001 3511 sitam,

2443 3521 2600 3576 tertio
2629 3518 2822 3576 deinde
2844 3519 2933 3575 die
2960 3538 3138 3575 versus
3160 3531 3340 3577 ortum
3360 3522 3595 3577 occurrit
3616 3522 3934 3581 Menuthias.
3973 3550 3997 3572 ι.

2442 3600 2546 3656 Sed
2566 3601 2680 3673 ipsc
2701 3598 2836 3657 bene
2863 3601 3084 3655 sensisse
3117 3600 3324 3655 videtur
3345 3618 3517 3673 neque
3540 3601 3677 3655 δύσιν
3711 3621 3892 3659 vocem
3927 3604 4004 3659 ita

2441 3681 2684 3753 usurpari
2717 3698 2870 3753 posse
2901 3697 3073 3751 neque
3103 3689 3243 3733 recte
3268 3677 3374 3734 dici
3413 3678 3556 3734 istud
3596 3681 3660 3735 δι’
3689 3680 3776 3737 ἕω.
3816 3684 4004 3755 Itaque

2440 3759 2484 3812 si
2514 3758 2670 3813 verba
2711 3760 2824 3831 παρ’
2859 3756 3010 3826 αὖτὴν
3047 3755 3138 3825 τὴν
3177 3758 3313 3812 δῦσιν
3341 3759 3528 3831 quovis
3551 3770 3708 3833 pacto
3745 3762 4002 3818 servanda

2439 3849 2635 3905 essent,
2695 3837 2962 3894 crederem
3012 3837 3236 3912 aliquem
3285 3839 3354 3893 ad
3414 3838 3639 3895 obscura
3679 3840 3766 3895 illa
3825 3842 4000 3913 μικρὸν

2438 3916 2600 3973 ἐπάνω
2626 3922 2713 3972 τοῦ
2739 3918 2876 3981 λιὸὸς
2904 3917 3180 3973 adnotasse
3205 3934 3223 3974 2
3250 3919 3363 3991 παρ’
3387 3917 3540 3987 αὗτῆν
3567 3918 3657 3987 τὴν
3689 3920 3824 3974 δύσιν
3859 3918 3999 3976 εἶπεν

2436 3996 2580 4065 ἡλίου
2621 3998 2700 4053 vel
2725 3996 2836 4069 παρ’
2864 4017 2916 4052 α.
2945 4017 2994 4052 τ.
3020 3998 3070 4053 δ.
3097 3996 3250 4053 εἰπιῖν
3282 3998 3443 4066 ἥδιον,
3473 3998 3637 4072 idque
3673 3998 3924 4071 glossema
3967 4020 3998 4055 e

2436 4079 2670 4149 margine
2694 4080 2749 4131 in
2780 4076 3024 4132 ordinem
3048 4076 3332 4132 verborum
3367 4079 3656 4150 irrepsisse.
3685 4082 3757 4133 At
3781 4096 3813 4132 e
3836 4097 3998 4151 supra

2433 4156 2597 4211 allatis
2620 4166 2804 4229 sponte
2827 4156 3060 4211 nascitur
3086 4157 3316 4230 suspicio
3345 4175 3508 4232 manu
3529 4157 3791 4212 lenissima
3815 4176 3995 4213 emen·

2433 4233 2659 4289 dandam
2679 4253 2788 4289 csse
2813 4252 2827 4287 ε
2854 4236 2967 4307 παρ’
2991 4233 3142 4303 αὖτὴν
3173 4233 3264 4302 τὴν
3292 4235 3575 4305 Αὖσινείτην
3607 4236 3706 4302 (vel
3727 4236 3852 4293 sort.
3886 4235 3993 4290 ’Ae-

2432 4315 2666 4383 σινείτην)
2687 4312 2851 4381 ἠιόνα,
2881 4340 2904 4361 ι
2928 4314 3082 4386 juxta
3120 4316 3395 4369 Ausiniten
3419 4314 3714 4388 (Woessma)
3745 4333 3894 4369 oram
3927 4338 3950 4365 ι
3973 4355 3990 4382 ,

2431 4410 2594 4466 eaque
2615 4394 2872 4465 scriptura
2883 4433 2899 4459 ,
2915 4396 3092 4448 neseio
3105 4412 3172 4447 an
3183 4394 3366 4449 leviter
3379 4403 3628 4467 corrupta
3643 4434 3658 4459 ,
3675 4392 3896 4447 indicari
3911 4412 3993 4449 re·

2431 4473 2638 4543 gionem
2650 4474 2864 4527 Essinae.
2875 4473 2978 4543 11-
2989 4475 3079 4529 28.
3101 4473 3248 4545 μύρια
3261 4472 3510 4546 τρισχίλια
3523 4471 3635 4540 ἤτοι
3645 4464 3988 4547 μίλιαμψλγῚ

2429 4549 3017 4624 τρισμύριαμυγόοᾱάς
3042 4552 3299 4625 τρισμύρια
3320 4550 3432 4620 ἦτοι
3455 4552 3598 4625 μίλια
3611 4553 3684 4622 ,δ’
3704 4552 3858 4610 editt.
3873 4554 3994 4608 Mit-

2429 4629 2698 4684 liariorum
2713 4647 2995 4684 numerum
3009 4632 3054 4700 ,ὃ
3065 4631 3356 4685 Tennulius
3372 4630 3455 4685 vel
3467 4629 3664 4685 codicis
3673 4632 3990 4687 Tcnnuliani

2429 4708 2602 4762 scriba
2622 4708 2692 4763 ad
2717 4708 3010 4763 stadiorum
3032 4726 3318 4764 numerum
3342 4710 3540 4775 3o,ooo
3562 4712 3986 4767 accommodasse

2429 4784 2655 4844 videtur.
2695 4788 2900 4842 Vitium
2925 4786 3087 4843 latere
3121 4788 3178 4841 in
3203 4805 3427 4842 numero
3463 4788 3722 4861 τρισμύρια
3747 4788 3864 4843 luce
3885 4790 3988 4845 cla-

2427 4868 2537 4921 rius
2569 4877 2667 4922 est.
2696 4868 2759 4921 In
2796 4867 3062 4922 Ptolemaei
3102 4866 3293 4922 tabulis
3313 4868 3382 4923 ab
3421 4870 3611 4922 intimo
3635 4868 3782 4923 sinus
3807 4870 3985 4941 Magni

2425 4965 2633 5001 reoessu
2657 4948 2824 5017 (173⁰
2862 4946 3031 5018 long„
3083 4950 3175 5019 17⁰
3205 4947 3293 5003 ao'
3332 4947 3422 5002 lat.
3448 4946 3692 5019 boreal.)
3717 4966 3888 5020 usque
3915 4952 3985 5003 ad

2425 5026 2670 5080 ultimum
2691 5044 2798 5080 orae
2829 5026 3098 5081 orientalis
3121 5026 3298 5081 locum
3322 5028 3584 5097 Cattigara
3611 5028 3779 5100 (177⁰
3813 5027 3979 5099 long„

2425 5108 2486 5161 8ο
2513 5104 2599 5161 30¹
2609 5105 2698 5162 lat.
2723 5106 2916 5175 austr.)
2941 5104 3080 5161 linea
3101 5116 3242 5161 recta
3263 5115 3388 5160 sunt
3409 5104 3577 5160 stadia
3593 5106 3817 5173 13,ooo;
3838 5105 3982 5161 unde

2421 5184 2682 5258 colligitur
2706 5184 2975 5258 quomodo
2997 5186 3142 5241 locus
3166 5196 3348 5240 noster
3367 5184 3726 5240 emendandus
3749 5187 3837 5243 sit.

2492 5263 2791 5334 §45.-3.
2820 5262 2962 5332 ἡτὴν
2991 5264 3154 5337 ὅλην]
3187 5265 3270 5318 καὶ
3297 5261 3384 5332 τὴν
3422 5264 3547 5333 ὅλην
3569 5262 3726 5319 codd.
