4584 6284
711 582 818 633 128

839 696 1037 776 Αἰγαίη
1060 698 1103 755 δ’
1128 686 1300 777 εὗρον.
1329 693 1566 759 Πέλοπος
1589 690 1637 751 δ’
1658 689 1745 750 ἐπὶ
1767 692 1923 763 νῆσος
1952 688 2167 766 ὀπηδεῖ,

841 784 1081 865 εἰδομένη
1109 781 1401 844 πλατάνοιο
1421 780 1750 862 μυουρίζοντι
1771 778 2009 857 πετήλῳ.

2097 556 2439 618 moNYsu

2337 712 2494 749 eurus
2514 694 2707 765 AEgaeo.
2731 694 2869 748 Tum
2896 693 3090 766 excipit
3116 692 3531 765 Peloponnesus,

2335 778 2524 852 platani
2554 779 2835 835 consimilis
2862 778 2987 833 solio
3012 780 3068 833 in
3094 779 3337 833 acumina
3369 778 3618 834 distracto
3657 794 3673 834 z

721 894 802 936 ms
831 876 1008 955 Ἀκρῳ
1053 870 1147 949 μὲν
1179 871 1281 951 γὰρ
1311 870 1474 929 ἔοικεν
1503 864 1802 945 ἱεργύμενος
1843 863 2016 929 στενὸς
2047 864 2248 938 Ἰσθμὸς
2338 884 2456 920 nam
2484 864 2675 938 petiolo
2694 865 2875 919 similis
2901 876 2979 919 est
3001 875 3261 919 coartatus
3288 865 3343 919 10
3370 866 3631 935 angustias
3656 864 3887 920 Isthmus

841 960 968 1041 πρὸς
985 959 1174 1041 βορέην
1187 1004 1203 1032 ,
1222 956 1315 1017 καὶ
1324 953 1469 1025 ξυνὸν
1485 955 1562 1035 ἔφ’
1586 951 1842 1016 Ἑλλάδος
1853 950 1994 1031 ίχνος
2010 949 2216 1030 ἐρείδων
2234 970 2246 985 ·

841 1050 1022 1131 φύλλῳ
1055 1046 1102 1107 δ’
1121 1045 1336 1125 ἤπειρος
1359 1040 1687 1121 πολυδινήτῳ
1715 1038 2053 1117 περίμετρος,

843 1140 1058 1203 κόλποις
1088 1134 1333 1199 εἰναλίαις
1362 1131 1659 1206 ἐστεμμένη
1689 1127 1808 1186 ἔνθα
1832 1125 1922 1185 καὶ
1944 1122 2086 1185 ἔνθα.

847 1228 962 1295 Τῆς
991 1222 1086 1301 μὲν
1119 1221 1248 1301 πρὸς
1272 1218 1508 1301 ζεφύροιο
1530 1215 1842 1297 Τριφυλίδος
1863 1211 1992 1283 ἤθεα
2023 1210 2207 1289 γαίης,

727 1333 810 1373 410
849 1312 951 1372 ἔνθ’
985 1309 1374 1391 ἔρατεινότατος
1401 1307 1650 1383 ποταμῶν
1681 1300 1907 1382 Ἀλφειὸς
1933 1299 2126 1376 ὁδεύει,

844 1400 1147 1480 σχιζόμενος
1172 1398 1434 1477 προχοῇσι
1473 1391 1738 1463 Μεσηνίου
1767 1388 2051 1469 Εὐρώταο,

846 1489 943 1547 οἵτ’
967 1488 1128 1567 ἄμφω
1159 1482 1401 1555 Ἀσέηθεν
1426 1477 1770 1547 ἀναὸλύζουσι
1803 1478 2011 1557 ῥέεθρα·

853 1574 968 1636 ἀλλ’
994 1572 1131 1652 ὑμὶν
1147 1568 1393 1642 Ἠλείων,
1418 1571 1448 1627 ὁ
1463 1568 1507 1627 δ’
1524 1566 1848 1644 Ἀμυκλαίων
1866 1564 2029 1644 χθόνα
2047 1558 2242 1639 τέμνει.

845 1660 1021 1724 Kassa
1045 1659 1209 1738 μέσην
1233 1662 1386 1731 νῆσον
1414 1651 1594 1729 κοίλην
1623 1652 1786 1735 χθόνα
1811 1648 2136 1711 ναιετάουσιν

725 1771 804 1812 ns
841 1747 1080 1830 Ἀρκάδες
1112 1745 1412 1815 Ἀπιδανῆες
1433 1742 1533 1802 ὑπὸ
1559 1738 1780 1812 σκοπιὴν
1806 1736 2166 1817 Ἐρυμάνθου,

853 1836 974 1896 ἔνθα
1008 1836 1214 1906 Μέλας,
1243 1830 1324 1891 ὅθι
1353 1832 1548 1910 Κρᾶθις
1567 1872 1584 1900 ,
1621 1826 1704 1885 ἵνα
1750 1825 1854 1905 ῥέει
1887 1821 2037 1903 ὑγρὸς
2059 1822 2210 1881 ’Idm
2229 1864 2245 1893 ‚

2338 971 2513 1008 versus
2534 954 2743 1007 boream
2754 992 2771 1020 ,
2792 964 2845 1007 et
2857 953 3124 1007 communi
3150 953 3366 1022 vestigio
3393 954 3608 1007 Graeciae
3622 954 3882 1014 insistens,

2337 1039 2461 1094 solio
2484 1052 2656 1095 autem
2683 1037 3017 1093 multifariam
3046 1037 3412 1092 circumducto
3443 1037 3629 1091 similis
3650 1047 3728 1091 est
3758 1055 3889 1092 con-

2337 1125 2549 1178 tinentis
2568 1120 2814 1189 ambitus,
2834 1122 3033 1175 sinibus
3052 1122 3269 1175 marinis
3294 1122 3487 1195 passim
3514 1132 3812 1178 exornatus.

2337 1212 2398 1264 In
2426 1228 2485 1264 ea
2511 1208 2578 1264 ab
2604 1225 2793 1263 occasu
2814 1218 2937 1262 sunt
2951 1206 3265 1280 Triphylicae
3286 1206 3512 1277 regionis
3530 1206 3677 1261 sedes
3690 1246 3707 1273 ,

2338 1313 2495 1367 quam
2538 1293 2947 1367 jucundissimus
3006 1293 3288 1347 fluviorum
3330 1292 3563 1363 Alpheus
3611 1292 3883 1365 pervadit,

2338 1382 2547 1435 fluentis
2574 1380 2838 1451 sejunctus
2858 1378 2924 1434 ah
2950 1380 3149 1433 Eurota
3175 1380 3461 1444 Messeni03

2340 1486 2462 1523 nam
2491 1477 2713 1538 uterque
2740 1467 2874 1520 Asea
2904 1464 3159 1519 ebulliunt
3184 1480 3344 1535 aquas
3373 1481 3387 1520 ε

2336 1572 2564 1626 quorum
2574 1553 2661 1606 hic
2672 1552 2916 1606 Eleorum
2922 1550 3027 1617 ,ille
3042 1550 3309 1619 regionem
3325 1548 3710 1622 Amyn-latorum
3722 1563 3881 1605 secat.

2337 1648 2409 1699 At
2432 1638 2601 1693 media
2619 1640 2673 1693 in
2696 1638 2863 1692 insula
2884 1654 3062 1691 cavam
3091 1636 3388 1690 inhabitant
3406 1646 3603 1691 terram

2335 1728 2564 1784 Arcades
2588 1723 2840 1799 Apidanei
2862 1721 3100 1794 subjugo
3118 1722 3423 1794 Erymanthi
3444 1762 3461 1789 ,

2336 1813 2427 1869 ubi
2454 1812 2615 1866 Melas
2650 1821 2703 1864 et
2729 1809 2933 1864 Crathis
2964 1810 3138 1861 lluunt
3163 1806 3519 1879 humidusque
3538 1810 3672 1864 Jaon
3689 1850 3705 1877 ,

697 2046 932 2101 Gnoeciae.
953 2043 1036 2099 Cf.
1068 1997 1176 2097 1101.
1204 2042 1271 2095 ad
1293 2056 1408 2095 101.
1432 2041 1456 2110 11
1478 2036 1686 2101 -403,
1715 2035 1951 2103 ὁπηδεῗο.
1988 2032 2011 2103 ss
2034 2060 2106 2072 —
2122 2032 2244 2094 440.
2342 2026 2663 2081 viderentur.
2698 2047 2721 2070 ι
2751 2022 3105 2076 8000011001.
3130 2021 3375 2073 Ceterum
3394 2020 3675 2093 Dionysius
3700 2019 3883 2075 Ἀπιδα·

697 2127 950 2183 πλατάνου
981 2142 1118 2179 corr.
1141 2121 1255 2195 deq.
1277 2120 1511 2191 πλατάνῳ
1543 2120 1662 2181 GN,
1687 2114 1928 2171 πλατάνοι
1969 2107 2077 2166 Ad.
2113 2109 2246 2162 Cum
2339 2110 2455 2172 νῆας
2478 2106 2602 2158 istos
2622 2121 2653 2156 0
2679 2101 2991 2156 Callimacho
3009 2098 3256 2165 adscivit,
3279 2116 3437 2169 quem
3461 2100 3516 2152 in
3534 2117 3649 2170 sqq.
3673 2117 3887 2172 quoque

694 2205 892 2280 platani
911 2204 1036 2259 solio
1059 2202 1445 2273 Peloponnesus
1464 2194 1736 2252 confertur
1753 2212 1782 2248 a
1799 2190 2054 2248 Strabone
2079 2206 2132 2261 p.
2157 2189 2246 2251 84,

699 2286 822 2351 335,
852 2283 988 2340 Mela
1013 2299 1066 2347 2,
1099 2282 1151 2347 3,
1185 2282 1236 2347 3,
1262 2279 1432 2336 Plinio
1452 2281 1506 2342 4,
1531 2276 1583 2331 5.
1611 2276 1634 2347 ΙΙ
1669 2305 1744 2317 -
1763 2271 1888 2339 405.
1914 2270 2038 2345 ἄκρῃ
2058 2265 2179 2321 cod.
2201 2284 2242 2319 ε.

703 2368 726 2437 ΙΙ
765 2364 1090 2438 ἔεργόμενος]
1112 2359 1412 2433 ἐρειδόμενος
1437 2359 1506 2421 Η,
1539 2347 1920 2428 ἔρευγύμενοςῙ.
1967 2350 1990 2419 ΙΙ
2023 2377 2094 2389 -
2120 2348 2242 2411 406.

696 2443 865 2515 ξυνὸν]
885 2442 1048 2497 κοινὸν
1071 2444 1136 2508 Q.
1147 2440 1247 2511 11-
1267 2442 1392 2509 407.
1415 2434 1611 2507 ἠπείρου
1637 2436 1688 2490 0
1704 2441 1757 2485 et
1767 2446 1906 2483 corr.
1925 2424 1986 2489 είς
1997 2423 2140 2495 πολ.]
2165 2441 2248 2477 πε-

694 2523 924 2597 ριδινήτιρ
950 2526 1014 2588 Q.
1038 2522 1060 2592 ss
1081 2550 1154 2561 —-
1170 2522 1292 2582 408.
1311 2515 1522 2579 έναλίοις
1540 2531 1594 2586 q,
1622 2510 1857 2566 ἔναλίοισι
1871 2511 1947 2569 H,·
1961 2502 2246 2575 ἐστεμμένοι

693 2606 765 2667 Β,
790 2601 1080 2674 ἐστεμμένος
1104 2597 1159 2652 d.
1199 2600 1220 2670 ΙΙ
1249 2628 1320 2639 -
1342 2599 1465 2665 409.
1497 2592 1584 2665 μὲν
1614 2590 1760 2663 πρὸς]
1782 2586 1899 2660 πρὸς
1919 2584 2005 2659 μὶν
2038 2583 2242 2637 ADFG

691 2684 808 2737 HK
811 2684 931 2748 ΝΟ,
957 2678 1043 2732 alii
1069 2677 1261 2749 plures;
1287 2672 1487 2746 ζεφύρου
1505 2671 1674 2742 glalm:
1694 2670 1890 2741 ζὲφυρον
1911 2666 2008 2721 LN
2017 2658 2241 2731 [Ibem-1,-

689 2758 1006 2831 Τριφυλλίδος
1030 2755 1229 2827 codd.u
1255 2785 1328 2797 --
1347 2758 1471 2819 410.
1495 2751 1713 2823 ποταμὸς
1731 2752 1800 2809 A,
1829 2744 2009 2799 ὁδεύων
2032 2745 2103 2796 D.
2130 2740 2242 2811 11-

688 2841 1040 2911 411.προχοῇς
1061 2842 1115 2903 C,
1131 2834 1397 2906 προχοαῒσι
1411 2829 1531 2886 cod.
1546 2850 1589 2897 s;
1610 2826 1888 2895 Μεσσηνίου
1910 2828 1982 2889 H,
1999 2817 2242 2874 Μεσονίου

687 2922 755 2973 F.
782 2918 1035 2971 Eurotam
1055 2912 1200 2970 haud
1231 2922 1370 2966 reete
1389 2920 1542 2983 poeta
1583 2904 1894 2966 Messeniam
1921 2900 2052 2955 dicit
2065 2939 2084 2969 ,
2125 2914 2242 2970 quoe

685 2994 996 3067 negligentia
1013 3011 1076 3047 eo
1086 2988 1230 3064 quod
1243 2988 1498 3044 Messenia
1510 2982 1918 3041 Lacedaemoniae
1930 2976 2243 3049 olimjuucta

685 3086 824 3143 01111,
862 3072 1098 3129 excusari
1142 3070 1344 3143 nequit.
1388 3065 1785 3122 Lacedaemonia
1823 3069 2151 3116 memoratur
2185 3073 2238 3112 v.

687 3158 810 3218 418.
848 3155 870 3224 ΙΙ
903 3183 978 3194 -
994 3157 1120 3218 412.
1156 3146 1396 3218 Ἇσέηθεν]
1436 3144 1650 3213 Ἀσίηθεν
1696 3137 2050 3207 cFUXcdghi
2093 3135 2238 3199 Ald„

684 3228 1249 3305 Nicephonsssooetqoev
1283 3230 1378 3290 Ge,
1393 3223 1625 3286 Ἇσίαθεν,
1647 3218 2003 3293 suprascripto
2030 3215 2242 3283 Ἆσίηθεν

687 3312 750 3376 b,-
769 3312 798 3365 8
816 3310 1006 3365 σειαθεν
1019 3350 1035 3375 ,
1055 3307 1295 3379 apposito
1323 3302 1538 3357 Ἀσίαθεν
1551 3340 1566 3366 ,
1586 3320 1632 3364 ι·,·
1652 3300 1854 3370 γαίηθεν
1875 3298 2033 3353 ΑΒΗ
2037 3298 2088 3350 Κ
2094 3297 2208 3349 Μηι
2225 3332 2240 3356 ,

687 3388 759 3446 cf.
787 3386 988 3451 Schol.;
1020 3384 1255 3452 Αιδύηθεν
1279 3399 1326 3437 s.
1373 3382 1452 3434 De
1475 3397 1533 3432 re
1562 3396 1612 3433 v.
1641 3374 1828 3431 Strabo
1857 3392 1912 3447 p.
1954 3372 2056 3436 243
2085 3389 2100 3425 :
2139 3367 2249 3422 ‘Psi'

693 3466 762 3543 (ὃ
793 3463 1040 3536 Ἀλφειὸς)
1063 3462 1117 3515 ἐκ
1138 3466 1235 3514 τῶν
1265 3456 1423 3512 αὗτῶν
1447 3459 1610 3511 τόπων
1644 3453 1692 3516 ἐξ
1717 3449 1788 3507 ὧν
1817 3451 1902 3506 καὶ
1933 3448 1962 3503 ὃ
1989 3448 2238 3519 Εὔρώτας·

689 3543 916 3599 καλεῖται
942 3542 996 3595 δὲ
1028 3540 1162 3594 Ἀσέα
1197 3539 1338 3609 κώμη
1381 3540 1468 3603 τῆς
1503 3531 1960 3605 Μεγαλοπολίτιδος
1976 3569 1991 3595 ,
2036 3528 2244 3596 πλησίον

695 3623 883 3697 ἔχουσα
901 3622 987 3676 δύο
1013 3618 1173 3693 πηγὰς
1187 3658 1203 3684 ,
1226 3616 1274 3681 ἔξ
1299 3613 1372 3669 ὧν
1409 3615 1566 3688 ῥέουσι
1589 3612 1639 3667 οἱ
1664 3610 1921 3683 λεχθέντες
1953 3606 2185 3679 ποταμοί.
2219 3606 2240 3677 ΙΙ

691 3734 768 3747 -
787 3704 913 3768 413.
937 3701 1050 3754 ἀλλ’
1077 3699 1132 3772 ὁ]
1155 3697 1284 3753 καὶὸ
1309 3700 1373 3764 Q.
1403 3696 1524 3766 11-
1543 3695 1674 3759 414.
1707 3689 1858 3756 νήσου
1877 3692 1949 3746 Ν.
1978 3688 2001 3758 n
2028 3718 2100 3729 —
2118 3686 2241 3750 415.

701 3782 980 3850 Ἆπιδανῆος
1021 3786 1118 3849 ogo
1149 3788 1202 3833 et
1227 3795 1311 3849 pr.
1333 3792 1382 3829 c.
1406 3773 1489 3829 Cf.
1515 3768 1861 3827 Callimachus
1905 3768 1960 3821 in
1995 3768 2114 3821 Jov.
2151 3766 2242 3831 13,

697 3862 788 3917 0111
816 3860 884 3915 de
926 3860 1043 3915 loco
1081 3856 1384 3920 Parrhasiae,
1411 3853 1467 3907 in
1500 3868 1608 3923 quo
1643 3852 1826 3905 Iovem
1849 3846 1996 3901 Rhea
2022 3844 2241 3917 peperit,

697 3940 828 3995 dicit
853 3957 869 3994 :
899 3936 1032 3993 ἀλλὰ
1061 3938 1087 3992 ἓ
1121 3932 1279 4003 Ῥείης
1310 3934 1526 4007 ὠγύγιον
1564 3929 1791 3985 καλέουσι
1811 3926 2026 3998 λεχώιον
2060 3922 2246 3979 'Amba-

696 4025 824 4089 νῆες.
867 4017 1175 4092 Apollonius
1213 4014 1390 4070 Rhod.
1420 4017 1475 4079 4,
1502 4012 1604 4067 263
1632 4026 1650 4064 1
1679 4003 1780 4064 οἶοι
1811 4007 1856 4061 δ’
1883 4005 2000 4060 ἔσαν
2031 4003 2246 4076 Ἀρκάδες

701 4099 1000 4167 Ἀπιδανῆες,
1029 4096 1046 4172 Ι
1074 4094 1327 4168 Ἀρκάδες,
1354 4092 1408 4147 οἳ
1429 4091 1514 4147 καὶ
1537 4090 1720 4163 πρόσθε
1742 4086 2002 4155 σεληναίης
2023 4084 2244 4137 ὒδέονται

698 4180 712 4252 Ι
753 4182 897 4243 ζώειν
914 4218 929 4245 ,
951 4176 1113 4251 φηγὸν
1137 4173 1328 4237 ἔδοντες
1341 4172 1400 4227 -ἔν
1438 4168 1647 4243 οὔρεσιν.
1670 4166 1758 4223 Ad
1776 4184 1894 4238 quae
1910 4163 2204 4218 scholiastes
2227 4178 2240 4216 :

701 4256 998 4325 Ἆπιδανήων
1022 4254 1076 4309 δὲ
1104 4258 1201 4309 τῶν
1221 4248 1629 4318 Πελοποννησίων
1649 4244 1746 4301 ἀπὸ
1771 4244 1962 4305 Ἄπιδος
1977 4244 2064 4296 τοῦ
2082 4240 2244 4311 <bopo-

694 4338 830 4401 νέως.
848 4336 1006 4393 Plura
1021 4331 1142 4387 vide
1159 4350 1244 4405 ap.
1260 4329 1592 4386 Eustathium
1601 4336 1656 4381 et
1669 4324 1852 4398 Steph.
1867 4324 1992 4394 Byz.
2013 4338 2066 4376 v.
2077 4318 2238 4373 Ἀπία.

702 4443 726 4465 ι
751 4420 870 4473 Jam
907 4412 1052 4487 quod
1076 4431 1107 4467 e
1129 4410 1368 4485 Dionysii
1391 4425 1574 4472 versu,
1598 4404 1875 4460 Eustathio
1905 4408 2205 4472 comparato
2219 4436 2236 4463 ,

696 4500 1044 4553 Buttmannus
1063 4492 1084 4567 (
1103 4491 1338 4562 11001103.
1365 4506 1414 4555 1,
1445 4490 1542 4560 19)
1565 4486 1797 4560 priscum
1820 4479 2058 4538 Arcadiae
2077 4479 2242 4549 gentis

699 4576 913 4633 eruebat
925 4591 1232 4645 cognomen,
1253 4570 1310 4625 id
1322 4568 1550 4624 arbitror
1563 4567 1620 4620 iu
1633 4574 1898 4619 certorum
1921 4556 2239 4613 indiciorum

699 4656 910 4711 defectu
932 4651 1076 4708 haud
1099 4660 1290 4705 temere
1310 4664 1460 4721 posse
1485 4641 1737 4709 concedi,
1777 4640 1945 4694 miror
1971 4648 2143 4691 tamen
2167 4638 2244 4690 vi·

699 4754 821 4790 rum
841 4730 1310 4805 ingeniosissimum
1329 4724 1582 4781 Herodoti
1604 4724 1628 4790 (
1646 4724 1701 4786 4,
1725 4719 1824 4791 59)
1845 4716 2002 4772 verba
2017 4755 2032 4782 ,
2051 4715 2244 4789 quibus

699 4832 851 4871 suam
873 4816 942 4870 de
956 4814 1202 4886 primm
1219 4809 1446 4864 nominis
1460 4806 1606 4860 istius
1624 4804 1674 4857 vi
1691 4798 2057 4856 corroboraret
2077 4799 2247 4869 suspi-

698 4896 926 4961 cionem,
949 4890 1274 4965 praeteriisse.
1301 4886 1402 4943 Sed
1425 4886 1560 4947 Ἆπις
1574 4900 1698 4937 cum
1723 4879 1834 4935 aliis
1856 4876 2042 4932 eodem
2064 4875 2132 4929 de
2157 4893 2246 4945 ge-

693 4990 827 5029 nere
851 4981 1130 5045 postquam
1155 4968 1463 5040 exquisitior
1497 4979 1622 5017 usus
1662 4976 1725 5013 ac
1751 4975 1817 5011 ne
1834 4955 2003 5029 poetis
2030 4952 2244 5026 quidem

695 5058 1004 5124 pervagatus
1031 5048 1088 5103 in
1105 5043 1533 5117 significationem
1565 5034 1906 5108 Peloponnesi
1923 5032 2143 5086 liberam
2162 5032 2246 5085 in-

695 5126 1033 5194 troduxerat,
1069 5124 1408 5197 Dionysium,
1453 5118 1601 5190 cujus
1644 5132 1804 5187 opera
1829 5113 1992 5183 magis
2047 5120 2246 5166 vetusta

693 5206 937 5262 doctrina
953 5222 1115 5279 quam
1129 5202 1460 5258 accuratione
1475 5200 1531 5254 in
1554 5195 1738 5251 sabulis
1755 5189 2161 5265 pervestigandis
2171 5200 2249 5244 est

693 5295 940 5359 spectata,
957 5302 1066 5339 000
1082 5284 1337 5337 miramur
1350 5280 1403 5335 id
1423 5282 1479 5335 in
1499 5276 1770 5334 notionem
1789 5272 1964 5325 minus
1975 5270 2244 5342 propriam

693 5366 992 5429 detorsisse,
1017 5374 1077 5417 ut
1096 5362 1340 5417 homines
1363 5362 1500 5415 inter
1512 5359 1724 5413 Graecos
1733 5350 2069 5407 vetustissimi
2095 5348 2248 5401 innui

2336 2184 2405 2238 ob
2438 2182 2618 2237 oculos
2644 2179 2885 2235 habuisse
2906 2188 3066 2250 patet.
3096 2178 3119 2249 ΙΙ
3140 2208 3212 2219 -
3230 2180 3355 2243 416.
3392 2175 3509 2232 ἔνθα
3532 2176 3699 2242 Μέλας
3725 2179 3837 2234 κτλ.
3860 2181 3879 2251 ]

2334 2261 2676 2317 Callimachus
2694 2258 2729 2315 l.
2745 2257 2781 2311 l.
2804 2261 2867 2313 18
2887 2255 3293 2327 sqq.Arcadiam
3311 2265 3494 2322 totam,
3516 2273 3626 2327 quo
3647 2268 3881 2330 tempore

2333 2342 2478 2465 ἓίξρρ
2501 2343 2701 2466 :Jovem
2734 2339 2787 2391 in
2812 2335 3085 2391 Parrhasia
3113 2336 3398 2409 peperisset
3412 2376 3428 2400 ,
3466 2335 3637 2389 fluviis
3659 2339 3885 2391 caruisse

2470 2540 2551 2595 Δά
2564 2541 2681 2593 δων
2700 2536 2815 2591 ἀλλ’
2838 2536 2979 2592 οὔπω
2998 2538 3146 2609 μέγας
3168 2534 3327 2607 ἔρρεεν
3341 2575 3356 2602 ,
3379 2534 3482 2588 οὔδ’
3508 2534 3828 2607 Ἐρύμανθος.
3841 2580 3852 2593 .
3865 2580 3880 2593 .

2473 2616 2505 2688 ἦ
2534 2616 2723 2682 πολλὰς
2745 2616 2972 2691 ἐφύπερθε
2998 2615 3264 2687 σαρωνίδας
3280 2614 3309 2668 ί)
3323 2634 3356 2686 γ
3370 2612 3473 2685 ρος
3496 2612 3536 2666 ’1
3551 2614 3673 2667 άων

2474 2695 2631 2767 ἤειρεν
2645 2735 2662 2762 ,
2682 2692 2871 2756 πολλὰς
2894 2692 2948 2747 δὲ
2975 2692 3025 2747 Μ
3037 2694 3060 2747 ε’
3072 2692 3149 2745 λα
3163 2712 3186 2753 ς
3204 2692 3401 2762 ὤχησεν
3431 2690 3615 2762 ἁμάξας
3631 2731 3645 2757 ,

2470 2774 2637 2831 πολλὰ
2658 2773 2711 2829 δὲ
2728 2773 3002 2846 Καρνίωνος
3026 2771 3129 2826 ἄνω
3146 2810 3163 2839 ,
3184 2772 3345 2843 διεροῦ
3368 2788 3459 2842 περ
3486 2768 3669 2836 ἐόντος,

2477 2852 2639 2915 ἶλυοῦς
2656 2850 2891 2905 ἔὸάλοντο
2914 2851 3157 2905 κινῶπετα
3171 2869 3183 2881 ·
3209 2850 3403 2903 νίσσετο
3427 2849 3474 2901 δ’
3493 2845 3614 2919 ἀνὴρ

2474 2932 2620 2994 πεζὸς
2640 2929 2755 3002 ὓπὲρ
2773 2930 2814 2983 Κ
2830 2950 2857 3003 ρ
2869 2932 2903 2983 ἄ
2917 2931 2944 2984 θ
2958 2929 2975 2983 ί
2982 2948 3009 2983 ν
3040 2948 3092 2983 τε
3110 2928 3399 2983 πολύστειόν
3420 2946 3472 2983 τε
3496 2926 3741 2995 Μετώπην

2471 3010 2713 3084 διψαλέος.

2332 3141 2497 3193 Vides
2525 3136 2667 3191 unde
2698 3153 2793 3190 sua
2817 3137 3009 3189 Noster
3046 3135 3299 3190 hauserit.
3325 3135 3443 3188 Jam
3483 3132 3625 3205 quod
3663 3134 3886 3189 Crathin

2330 3217 2545 3283 attinet,
2574 3224 2780 3271 constat
2804 3232 2925 3268 eum
2946 3232 3041 3285 per
3066 3211 3305 3269 Arcadias
3324 3222 3546 3285 partem,
3574 3211 3765 3266 deinde
3789 3229 3884 3285 per

2333 3293 2582 3366 Achajam
2604 3292 2871 3365 delapsum
2895 3310 3058 3365 prope
3078 3292 3230 3363 AEgas
3256 3291 3496 3345 eructari.
3520 3290 3698 3343 Minus
3724 3291 3880 3362 liquet

2332 3373 2398 3427 de
2414 3372 2618 3427 Melane
2641 3382 2695 3427 et
2712 3374 2743 3425 J
2745 3389 2894 3426 aone.
2923 3369 3290 3443 Bernhardyus
3308 3372 3340 3423 J
3340 3387 3527 3423 aunem
3547 3386 3680 3423 sono
3703 3380 3881 3440 aperte

2332 3451 2527 3507 referre
2566 3451 2695 3506 dicit
2724 3453 2882 3504 Jones
2925 3451 3107 3522 priseae
3147 3448 3384 3519 ΑΕΒ-1111001
3427 3442 3637 3501 in‘colas.
3676 3447 3883 3515 Quibus

2333 3531 2561 3584 innitens
2588 3529 2799 3583 Curtius
2826 3527 3142 3600 (Peloponn.
3182 3537 3225 3582 t.
3274 3542 3322 3591 1,
3351 3543 3409 3598 p.
3442 3526 3587 3595 489)
3611 3524 3846 3579 Selinum
3864 3567 3877 3588 ,

2334 3608 2544 3681 Achajae
2581 3608 2637 3662 11.
2664 3608 2981 3671 maximum,
3007 3606 3101 3679 qui
3130 3606 3185 3659 in
3212 3603 3539 3677 Erymantho
3580 3602 3751 3657 fontes
3787 3602 3883 3658 ha·

2334 3687 2450 3755 bet,
2481 3688 2659 3742 Jaonis
2683 3686 2895 3742 nomine
2922 3686 3137 3740 fortasse
3153 3682 3373 3737 indicari
3395 3682 3708 3754 suspicatur.
3734 3681 3889 3735 Simi-

2335 3766 2451 3823 liter
2490 3768 2681 3823 Melam
2727 3766 2966 3839 Dionysii
3001 3771 3327 3836 componunt
3359 3779 3483 3815 cum
3526 3759 3879 3815 Melafluvio.

2332 3864 2488 3918 quem
2513 3847 2569 3901 in
2610 3844 2805 3917 Achaja
2839 3861 3005 3918 prope
3036 3844 3263 3897 Olenum
3300 3842 3445 3895 exire
3469 3838 3665 3893 Strabo
3690 3856 3748 3911 p.
3780 3838 3882 3894 386

2336 3924 2428 3998 (p.
2462 3925 2585 3991 331,
2617 3927 2683 3989 24
2708 3923 2905 3994 Didot)
2934 3921 3109 3976 dicere
3132 3918 3343 3973 videtur
3369 3918 3465 3989 (At
3489 3916 3605 3973 vid.
3644 3928 3879 3973 annotat.

2332 4004 2451 4061 crit.
2477 4002 2544 4057 ad
2563 4003 2621 4060 h.
2641 4004 2738 4074 1.).
2768 4004 2959 4057 Parum
2981 4000 3093 4055 haec
3114 3997 3407 4071 probabilia
3427 4006 3584 4062 sunt,
3614 4014 3777 4067 quum
3798 4016 3885 4050 vix

2335 4083 2503 4137 fontes
2535 4082 2727 4137 horum
2774 4081 3055 4135 fluviorum
3096 4075 3337 4133 Arcadiae
3368 4074 3625 4129 vindicari
3660 4076 3881 4148 possint.

2333 4161 2486 4216 Haud
2502 4161 2666 4232 magis
2683 4160 2849 4234 placet
2861 4156 3007 4231 quod
3027 4155 3331 4229 Sylburgius
3352 4154 3441 4226 (ad
3463 4156 3687 4209 Pausan.
3715 4156 3768 4218 6,
3791 4154 3881 4226 21)

2332 4244 2551 4295 Jaonem
2584 4240 2802 4294 fluvium
2836 4256 2955 4292 eum
2975 4253 3085 4290 esse
3110 4236 3314 4289 censuit
3346 4235 3439 4306 qui
3468 4234 3673 4303 Diagon
3700 4252 3731 4287 a
3753 4235 3887 4287 Pau·

2332 4320 2503 4385 sauia,
2540 4317 2729 4372 Dalion
2756 4335 2787 4371 a
2814 4314 3071 4371 Strabone
3108 4324 3326 4367 vocatur
3348 4322 3402 4366 et
3440 4312 3493 4365 in
3528 4310 3695 4364 Elidis
3726 4314 3885 4364 Arca·

2332 4396 2537 4471 diaeque
2560 4395 2800 4451 confiniis
2819 4394 3024 4468 Alpheo
3060 4394 3330 4447 miscetur.
3351 4392 3467 4462 Ego
3497 4387 3679 4443 nullus
3698 4388 3885 4443 dubito

2332 4479 2461 4550 quin
2493 4480 2627 4533 Jaon
2650 4476 2790 4531 idem
2818 4476 2884 4529 sit
2913 4492 3033 4527 cum
3052 4472 3281 4545 Alpheo.
3310 4472 3443 4526 Sane
3460 4468 3675 4541 quidem
3698 4467 3885 4541 Alphei

2332 4558 2617 4630 Dionysius
2630 4554 2738 4628 jam
2752 4553 3023 4617 meminit;
3048 4560 3101 4604 at
3126 4550 3181 4603 in
3212 4550 3309 4603 hac
3326 4547 3615 4619 quaestione
3633 4563 3739 4599 non
3764 4562 3883 4598 cum

2334 4638 2590 4710 Dionysio
2620 4634 2771 4688 nobis
2804 4650 2887 4686 res
2910 4640 3021 4695 est,
3054 4626 3147 4681 sed
3169 4646 3293 4681 cum
3324 4626 3469 4682 fonte
3496 4623 3609 4696 ejus
3649 4622 3884 4678 Callima·

2334 4716 2460 4773 0110.
2489 4716 2650 4770 Hunc
2688 4730 2813 4766 vero
2842 4708 2964 4783 jure
3004 4708 3209 4762 mireris
3246 4715 3367 4778 post
3404 4702 3787 4775 Erymanthum
3834 4711 3887 4755 et

2338 4794 2609 4849 tadonem
2638 4810 2747 4847 non
2780 4804 3096 4848 memorasse
3131 4786 3346 4840 tertium
3388 4780 3619 4836 Arcadias
3663 4779 3885 4833 fluvium

2337 4875 2648 4937 maximum,
2666 4870 2947 4943 Alpheum,
2969 4867 3060 4939 qui
3085 4864 3246 4938 ipsam
3268 4863 3537 4933 regionem
3553 4859 3711 4913 Rheae
3728 4868 3885 4929 partu

2336 4952 2591 5007 celebrem
2618 4947 3018 5023 praeterlabitur,
3053 4941 3306 5015 cujusque
3329 4939 3409 4995 vel
3437 4936 3741 4993 affluentem
3761 4936 3883 4989 Car·

2336 5032 2547 5085 nionem
2572 5038 2726 5101 poeta
2749 5034 3022 5080 memorat.
3057 5023 3252 5095 Sponte
3274 5021 3437 5091 igitur
3462 5016 3696 5071 nascitur
3718 5016 3885 5085 suspi-

2335 5112 2419 5165 cio
2446 5109 2726 5182 Alpheum,
2746 5122 2902 5178 quem
2924 5103 3051 5157 olim
3069 5098 3429 5172 Stymphelum
3443 5094 3759 5169 appellatum
3777 5110 3887 5145 esse

2337 5189 2644 5246 Plutarchus
2665 5186 2843 5255 (De'il.
2865 5202 2914 5240 c.
2945 5181 3042 5254 19)
3064 5179 3223 5233 refert
3236 5218 3251 5245 ,
3267 5177 3395 5233 etin
3414 5174 3685 5247 superiore
3702 5184 3883 5225 cunsus

2338 5279 2484 5341 parte
2501 5262 2873 5336 Δεοντοφορείου
2895 5275 3088 5315 nomen
3117 5255 3293 5310 tulisse
3319 5252 3607 5325 Hesychius
3624 5247 3821 5322 prodit,
3853 5265 3884 5301 a

2340 5344 2655 5402 Callimacho
2676 5352 2827 5416 poeta
2849 5337 3057 5395 erudito
3080 5336 3250 5390 vocari
3275 5336 3307 5389 J
3310 5349 3517 5388 aonem.
3542 5330 3701 5383 Hune
3730 5324 3880 5398 ὓγρον
