4584 6284
770 686 878 748 Τὸν
911 684 962 746 δὲ
994 684 1109 765 μέθ’
1131 684 1296 755 ἑξείης
1321 684 1642 761 Τυρσηνίδος
1669 682 1798 753 ἤθεα
1826 682 1980 759 γαίης
1997 705 2011 720 ·

647 796 728 837 2⁹⁶
759 798 852 846 της
877 774 932 833 δὲ
969 772 1098 853 πρὸς
1123 770 1368 842 ἀντολίην
1396 770 1738 851 ἀναφαίνεται
1767 766 1980 839 Αλπιος
2014 768 2184 849 ἀρχή,

765 886 863 936 της
894 862 982 922 διὰ
1007 857 1298 961 μεσσατίης
1326 856 1682 961 κατασύρεται
1708 856 1874 915 ὕδατα
1915 854 2108 927 Ῥήνου

766 941 1008 1002 ὑστάτιον
1031 938 1154 999 ποτὶ
1179 944 1356 1019 χεῦμα
1387 938 1652 1017 βοριιάδος
1675 935 2006 1017 ἀμφιτρίτης.

770 1029 950 1109 Ῥήνω
973 1030 1020 1088 δ’
1053 1031 1102 1087 ἐ
1081 1025 1219 1099 'tim
1245 1026 1573 1086 ἐπιτέλλεται
1602 1022 1734 1102 ἱερος
1757 1022 1878 1082 'tle
1858 1046 1996 1103 .ς,ρο

617 1206 740 1249 ante
767 1193 966 1247 Bet-nh.
1003 1194 1026 1263 11
1063 1194 1188 1262 294.
1239 1190 1328 1245 τδν
1365 1189 1450 1263 δί]
1484 1194 1580 1243 τῶν
1609 1188 1663 1243 ’ὀὶ
1707 1188 2010 1258 σσςΙιίἱιιοις
2035 1192 2109 1259 τῷ
2136 1189 2190 1241 δὲ

622 1276 704 1329 br.
733 1273 821 1327 τὸν
845 1272 898 1327 Bi
928 1272 1220 1345 μεθείηςΜ,
1251 1269 1337 1325 τὸν
1364 1268 1416 1324 δὲ
1445 1268 1688 1342 moseum
1720 1272 1810 1333 0,·
1838 1266 1982 1321 ἔνθεα
2011 1270 2186 1339 (supr.

620 1373 696 1411 sc.
728 1352 886 1423 ἤθεα)
905 1353 1149 1425 γαίηςΜ,·
1173 1350 1316 1406 ἔθνεα
1336 1352 1492 1405 etiam
1512 1349 1567 1403 in
1593 1348 1826 1420 margine
1844 1352 1914 1405 Ο.
1925 1348 1948 1420 ΙΙ
1968 1378 2040 1389 -
2062 1349 2187 1419 295.

621 1433 925 1505 διαφαίνεται
952 1432 1126 1503 Etym.
1167 1432 1246 1485 Μ.
1276 1447 1321 1485 s.
1352 1447 1404 1485 v.
1441 1427 1635 1491 Ἅλπιος
1656 1426 1712 1483 h.
1751 1445 1960 1481 venum
1989 1428 2188 1494 citans3

623 1510 910 1583 ἀναφέρεται
970 1514 1050 1574 D,·
1104 1508 1418 1581 ἀναφαίνεται
1466 1506 1582 1561 55«.
1561 1526 1620 1559 ἀ
1656 1504 1859 1575 Ῥήνου,
1897 1506 2069 1561 missis
2111 1508 2192 1561 in·

621 1588 918 1653 termediis,
952 1592 1023 1643 M.
1051 1588 1299 1641 Ceterum
1326 1584 1472 1659 quod
1497 1585 1791 1658 Tyrrhenia
1817 1586 1955 1639 inter
1981 1584 2192 1640 Rhoda·

622 1684 754 1723 num
785 1682 840 1723 et
876 1666 1088 1740 Alpium
1112 1666 1325 1719 initium
1361 1662 1642 1717 occiduum
1671 1662 1975 1727 collocatur,
2013 1663 2069 1716 id
2102 1673 2195 1717 aut

621 1756 830 1801 vetusto
856 1745 1113 1801 librorum
1159 1744 1286 1797 vitio
1329 1743 1552 1796 debetur
1587 1753 1678 1795 aut
1725 1743 1980 1812 insignem
2011 1753 2192 1796 aucto·

623 1825 698 1879 ris
745 1841 974 1878 errorem
1017 1822 1209 1892 arguit.
1241 1820 1589 1893 Exspectahas
1623 1839 1636 1875 ε
1683 1820 1770 1875 τὸν
1807 1819 1860 1873 δὲ
1906 1817 2019 1891 pio’
2043 1822 2192 1888 ἑξείης

621 1902 905 1973 Λιγυστίδας
925 1898 1045 1967 ἤθεα
1069 1897 1214 1972 γαίης
1237 1918 1251 1964 ς
1295 1916 1418 1953 nam
1447 1897 1710 1953 Rhodano
1731 1909 1781 1951 et
1809 1897 2017 1969 Alpium
2041 1898 2192 1952 initio

621 1981 730 2034 sive
756 1982 900 2036 Varo
937 1980 1100 2033 fluvio
1135 1990 1190 2033 et
1218 1977 1459 2052 Nicopoli
1502 1977 1634 2031 fines
1680 1978 1941 2048 Ligurum
1968 1976 2190 2049 Scylacis

620 2068 769 2115 oetate
808 2058 1275 2124 describebantur,
1316 2074 1476 2128 porro
1515 2058 1775 2127 Ligurum
1803 2058 2016 2110 ‚mentio
2044 2067 2191 2110 tanto

617 2138 795 2193 minus
813 2136 1103 2194 omittenda
1121 2145 1254 2202 erat,
1277 2152 1442 2207 quum
1465 2136 1520 2189 in
1549 2143 1750 2189 antece.
1771 2143 1960 2189 auctor
1979 2133 2190 2208 pelagus

618 2219 942 2289 Ligysticum
989 2218 1128 2271 inter
1165 2227 1340 2289 partes
1384 2215 1544 2269 maris
1591 2215 1784 2268 interni
1834 2216 2186 2281 recensuerit;

615 2296 926 2369 Tyrrheniae
961 2307 1136 2351 autem
1185 2295 1454 2349 mentione
1500 2304 1647 2349 tanto
1692 2293 1894 2348 facilius
1941 2293 2188 2349 hocloco

619 2393 892 2441 caremus,
933 2376 1184 2447 quoniam
1232 2374 1369 2429 infra
1404 2375 1502 2444 (v.
1553 2374 1692 2443 347)
1717 2374 1770 2426 in
1798 2371 1958 2427 Italiae
1991 2371 2187 2428 descri-

615 2455 804 2529 ptione
843 2454 1008 2509 multo
1035 2454 1210 2528 aptior
1247 2454 1494 2509 occurrit.
1521 2455 1680 2507 Recte
1724 2451 1812 2505 ibi·
1834 2452 2126 2523 Tyrrhenia
2157 2472 2188 2509 a

617 2534 842 2590 meridie
879 2534 1089 2607 AlpIum
1129 2533 1197 2587 ad
1227 2533 1488 2606 Apennini
1515 2532 1652 2585 latus
1697 2530 1978 2585 occiduum
2019 2535 2188 2604 posita

620 2630 733 2665 ease
763 2612 1006 2685 proditur
1043 2628 1060 2667 t
1103 2612 1236 2667 adeo
1265 2622 1326 2667 ut
1359 2612 1565 2666 mireris
1595 2612 1696 2666 hoc
1721 2611 1840 2665 loco
1865 2610 1934 2665 de
1974 2613 2188 2683 regione

617 2692 890 2746 notissima
930 2703 1037 2746 tam
1077 2693 1253 2765 inepta
1283 2692 1544 2765 expromi.
1590 2696 1834 2747 Attamen
1880 2690 2190 2763 interpretes

619 2771 860 2843 Dionysii
890 2774 1037 2826 istam
1089 2771 1384 2843 Τυρσηνίδος
1411 2788 1594 2825 vocem
1630 2787 1737 2823 non
1765 2768 2186 2839 addubitamnt,

618 2850 732 2905 aliis
754 2861 929 2905 autem
944 2851 1149 2915 modis,
1174 2849 1254 2903 vel
1275 2848 1587 2920 corrigendo
1609 2847 1690 2902 vel
1708 2847 2052 2921 explicando,
2074 2868 2190 2903 suc-

619 2947 832 2985 currere
869 2930 993 2983 huic
1032 2928 1150 2983 loco
1179 2928 1514 2983 studuerunt.
1553 2929 1713 2981 Mitto
1751 2944 1871 3000 quae
1909 2928 2101 2981 Hillius
2135 2930 2190 2982 in

616 3008 856 3064 medium
880 3009 1099 3082 protulit
1123 3026 1153 3063 a
1181 2992 1564 3080 Bernhardy‘o
1540 3026 1654 3079 Jam
1677 3007 1908 3080 explosa.
1937 3029 1960 3059 α
1983 3008 2189 3065 Sanius.

617 3088 992 3161 Bernhardy-us
1015 3090 1125 3153 ait,
1121 3086 1255 3142 suit
1293 3088 1550 3142 Holstenii
1584 3086 1876 3159 judicium,
1906 3088 1998 3159 qui
2025 3105 2191 3160 quum

620 3170 938 3241 Dionysium
968 3168 1067 3223 sibi
1111 3185 1220 3221 non
1248 3165 1534 3238 persuadet
1534 3178 1588 3220 et
1615 3176 1722 3219 tam
1757 3164 1947 3219 rudem
1977 3184 2192 3237 geogra-

620 3249 792 3321 phicae
827 3248 1142 3318 cognitionis
1188 3264 1300 3299 esse
1326 3245 1584 3317 potuisse,
1633 3255 1690 3297 ut
1729 3244 1884 3315 Alpes
1919 3246 1974 3298 in
2015 3256 2192 3300 ortum

621 3326 930 3397 Tyrrheniae
953 3324 1342 3395 compingeret,
1384 3340 1549 3394 quum
1580 3324 1901 3414 cpottuisset
1927 3334 2020 3377 aut
2051 3326 2192 3379 occi-

624 3402 838 3457 dentem
870 3402 1074 3457 tradcre
1100 3414 1193 3456 aut
1219 3420 1283 3455 cx
1313 3410 1554 3455 accurata
1582 3402 1784 3454 ratione
1809 3402 1973 3455 situm
1995 3403 2194 3475 aquilo·

627 3497 846 3544 narem,
891 3479 1193 3533 Holstenius
1215 3478 1401 3548 igitur,
1445 3476 1606 3531 altera
1651 3474 1957 3530 difficultate
1982 3476 2190 3543 relicta,

627 3564 728 3611 τῶν
755 3558 808 3613 δὲ
828 3520 944 3612 loco
966 3561 1053 3624 τῆς
1071 3556 1124 3610 δὲ
1151 3556 1316 3630 (295)
1335 3554 1494 3627 jussit
1513 3554 1733 3627 reponi,
1761 3553 1906 3626 quod
1925 3566 2059 3609 esset
2075 3575 2196 3610 cum

631 3650 873 3711 respectu
900 3638 1164 3693 Celtarum
1201 3638 1430 3703 dictum3
1471 3634 1613 3690 idem
1643 3646 1843 3701 tamen,
1869 3637 1959 3706 qui
1989 3646 2194 3692 seuten-

633 3718 760 3771 tiam
791 3716 858 3771 de
882 3718 1170 3791 Tyrrhenis
1189 3715 1512 3789 interjectam
1537 3714 1705 3788 probe
1722 3716 1939 3769 sentiret
1960 3725 2194 3772 tenorem

633 3796 900 3851 retardare
927 3798 1179 3851 orationis
1196 3798 1480 3867 castigatae,
1503 3796 1755 3867 suspicari
1779 3812 1886 3849 non
1912 3794 2190 3864 dubitavit,

632 3894 797 3949 quum
826 3878 1053 3933 Avienus
1071 3895 1249 3931 versus
1270 3880 1503 3947 292-294
1519 3876 1831 3947 neglexerit,
1859 3876 1992 3930 male
2015 3888 2194 3949 aptum

630 3959 954 4031 superiorem
988 3958 1300 4012 versiculum
1325 3975 1490 4029 pravo
1517 3956 1676 4011 fuisse
1699 3956 1916 4011 consilio
1939 3958 2195 4015 suborna-

630 4048 775 4104 tum,
807 4054 962 4110 quem
983 4036 1180 4090 librarii
1212 4036 1288 4090 vel
1315 4034 1666 4090 emendatoris
1690 4037 1918 4108 imperiti
1942 4037 2196 4094 invexerit

629 4116 818 4174 libido.
849 4120 972 4187 Quo
1000 4116 1239 4171 remedio
1281 4116 1570 4171 Bnedovius
1597 4126 1808 4189 arrepto
1833 4119 1897 4189 τῇ
1923 4116 1976 4171 δὲ
2013 4118 2196 4171 maluit

626 4195 886 4267 conjicere
902 4236 918 4262 ,
945 4195 1086 4250 unde
1113 4206 1316 4249 tantum
1341 4194 1524 4268 profici
1547 4194 1769 4260 videtur,
1799 4204 1858 4248 ut
1879 4196 2192 4250 narrationis

625 4274 836 4329 habitus
863 4275 1050 4328 existat
1071 4273 1229 4347 paulo
1256 4272 1557 4339 horridior;
1582 4291 1902 4346 quamquam
1939 4272 1995 4326 id
2020 4274 2192 4345 ipsum

622 4354 912 4426 Tanaquilo
956 4353 1128 4408 Fabro
1156 4353 1359 4425 (Epist.
1387 4362 1525 4423 part.
1562 4369 1608 4418 1,
1648 4370 1702 4425 p.
1731 4355 1797 4408 68
1831 4369 1846 4406 :
1889 4356 1954 4426 τῇ
1995 4353 2046 4407 δὲ
2074 4355 2191 4427 πρὸς

626 4432 897 4505 ἀντολίης)
935 4430 1140 4487 dudum
1187 4433 1242 4486 in
1273 4442 1501 4486 mentem
1543 4442 1776 4487 venerat.
1809 4433 2188 4489 Verumtamen

508 4542 510 4546 ·
625 4512 712 4567 ille
742 4515 992 4568 veriorem
1043 4512 1182 4566 viam
1213 4510 1414 4577 inibat,
1443 4510 1575 4566 dum
1613 4513 1950 4584 Tyrrhenum
1995 4532 2190 4571 nomen

627 4595 874 4666 opinatur
889 4596 944 4647 iu
961 4595 1307 4667 patentiorem
1337 4592 1502 4648 multo
1525 4610 1686 4666 quam
1709 4612 1809 4667 pro
1837 4593 2034 4665 vulgari
2061 4614 2187 4650 con·

627 4673 902 4728 suetudine
927 4674 1317 4745 provinciarum
1339 4672 1674 4747 complexum
1690 4713 1707 4740 ,
1729 4691 1890 4747 quem
1924 4674 2034 4729 sere
2065 4693 2190 4729 cum

626 4761 828 4805 vetusta
877 4751 1096 4821 Liguriae
1139 4750 1514 4823 significatione
1546 4751 1695 4806 liceat
1729 4770 2063 4824 comparare,
2099 4772 2185 4808 ve-

628 4832 912 4885 tustissimo
965 4842 1198 4903 tempore
1246 4829 1538 4885 discessisse
1588 4849 1627 4887 :.
1657 4850 1763 4903 quo
1833 4842 1988 4904 pacto
2043 4832 2191 4889 facile

625 4910 814 4981 quovis
843 4909 1140 4963 criticorum
1185 4909 1489 4964 molimento
1516 4910 1936 4981 supersedemus.
1969 4912 2068 4965 Cui
2113 4931 2194 4967 ra·

625 4987 788 5052 tioni,
836 4990 928 5061 qui
970 4988 1171 5043 nullum
1210 4990 1424 5060 originis
1469 4992 1660 5062 spurioe
1706 4990 1784 5045 vel
1833 4992 2190 5061 corruptionis

623 5068 861 5139 agnoscit
906 5068 1188 5131 indicium,
1223 5067 1487 5139 Spohnius
1525 5086 1736 5139 quoque
1783 5087 1896 5123 sese
1949 5069 2184 5137 addixit,

619 5145 950 5219 eandemque
993 5147 1352 5220 adoptandam
1399 5146 1548 5201 duxi.
1607 5150 1950 5201 Etruscorum
1995 5149 2191 5222 quippe

620 5228 1045 5299 antiquissimum
1107 5228 1386 5301 imperium
1440 5227 1594 5298 longe
1651 5226 1852 5299 lateque
1899 5244 1995 5299 per
2043 5228 2190 5281 cisal-

619 5307 802 5379 pinam
846 5306 1066 5361 Galliam
1110 5318 1224 5361 erat
1264 5304 1570 5379 dissipatum
1594 5347 1608 5370 ‚
1636 5324 1793 5378 quam
1821 5307 1874 5359 in
1917 5326 2029 5361 rem
2072 5324 2190 5377 gra-

617 5384 895 5440 vissimum
928 5384 1095 5440 edidit
1131 5387 1490 5440 testimonium
1529 5388 1708 5441 Livius
1737 5388 1788 5445 5.
1819 5387 1883 5439 33
1909 5387 2004 5449 (cf.
2039 5387 2182 5441 Plin.

2010 548 2358 611 motwstt

2271 690 2431 742 Hunc
2451 699 2623 743 autem
2650 687 2921 761 excipiunt
2946 688 3095 744 sedes
3119 690 3407 761 Tyrrhena
3426 692 3652 763 regionis
3666 733 3680 751 .

2273 774 2438 847 Cujus
2464 774 2532 830 ad
2564 777 2819 832 orientem
2846 777 2994 851 Alpis
3022 778 3345 851 conspicitur
3364 780 3687 854 principium
3705 820 3721 845 ,

2273 879 2433 935 quam
2470 879 2566 935 per
2590 862 2815 919 mediam
2844 864 3013 919 Rheni
3036 882 3221 920 cursus
3245 864 3616 934 devolvuntur,

2273 949 2365 1020 qui
2389 945 2456 1002 ad
2480 959 2770 1005 extremum
2796 949 3019 1005 borealis
3041 952 3221 1005 oceani
3254 952 3473 1006 fluctum
3508 940 3792 1026 pertinent.

2224 1062 2240 1075 ·
2274 1035 2401 1088 Post
2425 1033 2666 1089 Rhenum
2694 1036 2948 1090 continuo
2986 1054 3134 1092 sacer
3166 1039 3299 1092 Ister
3328 1039 3583 1104 exoritur,

2279 1190 2332 1257 3,
2356 1193 2423 1253 24
2436 1194 2479 1261 ).
2500 1193 2655 1263 Fugit
2676 1192 2763 1246 hic
2787 1204 2952 1265 poeta:
2974 1194 3138 1259 locus,
3165 1197 3256 1266 qui
3282 1193 3445 1247 literis
3462 1196 3688 1249 auctoris
3712 1213 3835 1249 eru·

2279 1268 2377 1325 diti
2406 1270 2590 1343 procul
2616 1270 2781 1326 dubio
2806 1271 3048 1338 debetur,
3078 1290 3243 1345 quum
3266 1272 3393 1327 alios
3423 1277 3445 1341 (
3465 1286 3525 1327 ut
3546 1273 3834 1345 diligentis·

2276 1351 2469 1404 simum
2492 1352 2770 1405 Cluverum
2796 1352 2910 1406 Ital.
2930 1362 3039 1406 ant.
3065 1369 3118 1419 2,
3149 1370 3199 1419 1,
3227 1370 3284 1425 p.
3306 1353 3409 1418 434
3429 1371 3510 1425 sq.
3534 1356 3577 1424 ),
3605 1364 3718 1409 tum
3742 1358 3833 1427 qui

2277 1428 2579 1500 nuperrime
2604 1430 2824 1500 priscam
2852 1429 3053 1483 Italiam
3080 1428 3357 1492 enodavit,
3386 1430 3738 1485 Niebuhr-ium
3762 1434 3833 1488 Η.

2277 1509 2345 1561 R.
2378 1523 2425 1577 1,
2446 1524 2503 1581 p.
2537 1508 2635 1562 113
2662 1526 2739 1581 sq.
2769 1511 2847 1563 Ac
2878 1528 2945 1563 ne
2972 1510 3227 1563 miremur
3248 1511 3361 1583 ipsa
3393 1510 3492 1565 hac
3518 1521 3697 1577 aetatc,
3728 1528 3833 1584 qua

2278 1588 2593 1660 Dionysium
2615 1588 2835 1660 viguisse
2858 1589 3287 1643 verisimillimum
3303 1600 3409 1656 est,
3435 1601 3543 1644 tam
3566 1608 3694 1662 vaga
3716 1608 3835 1645 nar·

2278 1668 2483 1721 ratione
2520 1684 2721 1721 cascum
2756 1668 3113 1740 antiquitatem
3154 1670 3385 1740 potuisse
3426 1668 3833 1741 comprehendi,

2275 1748 2507 1818 primum
2529 1744 2650 1813 ἤθεα
2671 1745 2819 1801 sedes
2836 1764 2898 1800 ac
2926 1746 3189 1801 domicilia
3216 1748 3436 1818 vitaeque
3454 1749 3721 1815 instituta,
3746 1747 3838 1802 de-

2279 1827 2439 1896 nique
2460 1826 2625 1894 gentis
2648 1825 2917 1896 ingenium
2938 1836 2991 1879 et
3007 1825 3244 1880 locorum
3270 1828 3641 1899 proprietatem
3661 1868 3678 1895 ‚
3712 1828 3836 1898 legi·

2278 1906 2410 1958 tima
2444 1904 2661 1957 notione
2697 1902 3031 1976 designabat,
3052 1914 3113 1959 ut
3139 1904 3265 1959 huic
3286 1906 3511 1959 orationi
3558 1906 3686 1959 nihil
3732 1908 3835 1961 nisi

2276 1991 2507 2055 potestas
2530 1980 2699 2036 subsit
2724 1983 2987 2053 originum
3012 1986 3211 2055 (quam
3239 1982 3459 2037 voluisse
3477 1982 3618 2037 dicas
3642 1984 3761 2037 cod.
3792 1990 3837 2039 B

2277 2060 2371 2113 ubi
2394 2075 2410 2115 ε
2431 2078 2515 2130 γρ.
2547 2058 2689 2114 ἔθνεα
2702 2064 2745 2131 ).
2770 2060 2976 2115 Deinde
2999 2078 3123 2115 vero
3138 2059 3265 2114 illud
3284 2070 3362 2113 est
3378 2060 3833 2133 perpendendum,

2279 2139 2459 2192 minus
2488 2156 2783 2210 expressam
2808 2138 2993 2193 Iberiae
3025 2140 3434 2213 Tyrrheniaeque
3472 2138 3837 2195 adumbratio·

2276 2235 2400 2271 nem
2414 2256 2429 2283 ,
2450 2235 2609 2290 quam
2636 2218 2963 2290 geographus
2979 2220 3229 2274 crassiore
3254 2218 3346 2273 filo
3360 2218 3582 2273 deduxit
3598 2220 3667 2273 ab
3696 2224 3833 2275 occi-

2275 2295 2435 2350 dente
2454 2313 2759 2369 progressus
2780 2296 2847 2351 ad
2864 2296 3127 2352 borealem
3142 2300 3367 2371 Europae
3391 2295 3796 2370 descriptionem
3816 2342 3832 2367 ,

2275 2373 2523 2446 deinceps
2546 2391 2686 2429 novo
2710 2373 2941 2447 quodam
2964 2372 3153 2430 ordine
3178 2376 3399 2449 repetito
3425 2375 3708 2450 perfectam
3728 2397 3841 2435 csse

2276 2464 2435 2526 atque
2475 2453 2803 2528 explicatam.
2830 2453 2989 2509 Unde
3014 2454 3127 2509 baec.
3152 2472 3330 2511 versus
3365 2472 3514 2508 mens
3546 2453 3776 2511 eflicitur
3822 2475 3837 2513 ;

2283 2534 2462 2592 Celtas
2486 2533 2691 2609 excipit
2726 2545 2929 2589 tractus
2988 2533 3045 2588 in
3098 2540 3149 2591 E
3153 2544 3441 2589 trus-corum
3481 2533 3757 2590 ordinibus
3784 2549 3833 2592 et

2267 2611 2686 2687 possessionibus
2696 2612 2993 2668 censendus.
3021 2635 3043 2665 ι
3064 2616 3189 2669 Haec
3202 2616 3633 2681 Bnanuaanrus,
3650 2616 3844 2687 quibus

2275 2692 2409 2747 nihil
2422 2692 2657 2766 expediri
2675 2710 2881 2749 censeo.
2894 2696 3001 2748 Ista
3010 2690 3131 2761 ἤθεα
3150 2695 3289 2747 vocis
3299 2692 3577 2765 explicatio
3598 2694 3841 2752 subtilior

2274 2781 2356 2826 est
2376 2787 2536 2844 quam
2559 2772 2751 2828 verior.
2771 2771 2929 2826 Haud
2942 2772 3045 2827 alio
3066 2790 3224 2827 sensu
3248 2774 3542 2843 Τυρσηνίδος
3556 2771 3679 2840 ἤθεα
3696 2774 3844 2846 γαίης

2274 2860 2431 2921 poeta
2458 2850 2594 2904 dixit
2622 2866 2781 2922 quarn
2808 2867 2917 2921 quo
2946 2851 3079 2906 infra
3105 2852 3279 2924 (408)
3320 2852 3527 2924 scripsit
3555 2851 3841 2924 Τριφυλίδας

2277 2928 2401 2997 ἤθεα
2420 2929 2564 2997 γαίης
2580 2939 2632 2983 et
2658 2930 2808 3001 (820)
2832 2929 3246 2997 Αἰολίδος...ἦοεα
3272 2930 3413 3001 γαίης
3430 2941 3482 2984 et
3502 2931 3648 2999 (378)
3681 2930 3841 2985 Καλα·

2277 3008 2441 3080 epizo,
2450 3004 2571 3075 ἤθεα
2587 3007 2749 3080 γαίης.
2764 3008 2926 3077 Quod
2938 3008 3415 3081 veroTyrrbeniam
3430 3008 3839 3081 quidam,nostri

2277 3088 2559 3159 geographi
2576 3086 2694 3142 loco
2716 3088 2964 3160 perplexo
2977 3090 3278 3158 innitentes,
3299 3088 3435 3143 ultra
3460 3089 3618 3160 Alpes
3644 3091 3697 3143 in
3716 3091 3842 3147 Gal-

2277 3166 2403 3220 liam
2422 3163 2491 3219 ad
2512 3163 2827 3221 Rhodanum
2850 3185 3015 3239 usque
3032 3178 3374 3240 promovent,
3392 3167 3445 3220 id
3466 3184 3571 3239 qua
3590 3168 3839 3239 probabi·

2278 3244 2424 3299 litate
2440 3244 2531 3299 fiat
2550 3242 2671 3316 jure
2684 3263 2905 3317 quaeras.
2919 3248 3050 3300 Nam
3079 3245 3222 3319 quod
3244 3246 3425 3301 Livius
3443 3247 3520 3317 (5,
3550 3247 3616 3300 33
3632 3254 3841 3315 )narrat

2279 3324 2531 3377 Etruscos
2562 3322 2689 3376 olim
2718 3323 2782 3376 ad
2822 3324 2979 3396 Alpes
3001 3342 3166 3397 usque
3198 3325 3529 3397 pertinuisse,
3567 3336 3621 3379 et
3645 3326 3847 3398 Alpinis

2281 3418 2497 3473 quoque
2533 3402 2799 3472 gentibus,
2844 3404 3071 3457 maxime
3096 3404 3316 3467 Rhaetis,
3366 3405 3645 3457 Etruscam
3700 3404 3842 3459 haud

2283 3482 2447 3535 dubie
2500 3484 2755 3553 originem
2808 3500 2949 3547 esse,
2996 3481 3052 3535 id
3094 3482 3317 3553 quadrat
3355 3499 3477 3536 cum
3523 3481 3745 3553 Scylacis
3790 3494 3844 3538 et

2281 3562 2495 3632 Scymni
2512 3598 2527 3622 ,
2543 3578 2699 3632 quem
2719 3571 2937 3627 vocant,
2968 3562 3167 3614 ratione
3182 3599 3199 3626 ,
3220 3579 3323 3633 qua
3347 3560 3561 3615 Etruria
3588 3577 3757 3631 usque
3774 3562 3841 3615 ad

2281 3641 2487 3695 Varum
2512 3652 2566 3695 et
2594 3639 2881 3713 Antipolim
2916 3640 3025 3694 sive
3076 3656 3243 3712 usque
3272 3640 3340 3695 ad
3376 3640 3591 3714 Alpium
3626 3640 3841 3696 initium

2281 3722 2538 3794 pertinet,
2568 3730 2623 3774 at
2642 3720 2796 3776 abiis
2818 3738 2938 3791 quae
2954 3722 3009 3774 in
3028 3721 3283 3792 Dionysio
3304 3718 3521 3791 legimus
3548 3718 3696 3774 abest
3728 3720 3845 3775 lon·

2288 3800 2425 3870 gius.
2448 3798 3091 3870 Denique,quodcunque
3116 3797 3184 3852 de
3210 3799 3290 3853 his
3328 3808 3523 3852 statuas
3539 3838 3556 3865 ,
3587 3798 3729 3853 istud
3756 3804 3844 3867 τῆς

2282 3878 2337 3933 δὲ
2363 3876 2481 3949 πρὸς
2509 3876 2740 3946 ἀντολίην
2782 3888 2959 3949 aptam
2996 3878 3393 3951 explicationem
3442 3896 3551 3931 non
3588 3879 3837 3935 admittit.

2283 3962 2397 4015 Aut
2422 3958 2584 4029 igitur
2604 3958 2741 4012 miro
2760 3974 2941 4013 errore
2961 3968 3119 4031 poeta
3142 3958 3199 4011 h.
3218 3957 3255 4011 l.
3282 3958 3513 4030 priscum
3533 3958 3844 4029 Tyrrheniae

2287 4038 2579 4091 terminum
2623 4035 2998 4091 occidentalem
3033 4055 3132 4110 pro
3174 4036 3411 4092 orientali
3456 4039 3711 4109 sumpsit,
3741 4052 3841 4095 -aut

2279 4115 2441 4170 verba
2453 4114 2565 4188 ejus
2584 4118 3079 4171 traxerunt'vitium.
3108 4120 3355 4186 Quorum
3377 4115 3481 4170 hoc
3500 4126 3579 4171 est
3594 4118 3843 4189 probabi·

2278 4192 2379 4247 lius
2400 4204 2619 4266 propter
2635 4212 2831 4267 eaquae
2848 4194 2985 4248 infra
3008 4192 3075 4249 dc
3095 4194 3387 4266 Tyrrhenia
3402 4204 3545 4248 recte
3566 4212 3839 4269 exponun-

2277 4283 2387 4331 tur.
2422 4276 2583 4328 Poeta
2609 4274 2875 4347 scripserit
2896 4275 3210 4345 Λιγυστίδας,
3236 4272 3381 4345 quod
3408 4272 3479 4328 ob
3502 4273 3557 4326 λι
3591 4274 3839 4346 syllabam

2275 4351 2412 4407 male
2436 4353 2748 4424 productam
2782 4353 2973 4409 sciolus
3012 4354 3067 4407 in
3100 4354 3393 4423 Τυρσηνίδος
3414 4356 3716 4411 mutaverit.
3741 4357 3835 4411 Sin

2275 4434 2471 4497 minus,
2485 4436 2735 4507 suspicari
2746 4434 2866 4489 licet
2882 4433 3040 4489 verba
3053 4432 3137 4486 τὸν
3159 4432 3211 4485 δὲ
3233 4432 3339 4505 μέθ’
3352 4442 3451 4487 etc.
3475 4432 3662 4487 laxiori
3686 4452 3842 4491 sensu

2277 4512 2406 4580 dici,
2419 4512 2553 4567 adeo
2572 4524 2631 4567 ut
2646 4512 2938 4586 significent
2952 4523 3071 4586 post
3082 4511 3249 4566 Celtas
3271 4530 3380 4566 esse
3395 4511 3767 4584 Tyrrheniam,
3784 4532 3844 4569 ea

2275 4611 2351 4647 sc.
2366 4594 2571 4648 ratione
2579 4610 2735 4665 quam
2755 4592 2939 4665 Scylax
2947 4602 3001 4646 et
3016 4592 3272 4664 Scymnus
3282 4602 3577 4662 sequuntur
3594 4593 3677 4657 ,in
3692 4610 3841 4666 seqq.

2275 4692 2403 4729 vero
2418 4673 2779 4744 reiingcndum
2797 4691 2908 4727 oese
2924 4690 2937 4727 ε
2954 4675 3040 4741 τῆς
3050 4674 3095 4725 δ’
3112 4674 3223 4744 ὅρος
3236 4672 3285 4726 ’Ἄ
3297 4693 3321 4726 ν
3335 4691 3363 4726 τ
3376 4692 3391 4723 ι
3402 4690 3429 4724 ο
3440 4692 3489 4737 ν,
3509 4671 3535 4725 ἔ
3546 4690 3572 4725 ν
3587 4674 3630 4725 0’
3642 4672 3847 4743 ἀναφαί-

2277 4772 2413 4807 νεται
2432 4752 2627 4816 'Almo‘
2644 4752 2809 4826 cip-pst
2830 4752 3079 4807 nimirum
3106 4751 3291 4824 Scylax
3314 4762 3560 4824 tanquam
3586 4750 3845 4825 oppidum

2281 4833 2337 4887 in
2367 4832 2615 4889 confiniis
2643 4833 2903 4903 Ligurum
2926 4842 2981 4886 et
3000 4830 3307 4903 Tyrrhenia
3334 4831 3567 4902 positum
3586 4844 3845 4888 memorat

2280 4911 2504 4980 Ἄντιον,
2532 4910 2677 4984 quod
2706 4926 2795 4983 ap.
2841 4912 3129 4983 Scymnum
3160 4908 3393 4981 aliosque
3436 4919 3655 4963 vocatur
3702 4908 3847 4966 Ἀντί-

2276 4991 2438 5055 πολις.
2452 4993 2675 5063 11-297.
2705 4990 2837 5062 ποτὶ]
2870 4989 2999 5062 παρὰ
3018 4993 3236 5052 Rama,-
3261 4988 3486 5061 βοριάδος
3505 4992 3575 5054 Χ,
3610 4989 3841 5062 βορεάδος

2279 5072 2332 5137 b,
2360 5082 2419 5125 ut
2442 5070 2669 5127 videtur.
2714 5072 2737 5141 ss
2767 5100 2841 5112 —
2862 5088 2987 5141 299.
3028 5070 3236 5141 Ἴστρος]
3268 5068 3411 5132 acvb<
3451 5071 3845 5130 AFHKMNO

2287 5148 2667 5221 YXeikIpqe-tu,·
2692 5148 2835 5211 αὖτδς
2868 5149 2913 5201 δ’
2941 5148 3231 5219 ΒΕίῗιιὸζ(
3252 5149 3307 5202 in
3336 5150 3511 5218 mgine
3549 5150 3580 5210 ζ
3614 5162 3838 5207 correct.

2278 5228 2529 5299 Ἴστρος)“;
2554 5228 2637 5281 καὶ
2654 5227 2797 5291 αὐτὸς
2814 5245 2936 5298 tngo
2953 5246 3003 5291 c,·
3016 5228 3154 5300 ἄχρι]
3178 5228 3255 5282 sic
3284 5228 3843 5302 ABKMNOYrbuiq5

2276 5308 2402 5381 ἄγχι
2420 5317 2543 5361 cett.
2565 5317 2615 5360 et
2632 5305 2782 5361 editt.
2810 5306 3011 5361 Eodem
3050 5306 3211 5361 modo
3234 5308 3351 5379 ἄχρι
3373 5308 3428 5361 in
3452 5307 3575 5378 ἄγχι
3606 5306 3735 5361 abiit
3759 5324 3836 5363 vs-

2279 5391 2408 5459 764,
2438 5396 2619 5442 contra
2644 5385 2767 5458 ἄγχι
2804 5386 2859 5438 in
2896 5386 3013 5458 ἄχρι
3040 5398 3347 5457 corruptum
3372 5396 3449 5439 cst
3480 5402 3529 5440 v.
3565 5386 3683 5454 178.
3718 5386 3739 5455 ΙΙ
3768 5412 3842 5428 --
