4584 6284
654 533 730 585 ⁷2

646 662 992 725 tempestates,
1015 651 1261 707 fluctibus
1281 650 1680 705 circumdantur
1698 660 1922 722 quatuor
1940 660 2100 724 petrae
2112 690 2128 717 ,
2157 650 2212 705 in

646 756 779 813 quas
816 736 929 793 dixi
961 737 1237 811 scopulum
1274 735 1507 791 divisum
1537 752 1551 790 :
1591 754 1815 807 quarum
1854 746 1960 791 tres
1995 736 2215 791 humiles

642 843 859 900 prorsus
880 824 1312 897 submerguntur,
1340 822 1513 878 media
1538 838 1688 888 vero,
1714 822 1965 876 excelsior
1996 824 2213 895 Cyaneis

641 912 912 987 Europaeis
929 954 944 979 ,
970 912 1025 967 in
1046 921 1265 967 acutum
1288 910 1534 964 verticem
1555 907 1809 979 fastigiata
1822 950 1836 974 ‚
1862 907 2208 974 subrotunda,

640 1016 810 1073 usque
832 997 903 1057 ad
937 997 1201 1070 fastigium
1238 994 1489 1051 fluctibus
1520 994 1735 1068 quidem
1774 995 2083 1067 aspergitur,
2119 993 2212 1049 sed

638 1103 752 1143 non
774 1086 1042 1152 obruitur,
1074 1082 1312 1156 undique
1338 1100 1568 1157 proeceps
1601 1092 1654 1135 et
1685 1080 1899 1138 directa.
1978 1080 2061 1136 Ab
2088 1090 2211 1137 ortu

642 1185 697 1229 et
734 1173 958 1229 meridie
990 1172 1105 1246 ejus
1130 1171 1396 1244 fastigium
1438 1172 1631 1226 sensim
1660 1169 1953 1244 projicitur,
1998 1181 2058 1224 ut
2084 1188 2211 1225 eon·

642 1262 881 1316 sistentes
912 1259 1065 1333 juxta
1114 1260 1277 1314 imam
1318 1260 1487 1331 ipsius
1528 1255 1848 1331 crepidinem
1890 1256 2210 1331 projectione

642 1350 789 1405 velut
812 1360 949 1407 tecto
977 1358 1326 1422 protegantur
1346 1364 1378 1401 a
1399 1346 1596 1420 pluvia.
1670 1347 1789 1400 Non
1820 1356 1963 1419 patet
1982 1347 2037 1401 in
2072 1346 2209 1419 ejus·

642 1435 768 1491 dem
800 1434 1034 1509 undique
1066 1435 1293 1509 praecisae
1328 1434 1589 1505 fastigium
1635 1451 1900 1499 ascensus,
1930 1433 2032 1487 nisi
2069 1431 2207 1488 diffi-

641 1524 810 1581 culter
845 1542 876 1578 a
902 1524 1254 1597 septentrione
1291 1520 1567 1595 expeditus
1609 1520 1847 1576 manibus
1878 1519 2207 1595 pedibusque

640 1612 817 1667 nitens
832 1623 1042 1665 sursum
1065 1610 1275 1683 irrepat.
1352 1610 1472 1663 Non
1492 1606 1650 1661 fuisse
1671 1606 1949 1679 aliquando
1978 1606 2205 1663 divisum

638 1696 789 1753 hunc
809 1696 1079 1772 scopulum
1100 1698 1154 1751 in
1174 1706 1404 1767 quatuor
1423 1705 1599 1767 petras
1616 1693 1852 1749 indicant
1868 1696 2037 1749 ruina!
2052 1711 2204 1752 saxo·

638 1804 763 1841 rum
804 1783 1283 1856 circumjacentium
1325 1801 1339 1838 :
1385 1802 1451 1840 ex
1491 1780 1685 1855 quibus
1726 1782 1855 1836 mihi
1896 1783 2203 1855 priusquam

636 1872 940 1929 incidissem
966 1874 1021 1927 in
1043 1874 1281 1945 Dionysii
1313 1871 1579 1946 Ampium
1596 1912 1613 1939 ,
1635 1870 1716 1925 hae
1751 1869 2059 1926 videbantur
2074 1872 2204 1945 Cya-

636 1979 751 2017 ηοω
786 1960 1038 2017 Asiaticae.
1113 1958 1215 2015 Sed
1242 1977 1307 2014 ex
1336 1958 1661 2032 Dionysiana
1680 1955 2029 2030 descriptione
2063 1957 2199 2013 nulla

633 2058 787 2121 petra
810 2058 913 2102 tam
936 2065 1099 2121 prope
1115 2045 1317 2102 accedit
1336 2044 1405 2100 ad
1424 2048 1631 2118 Pyrgon
1648 2043 1846 2099 Medeae
1866 2062 2028 2117 quam
2043 2045 2201 2117 hujus

631 2136 837 2211 scopuli
880 2146 1046 2211 petra.
1116 2136 1181 2191 In
1228 2135 1375 2190 sinus
1408 2132 1518 2207 jam
1559 2131 1797 2208 praedicti
1840 2132 1998 2189 latere
2044 2134 2201 2189 meri-

632 2221 795 2279 diano
831 2241 995 2297 prope
1032 2221 1176 2277 littus
1216 2222 1457 2276 visuntur
1500 2220 1759 2293 speluncis
1800 2236 1966 2274 saxam
1984 2218 2027 2286 3,
2065 2219 2199 2275 bene

628 2312 843 2383 penitus
868 2328 1137 2377 concavae,
1161 2308 1513 2364 multitudinis
1530 2325 1761 2380 capaces.
1802 2307 2061 2379 Deinceps
2081 2307 2201 2361 sub-

630 2399 871 2471 sequitur
905 2399 1049 2453 sinus
1070 2396 1181 2470 jam
1210 2416 1239 2452 a
1278 2397 1475 2452 Graecis
1508 2395 1791 2469 appellatus
1821 2394 2131 2469 Ampelodes
2148 2397 2191 2464 ⁴,

625 2501 659 2540 a
695 2485 892 2541 vitibus
926 2484 1211 2558 agrestibus
1254 2484 1329 2539 ibi
1372 2502 1467 2539 sua
1504 2495 1691 2557 sponte
1728 2482 2158 2557 provenientibus
2172 2524 2189 2551 ,

624 2590 787 2644 quem
826 2572 891 2627 ab
930 2571 1172 2645 aquilone
1207 2571 1371 2643 cingit
1408 2572 1831 2643 promontorium
1844 2610 1859 2635 ,
1910 2570 2125 2641 cingens
2162 2588 2192 2625 a

620 2659 846 2715 meridie
865 2660 1039 2715 sinum
1064 2660 1184 2715 Divi
1206 2659 1395 2715 Sideri.
1472 2662 1535 2715 In
1564 2659 1687 2713 sinu
1718 2656 2010 2731 Ampelode
2050 2659 2187 2713 exis-

618 2756 741 2803 tunt
770 2747 881 2804 duo
896 2748 1096 2822 scopuli
1114 2748 1135 2787 ⁵
1158 2751 1253 2804 toti
1286 2748 1460 2814 saxei,
1485 2749 1623 2804 inter
1640 2766 1696 2802 se
1722 2747 1990 2820 aliquanto
2022 2750 2190 2822 spatio

614 2832 803 2904 divisi,
828 2854 1061 2911 quorum
1086 2837 1246 2908 magis
1277 2836 1598 2909 aquilonaris
1635 2854 1697 2891 ae
1720 2836 1974 2891 remotior
2010 2855 2041 2893 a
2068 2856 2191 2893 con·

612 2922 804 2977 tinenti
835 2924 1069 2979 excelsus
1092 2930 1339 2990 nonest,
1372 2933 1436 2977 ut
1456 2922 1550 2996 qui
1589 2922 1645 2977 in
1667 2923 1868 2994 magnis
1908 2933 2187 2997 tempesta·

612 3010 759 3066 tibus
794 3012 1051 3067 obruatur
1086 3012 1239 3068 mari.
1316 3012 1421 3067 Hie
1450 3028 1620 3084 usque
1659 3011 1791 3065 adeo
1830 3010 2191 3083 frequentatur

612 3098 737 3155 laris
754 3143 770 3168 ,
797 3103 1012 3173 mergis,
1044 3102 1243 3166 sulicis,
1274 3111 1339 3157 ut
1362 3112 1506 3156 totus
1531 3118 1599 3157 ex
1626 3100 1831 3155 illarum
1868 3101 2189 3157 stercoribus

614 3186 865 3256 albescat,
893 3200 945 3244 et
969 3189 1153 3262 procul
1188 3205 1413 3245 cernens
1440 3190 1561 3244 nive
1588 3199 1785 3244 tectum
1811 3188 1990 3260 ipsum
2016 3199 2185 3262 putet.

614 3272 757 3329 Alter
781 3276 1025 3348 scopulus
1062 3274 1304 3329 similiter
1331 3284 1473 3329 totus
1499 3292 1684 3331 saxeus
1700 3314 1717 3341 ,
1759 3274 1913 3328 altior
1941 3271 2153 3345 quidem
2167 3315 2183 3341 ,

618 3358 712 3413 sed
756 3360 914 3414 littori
954 3361 1323 3433 propinquior,
1356 3372 1418 3415 ut
1448 3362 1542 3434 qui
1569 3360 1715 3416 brevi
1742 3360 1930 3432 euripo
1956 3376 1989 3413 a
2023 3360 2188 3414 conti-

616 3448 769 3501 nenti
804 3445 1086 3514 dividatur,
1121 3465 1246 3502 cum
1274 3458 1355 3502 est
1390 3447 1733 3520 tranquillitas
1761 3448 1946 3513 maris3
1986 3458 2040 3502 at
2066 3464 2188 3501 cum

616 3533 1006 3607 tempestatibus
1026 3552 1168 3589 mare
1189 3534 1501 3602 concitatur,
1518 3535 1776 3589 fluctuum
1792 3551 2005 3589 accessu
2016 3532 2190 3587 obrui-

616 3629 725 3683 tur,
757 3619 946 3675 deinde
976 3639 1101 3677 vero
1135 3639 1344 3679 recessu
1385 3622 1633 3696 aperitur.
1708 3622 1833 3677 Post
1874 3633 2186 3695 promonto-

614 3706 758 3759 rium
785 3724 817 3761 a
858 3706 1077 3763 meridie
1114 3709 1330 3780 cingens
1371 3710 1545 3763 sinum
1580 3706 1917 3781 Ampelodem
1940 3707 1966 3747 ⁶
2001 3724 2185 3763 conse·

615 3794 800 3867 quitur
830 3796 1073 3869 scopulus
1114 3796 1351 3871 undique
1394 3799 1525 3851 mari
1550 3814 1757 3871 semper
1793 3796 2178 3863 circumdatus,

686 4009 735 4063 3.
758 4009 1053 4084 Speluncoe]
1083 4014 1148 4066 In
1179 4009 1352 4066 tabula
1390 4010 1676 4066 llloltkiana
1712 4028 1899 4082 magna
1930 4010 2175 4081 spelunca

606 4087 665 4143 in
683 4088 829 4143 sinus
849 4089 1007 4145 latere
1027 4090 1219 4145 boreali
1239 4088 1307 4144 ad
1326 4091 1501 4163 ipsum
1527 4096 1843 4164 Ancyraeum
1868 4101 2177 4163 promonto-

604 4168 747 4221 rium
772 4170 1006 4240 ponitur,
1026 4170 1188 4225 altera
1214 4169 1481 4224 indicatur
1503 4171 1559 4225 in
1583 4170 1743 4225 latere
1760 4167 2089 4223 meridionali
2106 4168 2173 4224 ad

603 4245 851 4301 intimum
884 4248 1029 4303 sinus
1060 4266 1343 4304 recessum.
1418 4247 1592 4321 Major
1626 4248 1873 4321 spelunca
1910 4265 1979 4321 72
2014 4248 2171 4322 pedes

604 4322 741 4393 lata,
768 4330 837 4393 4ο
880 4326 1038 4400 pedes
1070 4325 1171 4382 alta
1206 4345 1303 4401 per
1338 4332 1407 4399 69
1458 4326 1618 4400 pedes
1658 4326 1714 4381 in
1750 4344 1871 4381 saxa
1901 4336 2167 4399 penetrat,

606 4407 785 4463 minor
805 4425 869 4462 12
888 4406 1047 4482 pedes
1068 4408 1189 4475 lata,
1211 4424 1281 4464 20
1300 4406 1459 4480 pedes
1478 4406 1581 4461 alta
1596 4447 1612 4473 ,
1641 4410 1702 4471 14
1733 4405 1927 4479 pedum
1948 4406 2168 4479 profun-

604 4484 825 4543 ditatem
851 4487 1023 4544 habet.
1099 4486 1462 4560 Andreossyus
1492 4504 1549 4541 se
1579 4487 1809 4559 primum
1842 4486 1936 4541 bas
1957 4486 2169 4559 spelun-

604 4583 693 4621 ωε
715 4566 964 4623 indicasse
979 4566 1159 4623 dicens
1182 4568 1459 4622 immemor
1480 4576 1592 4621 erat
1610 4566 1751 4620 Petri
1770 4566 1927 4639 Gyllii
1944 4606 1960 4633 ,
1988 4584 2170 4639 quam·

604 4664 767 4719 quam
798 4648 885 4703 hic
926 4648 983 4702 in
1021 4666 1086 4702 eo
1114 4648 1288 4703 minus
1320 4656 1594 4702 accuratus
1629 4663 1740 4699 esse
1780 4646 1991 4700 videtur
2022 4647 2166 4718 quod

600 4737 883 4801 utramque
906 4728 1207 4801 speluncam
1240 4728 1297 4782 in
1335 4728 1479 4781 sinus
1507 4726 1669 4781 latere
1707 4722 2033 4777 meridionali
2060 4722 2167 4777 col·

600 4804 759 4861 locat.
1518 4850 1523 4854 .

673 4892 727 4952 4.
756 4886 1062 4960 Ampelodes
1077 4886 1246 4958 simas]
1267 4884 1427 4940 hodie
1451 4881 1851 4941 Tchakabderek
1874 4881 2165 4937 secundum

594 4965 807 5020 Moltkii
835 4965 1085 5019 tabulam.

670 5044 721 5097 5.
752 5047 869 5097 Duo
899 5042 1137 5116 scopuli]
1161 5046 1364 5098 Eorum
1400 5043 1600 5117 primus
1618 5062 1649 5098 a
1684 5045 2053 5115 promontorio
2080 5062 2165 5099 ca·

591 5120 726 5176 stelli
776 5120 1013 5175 Anaeloli
1064 5122 1271 5177 Kalessi
1316 5141 1481 5177 unum
1526 5121 1753 5179 stadium
1788 5135 1841 5178 et
1876 5121 2159 5177 dimidium

587 5200 773 5264 distat3
807 5200 991 5256 eodem
1012 5202 1285 5258 intervallo
1308 5221 1486 5259 versus
1508 5194 1779 5258 m'eridiem
1797 5220 1828 5257 a
1852 5204 2027 5275 primo
2053 5220 2164 5258 sco-
2223 5270 2231 5276 .

582 5280 724 5417 fflo·
758 5281 902 5373 abest
946 5280 1096 5375 alter.
1172 5282 1381 5339 Moltkii
1421 5283 1599 5339 tabula
1640 5302 1746 5339 non
1790 5284 2012 5350 insulas,
2064 5284 2155 5337 sed

681 5377 753 5414 ris
772 5378 945 5433 apices
983 5377 1039 5417 m
1079 5380 1225 5417 mare
1260 5374 1630 5435 procurrentes
1668 5364 1905 5431 exbibet,
1936 5364 2069 5418 adeo
2100 5373 2161 5417 ut

1830 520 2179 581 moNst
2219 520 2590 581 BYzANTn

2301 668 2484 705 saxeus
2500 690 2515 716 ,
2545 667 2700 722 quem
2735 660 2908 705 aautoe
2941 651 3203 723 appellant
3247 653 3558 723 Calogroeam
3577 698 3593 722 ,
3625 674 3658 711 a
3695 656 3866 717 forma

2303 736 2532 791 mulieris
2571 737 2859 791 monachae.
2934 738 3208 792 concavus
3233 740 3408 794 existit
3445 760 3510 795 ex
3547 754 3696 815 parte
3727 749 3866 803 ocei-

2301 820 2486 877 dentis.
2561 822 2693 877 Inde
2717 840 2826 877 non
2867 822 3020 895 longe
3045 835 3341 897 sequuntur
3367 826 3569 898 scopuli
3599 830 3742 887 saxei
3775 834 3862 888 siti

2300 926 2462 981 prope
2487 909 2619 965 latus
2649 910 2954 984 aquilonare
2977 913 3330 984 promontorii
3369 913 3659 971 claudentis
3684 919 3862 975 sinum

2298 995 2607 1069 appellatum
2628 996 2757 1051 Dios
2781 997 2956 1052 Sacra.
3022 999 3105 1053 Ex
3129 997 3214 1052 his
3239 998 3478 1072 quinque
3501 1002 3727 1074 scopulis
3743 1016 3864 1061 ante

2298 1086 2716 1141 commemoratis
2728 1125 2743 1152 ,
2764 1086 2879 1140 sine
2895 1085 2998 1140 ulla
3024 1085 3355 1142 dubitatione
3375 1105 3518 1143 unus
3541 1098 3620 1144 est
3636 1090 3864 1150 insulula

2298 1172 2382 1227 illa
2405 1173 2612 1246 Cyanes.
2638 1171 2890 1239 Asiatica,
2919 1190 3080 1245 quam
3114 1172 3301 1228 Strabo
3326 1172 3567 1245 designat
3583 1215 3598 1233 .
3628 1196 3752 1233 cum
3777 1181 3836 1237 in

2296 1258 2430 1329 quit,
2458 1255 2588 1313 duas
2608 1256 2854 1313 insululas
2881 1276 2991 1313 esse
3016 1259 3075 1314 in
3102 1278 3194 1314 ore
3218 1260 3368 1333 ponti
3390 1261 3607 1328 Euxini,
3633 1265 3863 1336 Cyaneas

2295 1343 2566 1417 appellatas
2582 1384 2599 1411 ,
2652 1343 2866 1400 alteram
2926 1343 3280 1401 adhaerentem
3330 1345 3558 1421 Europae
3573 1388 3590 1415 ,
3647 1348 3865 1409 alteram

2295 1434 2457 1499 Asiae,
2489 1432 2674 1505 euripo
2720 1432 2900 1502 viginti
2935 1432 3238 1488 stadiorum
3283 1434 3422 1489 inter
3460 1453 3518 1489 se
3553 1433 3859 1508 disjunctas.

2295 1518 2574 1591 Dionysius
2593 1518 2870 1591 Byzantius
2886 1558 2903 1587 ,
2929 1529 2990 1573 ut
3015 1530 3136 1574 ante
3161 1518 3305 1585 dixi,
3335 1522 3568 1594 primum
3587 1522 3862 1595 scopulum

2294 1604 2616 1661 demonstra
2635 1622 2746 1661 esse
2765 1617 2966 1661 turrem
2991 1606 3210 1663 Medeae.
3285 1612 3473 1683 Itaque
3498 1628 3564 1665 ex
3601 1612 3860 1686 Dionysio

2290 1710 2449 1748 unam
2479 1712 2544 1748 ex
2579 1692 2793 1767 reliquis
2831 1703 3058 1765 quatuor
3092 1695 3319 1768 scopulis
3355 1706 3564 1770 oportet
3597 1700 3862 1770 Cyaneam

2289 1795 2400 1833 csse
2425 1775 2720 1834 Asiaticam.
2794 1777 3052 1851 Equidem
3091 1780 3201 1853 ipse
3216 1821 3232 1846 ,
3263 1782 3367 1835 nisi
3393 1782 3636 1855 Dionysii
3678 1796 3860 1840 aucto-

2288 1865 2414 1921 ritas
2454 1866 2828 1935 intercederet,
2869 1869 3028 1922 etiam
3065 1886 3212 1923 nunc
3249 1868 3511 1924 relabere:-
3535 1871 3592 1924 in
3628 1870 3858 1927 eundem

2287 1973 2542 2023 errorem,
2569 1956 2626 2011 in
2651 1973 2758 2029 quo
2789 1973 2872 2010 me
2905 1955 3062 2010 fuisse
3080 1967 3202 2011 ante
3224 1956 3488 2030 professus
3507 1976 3646 2027 sum,
3669 1978 3861 2035 nempe

2287 2046 2498 2117 Pyrgon
2533 2042 2734 2099 Meda
2757 2062 2869 2099 esse
2901 2045 3135 2117 Cyaneas
3179 2046 3431 2101 Asiaticas
3446 2086 3463 2113 ,
3501 2066 3624 2103 cum
3652 2068 3719 2104 ex
3757 2068 3822 2106 eo
3837 2089 3855 2118 ,

2285 2132 2432 2206 quod
2457 2131 2699 2206 scopulus
2727 2132 2928 2188 Medea
2963 2132 3186 2188 similior
3212 2132 3368 2206 longe
3409 2146 3491 2191 est
3517 2136 3703 2192 insulis
3724 2138 3859 2211 Cya-

2285 2222 2396 2276 neis
2434 2221 2731 2294 Europaeis,
2781 2231 2834 2275 et
2864 2240 2894 2276 e
2927 2222 3141 2293 regione
3183 2225 3345 2294 magis
3376 2226 3696 2292 contrarius,
3739 2236 3855 2281 tum

2284 2310 2511 2363 maxime
2535 2326 2601 2363 ex
2627 2326 2691 2362 eo
2716 2307 2862 2380 quod
2885 2308 3227 2379 Apollonius,
3259 2328 3368 2364 non
3396 2311 3571 2366 minus
3597 2330 3754 2367 verus
3775 2312 3857 2367 lo·

2281 2412 2464 2449 corum
2483 2394 2807 2467 conscriptor
2819 2412 2976 2467 quam
2989 2396 3226 2466 egregius
3239 2398 3664 2467 Argonautarum
3675 2410 3852 2471 poeta,

2280 2484 2510 2537 Pontum
2535 2480 2697 2535 latum
2727 2480 2890 2535 videri
2911 2482 2983 2536 ait
3005 2483 3256 2553 utrinque
3276 2483 3419 2556 apud
3441 2488 3692 2557 Cyaneas.
3767 2488 3855 2543 Sic

2278 2570 2420 2623 enim
2441 2568 2622 2623 Graece
2646 2566 2828 2622 scribit
2853 2566 2877 2637 (
2897 2584 2929 2621 a
2945 2607 2960 2633 ,
2995 2566 3098 2639 579
3117 2562 3183 2638 )':

2401 2712 2524 2772 Ἤδη
2543 2712 2583 2763 δ’
2601 2712 2708 2764 ἔνθα
2723 2712 2804 2763 καὶ
2827 2713 2936 2764 ἔνθα
2963 2712 3043 2763 διὰ.
3063 2712 3238 2771 πλατὺς
3259 2713 3408 2765 eleeto
3430 2713 3611 2772 Πόντος
3625 2756 3638 2771 ,

2276 2851 2524 2906 Similiter
2566 2852 2847 2923 Dionysius
2887 2853 3030 2907 orbis
3067 2853 3396 2926 conscriptor
3435 2871 3468 2906 a
3505 2852 3728 2925 Cyaneis
3769 2852 3852 2908 in-

2278 2938 2392 3009 quit
2421 2939 2444 3008 (
2469 2941 2567 3002 146
2587 2941 2610 3008 )
2634 2958 2648 2994 ε

2399 3084 2636 3147 οἰγὸμενος
2656 3085 3016 3147 nuperrimam
3035 3084 3226 3150 ἀνδράσι
3247 3086 3425 3142 Πόντος

2397 3154 2566 3209 πολλὸς
2586 3154 2674 3203 ἐὼν
2692 3154 2771 3203 καὶ
2796 3154 2964 3203 πολλὸν
2985 3152 3058 3205 ἐπ’
3081 3154 3292 3213 ἀντολὶης
3315 3156 3466 3220 μυχὸν
3485 3155 3655 3219 ἕρπων.

2273 3265 2424 3321 Idem
2444 3268 2699 3321 consentit
2725 3266 3007 3338 Dionysius
3033 3266 3333 3337 Byzantius,
3364 3266 3530 3321 latum
3549 3284 3693 3322 mare
3713 3284 3846 3323 cum

2276 3354 2407 3408 dicit
2426 3354 2612 3425 aperiri
2633 3353 2998 3425 promontorio
3022 3346 3298 3425 Anc'yioeo.
3375 3354 3514 3408 Ante
3553 3355 3843 3409 monstravi

2274 3439 2465 3493 turrim
2491 3438 2688 3493 Medeae
2713 3456 2824 3492 esse
2841 3435 2993 3509 juxta
3018 3437 3250 3492 radicem
3282 3438 3635 3510 promontorii
3664 3442 3844 3513 Ancy-

2273 3526 2362 3581 raei
2386 3542 2400 3580 :
2431 3535 2485 3579 at
2507 3542 2572 3578 ex
2595 3524 2806 3596 reliquis
2831 3523 3056 3596 scopulis
3072 3563 3089 3590 ,
3120 3524 3212 3596 qui
3236 3522 3484 3595 deinceps
3509 3540 3846 3596 consequun-

2273 3623 2381 3680 tur,
2429 3630 2536 3668 non
2576 3614 2823 3686 utrinque
2847 3613 3012 3667 latum
3050 3629 3196 3667 mare
3239 3611 3492 3686 aperitur,
3535 3612 3740 3667 etiamsi
3775 3632 3842 3670 ex

2271 3702 2464 3757 horum
2491 3700 2772 3757 verticibus
2799 3700 2978 3756 oculos
3005 3700 3062 3757 in
3097 3718 3281 3756 omnes
3311 3711 3485 3774 partes
3529 3702 3839 3759 intenderis.

2274 3792 2444 3845 Littus
2487 3791 2628 3845 enim
2674 3788 2978 3857 Asiaticum,
3001 3788 3242 3844 nondum
3289 3801 3565 3845 curvatum
3605 3789 3674 3844 ad
3717 3790 3841 3845 solis

2265 4024 2408 4061 nunc
2429 4004 2671 4077 scopulos
2689 4044 2705 4071 ,
2730 4002 2946 4077 quando
2969 4004 3037 4057 sit
3065 4002 3318 4058 humilius
3340 4022 3485 4058 mare
3500 4044 3516 4071 ,
3543 4005 3836 4059 continenti

2252 4084 2410 4158 jungi
2427 4084 2677 4156 suspicer.

2333 4178 2386 4227 6.
2439 4172 2867 4228 Promontorium
2912 4187 2944 4223 a
2997 4168 3220 4224 meridie
3265 4170 3612 4243 Ampelodem
3658 4173 3834 4227 sinum

2258 4251 2505 4306 claudens
2543 4254 2610 4307 ab
2635 4249 2872 4305 Auadoli
2901 4248 3110 4304 Kalessi
3153 4268 3242 4304 sex
3285 4249 3453 4304 stadia
3497 4250 3685 4320 distat3
3716 4262 3838 4308 ante

2257 4330 2315 4383 id
2335 4330 2560 4387 insulula
2587 4331 2665 4386 vel
2697 4328 2945 4403 scopulus
2967 4340 3046 4384 est
3061 4370 3077 4393 ,
3127 4346 3287 4401 quem
3333 4330 3648 4399 Calograeam
3672 4331 3834 4403 Gyllii

2256 4428 2367 4464 esse
2393 4430 2599 4469 censeo.
2628 4408 2762 4467 Inde
2788 4420 2908 4483 post
2941 4408 3053 4465 duo
3088 4410 3256 4467 stadia
3295 4420 3591 4481 sequuntur
3629 4410 3833 4485 scopuli

2256 4487 2330 4543 illi
2353 4507 2486 4563 quos
2512 4491 2714 4565 Gyllius
2745 4491 2872 4545 sitos
2899 4507 3010 4543 esse
3041 4486 3172 4544 dicit
3201 4488 3270 4544 ad
3295 4488 3431 4543 latus
3471 4488 3681 4546 boreale
3705 4507 3832 4564 pro·

2257 4572 2510 4626 montorii
2545 4570 2834 4627 claudentis
2859 4571 3036 4624 sinum
3065 4569 3201 4624 Dios
3223 4574 3391 4625 Sacra
3411 4580 3674 4625 vocatum.
3702 4572 3831 4626 Pro·

2256 4649 2580 4705 montorium
2607 4649 2712 4705 hoe
2733 4667 2875 4703 nunc
2901 4660 3120 4706 vocatur
3147 4647 3605 4716 Pilaw-boumou,
3640 4650 3696 4704 in
3719 4668 3832 4723 quo

2255 4728 2450 4783 Poimz
2481 4731 2555 4800 (i.
2585 4748 2634 4785 e.
2665 4728 2872 4801 boreae)
2893 4728 3162 4784 castellum
3189 4730 3349 4783 situm
3369 4740 3470 4785 est.
3487 4730 3641 4783 Errat
3667 4729 3832 4785 Ham·

2255 4826 2433 4864 merus
2473 4810 2563 4882 qui
2587 4828 2643 4882 p.
2669 4826 2776 4882 279
2801 4808 2980 4864 scribit
3013 4828 3028 4867 ι
3068 4836 3091 4858 ι
3125 4812 3235 4864 Der
3271 4808 3484 4880 heutige
3509 4809 3677 4864 Name
3713 4807 3831 4864 des·

2252 4888 2428 4943 selben
2455 4894 2554 4958 (sc.
2577 4888 2670 4943 des
2689 4890 2818 4943 Fort
2843 4906 2944 4943 von
2969 4887 3180 4962 Poiraz)
3199 4928 3214 4955 ,
3237 4886 3464 4941 welcber
3485 4904 3608 4943 vom
3633 4890 3828 4943 Boreas

2253 4968 2657 5040 bergenommen
2680 4986 2747 5023 zu
2773 4968 2883 5022 sein
2907 4968 3110 5022 scheiut
3125 5008 3140 5033 ,
3172 4968 3239 5021 ist
3265 4984 3373 5021 nur
3398 4966 3518 5021 eine
3540 4967 3822 5022 Verstt‘am·

2252 5048 2464 5119 melung
2478 5047 2570 5103 des
2587 5048 2723 5102 alten
2746 5048 2974 5102 Namens
3003 5045 3170 5102 dieses
3190 5045 3542 5118 Vorgebirges
3556 5086 3572 5113 ,
3601 5046 3824 5102 welches

2252 5127 2476 5181 vormals
2493 5126 2735 5182 come-ion
2751 5168 2767 5192 ,
2788 5125 2844 5180 d.
2871 5128 2907 5179 i.
2937 5125 3030 5180 das
3062 5124 3569 5197 Rabenvorgebirge,
3601 5126 3763 5181 hiess.
3792 5149 3816 5177 ι

2250 5207 2514 5261 Nimirum
2573 5206 2828 5261 Corae-ion
2891 5206 3319 5276 promontorium
3376 5204 3760 5272 (Pil-Boumou
3773 5208 3817 5277 ),

2246 5285 2399 5357 cujus
2425 5286 2478 5339 in
2508 5304 2650 5357 seqq.
2683 5283 2969 5356 Dionysius
3000 5285 3272 5351 meminit,
3312 5302 3422 5339 non
3463 5284 3686 5339 borealis
3725 5282 3820 5341 scd

2247 5363 2483 5418 australis
2514 5365 2764 5419 terminus
2785 5373 2863 5418 est
2888 5362 3033 5417 sinus
3057 5363 3150 5435 qui
3182 5364 3314 5419 Dios
3332 5379 3489 5418 sacra
3507 5372 3742 5422 vocamr.
