4584 6284
627 499 744 552 620

704 647 754 686 s.
790 621 919 685 Ὅτι
941 622 995 681 έν
1019 646 1127 683 τισι
1149 621 1357 689 κλάδοις
1386 625 1490 682 τῶν
1510 625 1563 682 ἰν
1591 622 1760 703 Ἰνδίᾳ
1790 621 2014 706 δένδρων
2042 625 2179 704 ἔριον

625 713 836 773 ἐπανθεῖ
875 710 960 770 διὰ
986 710 1046 769 τὸ
1083 707 1292 787 ἔνικμον
1323 717 1415 771 τοῦ
1445 711 1629 788 ξύλου,
1660 711 1712 782 ἐξ
1743 704 1816 772 ὧν
1850 714 2074 782 σινδόνες
2101 714 2179 790 γί·

619 823 822 860 νονται.
923 797 1088 860 Ἔστι
1115 798 1171 860 δὲ
1211 799 1306 858 καὶ
1348 798 1521 880 φλοιὸς
1569 801 1791 882 δένδρων
1833 803 1970 878 ἐκεῖ,
2017 801 2068 872 ἐξ
2107 795 2180 863 ὧν

623 891 814 966 ἱμάτια
841 886 1053 947 ποικίλα
1092 887 1314 965 γίνεται.
1398 886 1562 950 Ἔστι
1591 890 1647 950 δὲ
1686 889 1780 950 καὶ
1821 888 2008 971 δένδρα
2049 893 2178 972 παρ’

625 977 799 1043 αὐτοῖς
830 971 952 1051 μέλι
983 981 1233 1034 ποιοῦντα
1262 975 1386 1034 ἄνευ
1418 976 1587 1058 ζῴων,
1637 975 1690 1046 ἐξ
1735 967 1808 1036 ὧν
1856 981 1904 1038 οἱ
1932 980 2180 1057 φαγόντες

625 1061 984 1140 μεθύσκονται.
1069 1061 1194 1123 Εἰσὶ
1222 1061 1278 1122 δέ
1300 1085 1415 1122 τινα
1443 1065 1552 1123 ἐκεῖ
1575 1064 1784 1146 δένδρα,
1811 1055 1885 1125 ὧν
1913 1066 1982 1124 τὰ
2005 1066 2177 1147 φύλλα

625 1152 720 1211 οὐκ
743 1151 943 1212 ἐλάττω
971 1149 1188 1220 ἀσπίδος
1214 1151 1374 1211 ἰστίν·
1416 1151 1552 1212 ἄλλα
1575 1152 1628 1212 δὲ
1649 1151 1746 1222 ἕως
1769 1152 1960 1231 ὀλίγων
1988 1157 2178 1233 πηχῶν

618 1239 842 1307 κλάδους
873 1237 1201 1313 αὐξήσαντα,
1231 1228 1347 1299 εἶτα
1375 1238 1463 1299 διὰ
1497 1239 1556 1299 τὸ
1585 1240 1740 1322 βάρος
1786 1240 1933 1300 κάτω
1977 1243 2177 1315 νεύειν,

620 1326 883 1405 αὐξόμενα
922 1328 1018 1395 ἕως
1044 1330 1139 1400 τῆς
1175 1331 1304 1406 γῆς,
1342 1318 1455 1386 εἶτα
1497 1329 1665 1389 ἐκεῖσε
1701 1329 1859 1390 πάλιν
1893 1329 2176 1410 ῥιζωθέντα

619 1407 766 1482 αὐθις
792 1414 1040 1485 αὔξεσθαι
1069 1415 1199 1496 πρὸς
1224 1415 1286 1475 τὸ
1322 1413 1430 1473 ἄνω
1451 1460 1465 1488 ,
1499 1406 1612 1475 εἶτα
1635 1407 1778 1484 αὐθις
1805 1417 2058 1477 ἐπινεύειν
2081 1417 2172 1476 καὶ

617 1493 765 1572 αὐθις
813 1506 1102 1586 ῥιζοῦσθαι.
1137 1507 1207 1570 ὥς
1243 1499 1464 1563 ἐοικέναι
1507 1502 1604 1578 τὴν
1635 1503 1787 1563 σκιὰν
1829 1507 2001 1564 αὐτῶν
2034 1504 2172 1584 οἰκίᾳ

617 1591 948 1672 πολυστέγῳ.
1035 1590 1159 1652 Εἰσὶ
1184 1589 1351 1650 δὲκαὶ
1378 1591 1561 1671 δένδρα
1578 1639 1595 1672 ,
1627 1583 1701 1653 ὧν
1730 1591 1796 1650 τὰ
1830 1592 2056 1672 στελέχη
2083 1593 2174 1654 καὶ

619 1677 662 1738 ε’
701 1679 991 1758 ἀνθρώποις
1019 1671 1153 1738 εἶναι
1181 1680 1590 1760 δυσπερίληπτα.

699 1789 745 1829 ο.
781 1766 915 1830 Ὀτι
955 1770 1156 1847 ἱστορεῖ
1179 1765 1561 1847 Ἀριστοτέλης,
1606 1767 1831 1845 γυναῖκα
1877 1766 2173 1845 Αἰγυπτίαν

619 1856 898 1933 ἓπτάδυμα
947 1853 1133 1915 παιδία
1175 1855 1458 1916 τετοκέναι·
1511 1853 1797 1916 πολυτόκοι
1823 1854 1926 1936 γὰρ
1959 1858 2015 1915 αἱ
2066 1860 2171 1916 τῶν

621 1943 932 2024 Αἰγυπτίων
954 1946 1218 2023 γυναῖκες.

701 2055 776 2098 ιο.
805 2029 970 2108 Ὅτι,
997 2031 1332 2114 Ἀλεξάνδρου
1362 2031 1680 2116 ἀφικομένου
1713 2033 1785 2100 εἰς
1804 2029 2012 2101 Τάξιλα
2029 2076 2047 2106 ,
2075 2029 2172 2092 πό·

616 2128 699 2186 λιν
728 2123 911 2185 Ἰνδῶν
929 2167 948 2197 ,
977 2121 1282 2193 ξενισθέντος
1304 2120 1404 2181 ὐπὸ
1438 2127 1541 2183 τῶν
1573 2119 1908 2182 ἐνοικούντων
1932 2120 2174 2200 μεγάλως

617 2212 709 2274 καὶ
749 2211 997 2290 μειζόνως
1050 2209 1234 2279 αὐτοὺς
1273 2209 1742 2293 εὐεργετήσαντος,
1781 2213 1832 2269 οἳ
1875 2210 2174 2276 Μακεδόνες

617 2301 910 2384 ἐφθόνησαν
963 2298 1176 2384 φάντες,
1228 2298 1308 2359 ὅτι
1355 2302 1452 2361 οὐκ
1505 2289 1646 2378 εἶχεν
1693 2295 2054 2377 Ἀλέξανδρος,
2103 2300 2174 2366 ὡς

627 2392 823 2464 ἔοικεν,
853 2389 940 2456 οὓς
960 2388 1281 2468 εὐεργετήσει
1297 2431 1314 2462 ,
1348 2385 1524 2469 πρὶν-ἥ
1558 2386 1704 2460 διέ6η
1724 2386 1812 2448 τὸν
1835 2385 2024 2448 Ἰνδόν.

701 2499 767 2540 tt.
814 2477 944 2539 Ὅτι
984 2480 1031 2535 οἰ
1067 2476 1275 2547 πίθηκοι
1303 2476 1394 2534 καὶ
1421 2477 1466 2534 οἱ
1509 2473 1778 2556 ἐλέφαντες
1813 2473 2170 2554 οἰνθρωπόνουν

615 2569 727 2626 ἐστὶ
756 2569 905 2646 ζῷον·
933 2564 1024 2624 καὶ
1052 2565 1265 2640 σημεῖον
1295 2565 1474 2622 τούτου
1497 2564 1552 2621 αἱ
1579 2565 1633 2620 ἔν
1660 2561 1878 2642 πολέμῳ
1905 2560 1998 2620 σὺν
2028 2559 2172 2629 τάξει

611 2650 904 2733 προσὸολαὶ
931 2646 1213 2729 ἑκατέρων.

696 2757 760 2798 12.
810 2734 940 2797 “Ort
981 2739 1028 2794 οἱ
1073 2736 1290 2805 πίθηκοι
1314 2733 1414 2794 ὑπὸ
1442 2735 1616 2796 Ἰνδῶν
1649 2734 1957 2796 ἁλίσκονται
1984 2735 2166 2804 οὕτως·

610 2823 778 2890 θέντες
821 2822 961 2902 ὕδωρ
990 2822 1093 2902 πρὸ
1131 2824 1301 2883 αὐτῶν
1355 2822 1729 2883 ἀπονίπτονται
1775 2823 1836 2882 τὸ
1883 2823 2168 2903 πρόσωπον

609 2912 700 2971 καὶ
723 2910 946 2982 πλησίον
972 2908 1146 2991 ἕτερον
1177 2908 1423 2988 τρυῦλίον
1463 2910 1586 2991 ἔχον
1615 2910 1754 2983 ἰξὸν,
1784 2911 2170 2992 ἀπονιψάμενοι

609 2997 664 3058 δὲ
715 3002 1091 3080 ὑποχωροῦσιν·
1117 3000 1166 3057 οἳ
1208 2996 1263 3056 δὲ
1299 2996 1508 3069 πίθηκοι
1525 3047 1540 3072 ,
1586 2999 1873 3076 καθήμενοι
1913 2995 2167 3080 μετέωροι

611 3088 698 3146 ἐπὶ
725 3085 961 3166 δένδρου,
1005 3083 1330 3153 καταὸάντες
1364 3092 1648 3164 μιμοῦνται
1690 3085 1782 3145 καὶ
1822 3085 1986 3153 οὕτως
2030 3090 2170 3145 ἀπο-

610 3175 907 3253 νιπτόμενοι
943 3178 1031 3234 τοῦ
1060 3174 1168 3244 ἰξοῦ
1197 3173 1522 3240 ἁλίσκονται.
1637 3178 1684 3236 Κ
1693 3173 1748 3233 αὶ
1777 3176 1962 3254 ἑτέρως
1991 3174 2169 3234 πάλιν·

611 3263 862 3330 θυλάκους
887 3263 1205 3323 ὑποδοῦνται
1228 3259 1410 3330 κενοὺς
1437 3263 1530 3322 καὶ
1555 3265 1893 3343 ὑποχωροῦσι
1902 3303 1920 3334 ,
1941 3261 2165 3333 πλησίον

611 3351 823 3431 ἀφέντες
842 3349 1043 3430 ἐτέρους
1077 3353 1277 3423 δασεῖς,
1307 3348 1400 3431 ἰξῷ
1422 3351 1816 3430 κεχρισμένους·
1846 3351 1895 3409 οἰ
1925 3347 1982 3408 δὲ
2003 3372 2175 3427 μιμη-
2202 3409 2208 3415 ,

613 3438 828 3516 σάμενοι
858 3438 1182 3498 ἁλίσκονται.

698 3545 768 3586 ιε.
825 3522 956 3585 Ὅτι
978 3524 1111 3590 τινὲς
1133 3528 1236 3583 τῶν
1261 3522 1442 3584 Ἰνδῶν
1478 3533 1586 3591 τοῖς
1605 3522 1882 3596 τεθνηκόσι
1906 3546 2175 3602 συγκατα-

615 3614 821 3673 καίουσι
861 3613 952 3680 τὰς
976 3610 1240 3691 γαμετὰς,
1281 3607 1370 3671 ἵνα
1397 3610 1471 3688 μὴ
1501 3609 1764 3692 προφάσει
1784 3610 2022 3692 μοιχείας
2051 3612 2176 3694 ἐρῶ·

616 3725 708 3761 σαι
732 3703 906 3762 ἄλλων
924 3747 942 3778 ‚
966 3697 1349 3782 φαρμακεύοιεν
1376 3697 1562 3768 αὐτοὺς
1589 3697 1706 3768 τοὺς
1735 3698 1997 3778 γαμέτας.

699 3808 776 3852 u.
832 3789 962 3851 Ὅτι
1005 3787 1133 3868 παρ’
1171 3788 1350 3856 Ἰνδοῖς
1387 3786 1536 3854 κύνες
1565 3786 1695 3847 εἰσὶν
1736 3787 1925 3867 ἀρετὰς
1971 3786 2176 3866 ἔχοντες

624 3878 882 3957 μεγάλας.
1016 3876 1334 3958 Ἀλεξάνδρῳ
1381 3883 1504 3954 γοῦν
1555 3877 1835 3949 Σωπείθης
1895 3874 1970 3956 ρν’
2018 3873 2177 3940 κύνας

618 3967 770 4041 δοὺς,
799 3965 1084 4046 ἀποπείρας
1119 3969 1276 4048 χάριν
1320 3963 1506 4026 λέοντα
1541 3962 1828 4045 προόαλὼν
1841 4009 1861 4035 ,
1894 3962 1987 4023 δύο
2031 3965 2174 4043 αὐτῷ

615 4056 770 4121 κύνας
816 4056 1071 4135 ἐπαφῆκε·
1099 4053 1468 4130 κρατουμένων
1515 4050 1570 4110 δὲ
1608 4053 1805 4125 αὐτῶν,
1837 4051 2041 4130 ἑτέρους
2083 4049 2174 4110 δύο

616 4147 900 4225 ἐπαφῆκεν·
929 4145 999 4209 ὡς
1043 4139 1099 4202 δὲ
1140 4140 1422 4222 ἐφάμιλλος
1452 4131 1518 4212 ἦν
1564 4143 1594 4200 6
1634 4139 1797 4218 ἁγὼν,
1834 4139 2104 4198 ἐκέλευσεν
2136 4140 2164 4197 6

613 4231 890 4304 Σωπείθης
933 4229 1018 4290 τὸν
1064 4227 1158 4288 ἕνα
1194 4228 1325 4288 κύνα
1356 4230 1725 4309 ὑποχωρῆσαι·
1754 4231 1830 4303 μὴ
1859 4224 2170 4302 πειθομένου

612 4319 668 4380 δὲ
685 4365 702 4392 ,
730 4318 818 4377 τὸν
848 4316 1009 4394 μηρὸν
1042 4312 1309 4374 ἐκέλευσεν
1355 4315 1683 4393 ἐκτμηθῆναι
1723 4319 1816 4373 τοῦ
1844 4313 2029 4390 κυνὸς,
2075 4311 2168 4372 καὶ

609 4402 775 4474 οὕτως
803 4406 974 4484 ἀργῶς
1011 4402 1256 4484 πρότερον
1295 4400 1552 4479 ἐξετμῆθη
1587 4404 1616 4461 6
1651 4401 1816 4480 μηρὸς
1841 4399 1876 4471 ἢ
1903 4405 1994 4460 τοῦ
2032 4399 2163 4479 δήγ-

612 4516 781 4571 ματος
820 4495 848 4552 6
878 4490 1014 4552 κύων
1045 4494 1267 4566 μεθῆκεν
1281 4535 1299 4564 ,
1332 4491 1450 4549 ἀλλ’
1478 4488 1650 4571 εἴχετο
1677 4493 1770 4547 τοῦ
1813 4487 2036 4560 λέοντος,
2061 4487 2161 4556 ἕως

607 4581 889 4642 ἀπέθανεν.

689 4688 759 4730 15.
784 4663 920 4728 Ὅτι
955 4669 1008 4727 ἰν
1036 4666 1200 4747 Ἰνδία
1226 4664 1568 4748 ὕγιεινότατος
1605 4662 1703 4736 μὲν
1735 4667 1766 4724 6
1791 4661 1920 4744 ἀὴρ,
1960 4685 2157 4742 μακρο-

605 4753 861 4815 Θιώτατοι
890 4755 938 4814 δ’
977 4755 1028 4814 ot
1059 4752 1249 4826 Ἰνδοὶ,
1273 4751 1408 4812 ὥστε
1431 4751 1520 4811 καὶ
1546 4749 1676 4829 ὑπὲρ
1703 4748 1880 4830 aed-97(
1900 4750 1992 4822 ἔτη
2040 4754 2156 4822 ζῆν.

605 4833 866 4896 Συσσίτια
908 4835 954 4893 δ’
985 4833 1125 4894 ἐστὶν
1169 4834 1373 4904 αὐτοῖς,
1401 4833 1473 4900 ὣς
1497 4839 1602 4900 τοῖς
1641 4830 1881 4890 Λάκωσι.
1977 4832 2072 4910 Τῷ
2102 4829 2158 4887 δὲ

602 4926 784 5004 χρυσῷ
812 4922 872 4980 οὐ
893 4924 1164 5002 χρῶνται,
1203 4919 1320 4980 οὐδὲ
1349 4922 1427 4999 τῷ
1470 4917 1697 4998 ἀργύρῳ·
1733 4919 1846 4977 ἀντὶ
1869 4917 1927 4978 δὲ
1959 4917 2157 4978 δούλων

601 5020 706 5078 τοῖς
732 5010 787 5068 έν
813 5013 961 5088 ἀκμῇ
988 5011 1246 5090 χρῶνται.
1341 5005 1494 5075 Πλὴν
1519 5006 1576 5066 δὲ
1601 5011 1696 5079 τῆς
1723 5009 1959 5086 ἰατρικῆς
1987 5005 2154 5078 ἄλλην
2255 5023 2480 5068 utuntur
2515 5011 2819 5084 juvenibus.

1870 491 1968 552 CH
1979 492 2444 555 RESTOMATH
2454 497 2551 557 1AE

2344 631 2397 683 8.
2436 631 2499 682 In
2528 629 2843 702 quibusdam
2867 633 3025 686 ramis
3050 633 3304 688 arborum
3326 633 3492 689 Indiae
3516 636 3631 691 lana
3659 642 3824 693 nasci·

2269 716 2360 759 tur
2404 719 2622 779 propter
2676 707 2801 780 ligni
2843 708 3210 764 humiditatem
3228 749 3245 776 ,
3299 729 3365 766 ex
3422 731 3529 784 qua
3575 715 3827 772 sindones

2268 795 2539 840 texuntur.
2614 789 2707 842 Est
2741 799 2796 841 et
2837 799 3017 843 cortex
3043 789 3261 862 quidam
3304 792 3560 847 arborum
3596 794 3729 858 illic,
3762 813 3823 850 ex

2267 881 2377 934 quo
2404 875 2569 920 vestes
2594 867 2745 920 variae
2763 865 3135 924 conficiuntur.
3174 872 3309 924 Item
3332 871 3549 926 arbores
3570 871 3713 944 apud
3736 892 3823 928 eos

2267 953 2393 996 sunt.
2433 943 2629 1018 absque
2672 945 2982 1000 animalibus
3025 945 3127 1001 mel
3168 949 3538 1016 conficientes,
3579 968 3689 1023 quo
3714 952 3824 1006 ine·

2265 1021 2509 1078 briantur
2553 1026 2811 1082 esitantes.
2887 1027 3021 1080 Sunt
3060 1028 3217 1082 etiam
3255 1028 3473 1084 arbores
3513 1030 3644 1096 illic,
3699 1051 3827 1104 qua·

2266 1120 2388 1157 rum
2418 1103 2539 1161 solia
2559 1125 2667 1162 non
2690 1119 2814 1163 sunt
2840 1107 3045 1162 minora
3073 1118 3256 1172 scuto;
3289 1109 3402 1164 aliae
3436 1108 3651 1165 arbores
3677 1123 3822 1176 sunt,

2267 1199 2496 1252 quarum
2534 1187 2665 1239 rami
2693 1205 2859 1259 quum
2882 1185 2951 1240 ad
2984 1205 3179 1260 paucos
3222 1188 3431 1243 cubitos
3473 1192 3822 1258 excreverint,

2267 1256 2529 1329 reliquum
2577 1261 2961 1316 incrementum
3032 1273 3253 1335 propter
3317 1263 3529 1338 pondus
3598 1283 3825 1336 pronum

2265 1331 2487 1400 faciunt,
2514 1334 2706 1390 deflexi
2732 1353 3007 1409 quousque
3033 1346 3227 1392 terram
3256 1340 3601 1410 contingant3
3624 1340 3819 1397 deinde

2263 1407 2467 1464 radices
2487 1423 2694 1482 agentes
2717 1429 2841 1470 mox
2852 1429 3033 1467 rursus
3051 1412 3106 1466 in
3125 1423 3373 1468 truncum
3384 1427 3612 1480 exeunt;
3632 1415 3825 1471 deinde

2263 1483 2444 1539 denuo
2466 1483 2713 1541 deorsum
2739 1487 3037 1552 flectuntur,
3067 1485 3202 1543 adeo
3230 1499 3291 1543 ut
3319 1489 3511 1546 umbra
3538 1491 3627 1545 fiat
3650 1492 3817 1563 qualis

2263 1573 2341 1612 eet
2367 1559 2555 1615 domus
2581 1562 2743 1617 multa
2778 1572 2913 1617 tecta
2939 1561 3199 1621 habentis.
3270 1564 3408 1619 Sunt
3429 1563 3646 1620 arbores
3671 1567 3813 1633 aliae,

2263 1653 2489 1764 quarupi
2539 1637 2768 1710 stipitem
2821 1638 2907 1692 vix
2953 1639 3195 1711 quinque
3244 1637 3489 1694 homines
3544 1642 3819 1716 complecti

2262 1727 2432 1782 qucan
2462 1751 2476 1764 .

2335 1805 2389 1856 9.
2446 1785 2744 1841 Aristoteles
2762 1857 2770 1866 .
2789 1785 2981 1852 tradit,
3032 1785 3309 1842 mulierem
3355 1788 3621 1861 quandam
3667 1791 3823 1863 AEgy-

2259 1875 2427 1949 ptiam
2453 1884 2650 1946 septem
2679 1875 2914 1945 geminos
2956 1875 3215 1948 peperisse
3231 1895 3247 1942 3
3279 1893 3403 1931 nam
3448 1877 3823 1950 AEgyptiorum

2264 1977 2453 2016 uxores
2480 1958 2735 2014 soecundae
2758 1970 2902 2015 sunt.

2334 2064 2419 2103 10.
2458 2044 2757 2103 Alexander
2781 2065 2947 2119 quum
2992 2049 3218 2103 venisset
3256 2050 3313 2104 in
3340 2051 3524 2106 Taxila
3562 2052 3821 2109 Indorum

2261 2133 2468 2201 urbem,
2504 2145 2557 2190 et
2580 2133 2647 2189 ab
2670 2134 2855 2190 incolis
2898 2135 3295 2208 perhumaniter
3322 2150 3595 2213 susceptus
3621 2140 3819 2207 fuisset,

2259 2230 2419 2294 atque
2447 2221 2519 2276 ob
2548 2220 2605 2276 id
2651 2221 2938 2296 plurimum
2968 2225 3042 2276 eis
3082 2223 3459 2293 benefecisset,
3506 2227 3823 2284 Macedones

2259 2309 2459 2366 invidia
2476 2311 2605 2366 moti
2622 2311 2871 2366 dicebant
2883 2310 3243 2368 Alexandrum
3265 2314 3431 2370 videri
3456 2335 3566 2370 non
3580 2316 3823 2374 habuisse

2260 2399 2453 2472 quibus
2478 2397 2833 2463 benefaceret.
2860 2400 3166 2472 priusquam
3190 2401 3389 2457 Indum
3420 2399 3702 2474 trajiceret.

2338 2501 2421 2538 11.
2461 2485 2636 2539 Simiae
2658 2496 2711 2539 et
2736 2484 3033 2559 elephantes
3068 2487 3313 2542 animalia
3350 2500 3475 2543 sunt
3499 2489 3567 2544 ad
3591 2489 3821 2546 hominis

2257 2580 2469 2642 captum
2493 2573 2736 2643 proxime
2753 2569 3047 2627 accedentia
3071 2591 3085 2628 :
3120 2572 3271 2643 cujus
3298 2561 3373 2628 re'i
3400 2577 3607 2645 signum
3632 2588 3710 2631 est
3738 2581 3820 2632 in-

2257 2655 2424 2711 sultus
2448 2658 2503 2712 in
2532 2657 2668 2713 bello
2704 2657 2891 2713 ordine
2918 2659 2985 2714 ab
3012 2660 3249 2732 utrisque
3292 2659 3477 2716 sactus.

2334 2765 2419 2802 ια.
2458 2748 2632 2803 Simiae
2653 2748 2719 2802 ab
2730 2747 2878 2802 Indis
2898 2748 3001 2802 boc
3014 2747 3176 2803 modo
3196 2751 3496 2822 capiuntur.
3570 2754 3817 2809 Catinam

2257 2851 2395 2906 aqua
2432 2835 2651 2908 plenum
2687 2835 2739 2888 in
2772 2845 3052 2908 conspectu
3096 2846 3353 2907 ponentes
3391 2836 3574 2893 faeiem
3618 2841 3717 2894 sibi
3760 2859 3819 2895 ea

2260 2920 2509 2987 abluunt,
2530 2931 2687 2994 atque
2702 2921 2756 2974 in
2779 2922 3079 2994 propinquo
3105 2921 3247 2976 aliud
3275 2924 3509 2979 catinum
3538 2928 3679 2981 visco
3710 2928 3817 3000 ple-

2260 3023 2391 3060 num
2407 3017 2637 3078 ponunt,
2651 3017 2707 3060 et
2717 3005 2911 3061 deinde
2928 3006 3119 3062 abeunt
3131 3027 3146 3073 ;
3158 3006 3269 3079 jam
3284 3010 3449 3064 simiae
3460 3029 3617 3083 super
3630 3012 3820 3069 arbore

2259 3090 2499 3147 sedentes
2524 3092 2773 3146 sublimen
2788 3131 2804 3158 ,
2830 3091 3155 3147 descendunt
3177 3094 3304 3149 inde
3320 3134 3335 3158 ,
3363 3105 3520 3166 atque
3549 3099 3819 3154 imitantur

2259 3177 2503 3232 homines
2522 3194 2688 3250 eoque
2710 3177 2872 3232 modo
2898 3179 3038 3232 visco
3054 3177 3247 3232 ablutae
3271 3181 3571 3251 capiuntur.
3646 3185 3738 3238 Est
3763 3195 3816 3238 et

2260 3262 2452 3318 modus
2502 3263 2652 3319 alius.
2713 3263 2972 3318 Culleolos
3006 3263 3309 3334 subligaeuti
3347 3265 3509 3320 modo
3552 3267 3810 3335 induunt,

2260 3347 2388 3403 inde
2413 3347 2715 3414 discedunt,
2746 3348 2937 3402 relictis
2969 3348 3081 3403 aliis
3106 3349 3327 3403 interius
3371 3339 3563 3405 villosis
3592 3363 3646 3406 et
3672 3355 3817 3408 visco

2261 3432 2435 3501 illitis3
2466 3432 2727 3488 imitantes
2752 3433 2915 3489 simiae
2943 3435 3241 3506 capiuntur.

2342 3525 2425 3580 13.
2464 3524 2721 3580 Indorum
2758 3525 2997 3580 nonnulli
3034 3543 3142 3580 una
3168 3543 3290 3581 cum
3318 3527 3517 3581 maritis
3555 3526 3818 3582 defunctis

2263 3630 2454 3668 uxores
2486 3611 2823 3679 comburunt,
2853 3631 2921 3668 ne
2943 3629 3037 3686 per
3062 3614 3389 3668 occasionem
3420 3613 3659 3668 adulterii
3690 3614 3819 3669 alios

2263 3701 2404 3755 viros
2423 3710 2671 3767 amantea,
2703 3701 2944 3773 proprios
2965 3716 3165 3754 veneno
3182 3697 3387 3756 tollant.

2340 3795 2423 3857 14.
2464 3789 2621 3865 Apud
2648 3790 2809 3846 Indos
2832 3807 2983 3845 canes
3000 3799 3124 3843 sunt
3147 3788 3503 3844 valentissimi.
3576 3789 3817 3863 Sopithes

2265 3879 2439 3950 itaque
2455 3895 2616 3952 quum
2643 3876 2941 3934 Alexandro
2966 3873 3194 3930 dedisset
3228 3893 3384 3930 canes
3418 3885 3634 3931 centum
3661 3879 3815 3949 quin·

2261 3963 2528 4036 quaginta,
2550 3973 2607 4018 ut
2624 3961 2911 4036 periculum
2926 3960 2995 4016 de
3010 3961 3076 4015 iis
3102 3960 3267 4026 fieret,
3286 3962 3439 4016 leone
3456 3960 3663 4033 objecto
3682 3961 3817 4017 duos

2260 4066 2414 4104 cane·
2442 4049 2689 4114 immisit;
2726 4048 2819 4121 qui
2845 4065 3009 4119 quum
3041 4047 3269 4119 impares
3295 4048 3569 4102 certamini
3604 4059 3806 4114 essent,

2256 4137 2386 4192 alios
2398 4136 2532 4192 duos
2557 4137 2789 4192 immisit.
2842 4135 2947 4190 Ubi
2961 4133 3074 4207 jam
3100 4145 3362 4206 aequatum
3382 4146 3495 4190 erat
3523 4146 3809 4201 certamen,

2256 4223 2497 4295 Sopithes
2510 4221 2667 4294 jussit
2690 4231 2751 4276 ut
2768 4238 2905 4276 unus
2923 4239 2987 4275 ex
3013 4220 3231 4276 canibus
3254 4219 3554 4288 recederet3
3584 4239 3695 4276 non
3719 4223 3816 4276 ob-

2254 4319 2507 4382 sequente
2530 4327 2623 4374 eo,
2657 4306 2815 4379 jussit
2852 4317 2917 4362 ut
2952 4325 3075 4363 ems
3105 4309 3155 4362 ei
3203 4317 3585 4380 amputaretur.
3659 4308 3815 4363 Canis

2253 4399 2434 4471 itaque
2458 4397 2605 4470 prius
2633 4396 2735 4451 sibi
2760 4414 2881 4451 ems
2901 4396 3039 4452 lenta
3061 4396 3295 4450 sectione
3324 4393 3485 4450 incidi
3513 4411 3699 4468 passus
3736 4408 3813 4452 est

2253 4503 2416 4559 quam
2440 4501 2675 4540 morsum
2710 4483 3013 4549 dimitteret,
3052 4501 3116 4538 ac
3136 4483 3343 4538 leonem
3390 4483 3612 4538 retinuit
3644 4483 3815 4539 donce

2250 4571 2462 4628 obierit.

2326 4663 2415 4719 15.
2446 4664 2509 4716 In
2536 4661 2691 4717 India
2714 4679 2805 4717 aer
2824 4671 2905 4716 ent
2928 4659 3324 4726 saluberrimus,
3354 4661 3472 4714 vine
3498 4669 3674 4714 autem
3696 4657 3813 4713 lon-

2250 4751 2474 4823 gissimae
2496 4749 2755 4816 homines,
2780 4749 2855 4804 ita
2886 4758 2949 4803 ut
2972 4766 3129 4820 supra
3158 4757 3372 4802 centum
3399 4757 3456 4801 et
3488 4747 3704 4818 triginta
3728 4748 3809 4800 vi·

2250 4851 2378 4894 vant
2417 4856 2605 4894 annos.
2636 4838 2850 4911 Syssitia
2879 4835 3021 4910 apud
3046 4853 3137 4891 eos
3176 4845 3301 4889 sunt
3321 4877 3337 4900 ,
3375 4835 3513 4889 sicut
3537 4833 3681 4908 apud
3710 4837 3812 4889 La·

2250 4945 2430 4985 conen.
2502 4929 2652 4982 :Auro
2674 4944 2783 4981 non
2800 4934 3041 4990 utuntur,
3066 4941 3239 4996 neque
3256 4932 3505 5005 argentm
3530 4940 3629 4994 pro
3652 4922 3813 4976 servis

2926 5007 3134 5064 Nullam
3183 5007 3513 5080 disciplinam
3558 5009 3814 5080 exquisite

602 5241 672 5290 A.
701 5231 832 5306 οἰκίᾳ
853 5196 1175 5304 πολυστέγῳ]
1200 5229 1499 5304 πολυστύλῳ
1527 5230 1684 5303 σκήνῃ
1705 5229 1913 5286 Strabo.
1940 5231 1963 5300 ΙΙ
1996 5261 2063 5272 -
2097 5247 2151 5299 9.
2248 5229 2334 5290 14.
2352 5245 2412 5299 p.
2440 5243 2561 5297 700,
2600 5229 2654 5278 A
2664 5231 2727 5280 lt.
2752 5221 3105 5294 ὓποχωρῆσαι]
3133 5218 3443 5292 ἀποχωρίσαι
3464 5221 3660 5292 Coray.
3687 5219 3709 5290 ΙΙ
3740 5249 3815 5262 -

597 5333 652 5386 1.
685 5317 785 5383 695
813 5321 885 5370 A.
914 5313 936 5384 ΙΙ
967 5343 1040 5355 —
1063 5330 1146 5368 ιο.
1171 5329 1228 5384 p.
1257 5315 1382 5384 698,
1409 5315 1475 5366 B.
1512 5311 1534 5382 [Ι
1571 5341 1639 5360 -·-
1670 5311 1850 5365 11·13.
1875 5329 1930 5384 p.
1957 5315 2081 5380 699.
2129 5310 2152 5380 [l

2245 5308 2335 5363 15.
2356 5325 2411 5380 p.
2444 5323 2565 5377 700,
2589 5308 2696 5360 CD.
2725 5308 2941 5375 701‚A.
2972 5303 2996 5373 ss
3021 5332 3093 5343 —
3121 5305 3302 5356 16-20.
3326 5320 3383 5374 p.
3407 5301 3533 5370 703.
3561 5301 3584 5370 ss
3611 5329 3683 5340 —
3721 5315 3807 5370 19.
