4584 6284
864 497 977 547 508

926 640 1000 681 48.
1031 623 1144 680 Τοῦ
1172 619 1225 679 δὲ
1256 619 1511 696 πελάγους
1540 620 1735 687 πλάτος
1758 622 1870 683 ἐστι
1902 621 1963 679 τὸ
1990 621 2233 699 μέγιστον
2262 646 2396 681 στα-

846 707 966 768 δίων
1002 730 1070 788 ts,
1100 706 1160 766 τὸ
1201 707 1305 766 ἀπὸ
1330 712 1421 766 τοῦ
1464 709 1763 768 Γαλατικοῦ
1807 710 2005 771 κόλπου
2019 754 2035 782 ,
2070 714 2163 769 τοῦ
2199 710 2392 788 μεταξὺ

839 793 1247 874 Ναρὸῶνος·καὶ
1284 795 1637 865 Μασσαλίας,
1668 794 1755 854 ἐπὶ
1794 796 1891 869 τὴν
1933 794 2250 876 καταντικρὺ
2296 800 2390 857 Αι·

838 881 995 954 Θύην.
1081 880 1406 958 Ὀνομασίαις
1438 880 1495 938 δὲ
1538 879 1649 960 ἔχει
1692 880 1753 941 τὸ
1795 882 2008 961 σύμπαν
2038 884 2174 942 κατὰ
2206 884 2391 949 τόπους

780 993 807 1033 ι
835 967 1123 1050 διαφόρως.
1206 967 1286 1028 Τὸ
1334 966 1429 1044 μὲν
1481 965 1583 1046 γὰρ
1628 968 1799 1039 στόμα
1844 977 1934 1031 τοῦ
1970 969 2223 1047 πελάγους
2266 970 2390 1029 αὐτὸ

832 1054 1063 1137 πορθμὸς
1091 1052 1163 1138 [ὁ]
1189 1058 1304 1114 καθ’
1328 1052 1651 1135 Ἡρακλέους
1680 1058 1873 1129 στήλας
1894 1060 2149 1119 καλεῖται.
2232 1057 2390 1119 Ἔστι

831 1141 887 1202 δὲ
922 1134 1070 1211 οὗτος
1104 1141 1165 1201 τὸ
1204 1146 1371 1220 μῆκος
1406 1143 1629 1202 σταδίων
1684 1144 1761 1224 ρκ’
1779 1190 1794 1217 ,
1844 1146 2027 1221 μιλίων
2074 1144 2163 1217 ις’,
2192 1145 2390 1214 πλάτος

829 1230 888 1290 δὲ
910 1222 949 1311 ᾖ
974 1228 1289 1290 στενότατον
1319 1228 1390 1291 o'.
1424 1231 1784 1291 Εἰσπλεύσασι
1815 1232 1868 1291 δὲ
1896 1233 1981 1290 τὸν
2010 1232 2239 1314 πορθμὸν
2272 1241 2390 1293 τοῦ·

828 1340 918 1377 τον
964 1314 1153 1384 εὐθέως
1208 1321 1243 1390 ἡ
1287 1316 1405 1375 καθ’
1430 1322 1577 1395 ἡμᾶς
1618 1319 1957 1401 ἀναφαίνεται
1998 1320 2274 1394 Θάλασσα,
2325 1312 2388 1393 ἧς

752 1427 806 1468 ιο
828 1403 890 1465 τὸ
933 1406 1029 1482 μὲν
1064 1403 1194 1484 πρὸς
1221 1408 1288 1483 τῇ
1333 1403 1507 1485 medas,
1540 1406 1698 1486 μέχρι
1732 1410 1824 1478 τῆς
1853 1406 2124 1485 Αἰγύπτου
2151 1406 2384 1468 Λιὸυκὸν

828 1496 1073 1553 καλεῖται
1126 1490 1380 1569 πέλαγος,
1441 1494 1494 1551 ἒν
1564 1484 1609 1574 ᾧ
1658 1494 1749 1554 δύο
1808 1495 1991 1555 κόλποι
2052 1495 2387 1556 συνίστανται

828 1584 878 1641 οἱ
907 1581 1414 1660 προσαγορευόμενοι
1441 1581 1680 1662 Σύρτεις.
1763 1582 1975 1643 Τούτων
1993 1584 2039 1642 δ’
2055 1586 2091 1656 ἡ
2113 1581 2208 1662 μὶν
2234 1584 2386 1645 ἐλάτ-

828 1692 935 1729 των
966 1668 1285 1749 δυτικωτίρα
1313 1660 1445 1728 οἶσα
1470 1675 1563 1741 τ’ῆς
1594 1670 1771 1751 ίτέρας
1796 1672 2104 1751 περίμετρον
2130 1671 2238 1754 ἔχει
2260 1695 2384 1732 στα·

830 1754 955 1816 δίων
978 1754 1089 1840 ,²1¹
1104 1800 1121 1829 ‚
1148 1755 1299 1835 μίλια
1328 1756 1381 1815 δὲ
1414 1757 1568 1837 [ρξ’],
1602 1763 1634 1829 ἡ
1677 1757 1733 1817 δὲ
1762 1759 1949 1835 μείζων
1981 1782 2053 1842 Ιε·
2087 1760 2280 1833 ταύτης
2327 1759 2381 1821 δὲ

753 1864 803 1904 ιι»
833 1842 991 1924 βάθος
1020 1866 1072 1924 ,α
1093 1842 1205 1903 ἐστὶ
1228 1842 1321 1923 καὶ
1337 1843 1409 1925 φ’,
1436 1844 1556 1905 ὅσον
1580 1844 1668 1905 καὶ
1692 1844 1753 1905 τὸ
1776 1846 1972 1914 πλάτος
1998 1852 2087 1907 τοῦ
2108 1845 2380 1924 στόματος.

908 1953 989 1995 ιο.
1021 1931 1103 1994 Τὸ
1129 1931 1184 1993 δὶ
1216 1931 1347 2019 πρὸς
1371 1939 1439 2014 τῇ
1480 1934 1711 2016 Εὐρώπῃ
1746 1935 1971 2015 πίλαγος
1996 1936 2236 2006 πλείονας
2272 1938 2382 2019 ἔχει

827 2020 923 2085 τὰς
951 2018 1277 2100 ίπωνυμίας.
1362 2022 1441 2085 Τὸ
1465 2020 1561 2101 μὲν
1586 2021 1688 2105 γὰρ
1716 2026 1922 2103 πρῶτον
1953 2023 2057 2084 ἀπὸ
2075 2028 2165 2098 τῆς
2190 2025 2382 2094 δύσεως

824 2105 1095 2190 ’Μηρικδν
1114 2107 1325 2189 λέγεται
1342 2155 1359 2183 ,
1388 2112 1499 2189 μετ’
1521 2111 1689 2172 ἐκεῖνο
1711 2111 1767 2171 δί
1787 2113 1923 2171 ἔστιν
1942 2114 1971 2172 ὁ
1992 2113 2128 2173 κατὰ
2152 2116 2378 2175 Μασσα·

823 2195 943 2256 λίαν
994 2194 1086 2256 καὶ
1125 2196 1396 2281 Ναρὸῶνα
1439 2199 1731 2267 Γαλατικὸς
1771 2200 1985 2268 κόλπος.
2068 2188 2203 2263 Εἶτα
2242 2201 2380 2262 κατὰ

826 2281 923 2362 μὶν
948 2282 1049 2357 τὴν
1083 2284 1254 2365 ἀρχὴν
1282 2288 1375 2357 τῆς
1400 2291 1489 2345 νῦν
1513 2283 1745 2355 Ἰταλίας
1770 2285 2081 2365 Λιγυστικὸν
2110 2287 2378 2371 Ξκδίχεται

742 2392 799 2433 so
826 2372 1051 2449 πίλαγος
1068 2416 1085 2446 ,
1126 2371 1262 2450 μετὰ
1291 2373 1346 2432 δὲ
1390 2379 1540 2433 τοῦτο
1565 2373 1627 2433 τὸ
1656 2376 1908 2457 Σαρδῷον
1924 2421 1941 2450 ,
1979 2375 2097 2449 ἑξῆς
2129 2376 2181 2437 δὲ
2212 2376 2378 2457 τούτῳ

819 2460 882 2520 τὸ
929 2458 1255 2540 Τυρρηνικὸν
1274 2504 1294 2534 ,
1328 2448 1441 2518 εἶτα
1474 2460 1533 2520 τὸ
1560 2460 1868 2521 Σικελικὸν·
1919 2462 2101 2543 φθάνει
2141 2460 2196 2522 δὲ
2225 2471 2378 2526 τοῦτο

824 2550 950 2630 ἄχρι
996 2548 1247 2627 Παχύνου
1293 2548 1380 2606 ἐπὶ
1408 2546 1779 2627 μεσημὸρίαν,
1808 2547 1899 2608 καὶ
1936 2551 2041 2607 τῶν
2067 2550 2241 2630 ἄκρων
2284 2554 2379 2623 τῆς

820 2634 1038 2713 Κρήτης
1058 2634 1144 2693 ἐπὶ
1170 2632 1265 2706 τὴν
1294 2632 1365 2693 ἔω
1381 2677 1399 2708 ,
1429 2634 1521 2695 καὶ
1542 2639 1633 2707 τῆς
1654 2634 1928 2713 Ἰαπυγίας
1944 2637 2015 2704 ὥς
2044 2634 2133 2697 ἰπὶ
2156 2640 2374 2719 βορρᾶν.

816 2719 951 2783 Μεθ’
978 2722 1045 2795 ἣν
1092 2726 1119 2779 ὁ
1165 2721 1365 2802 Ἀδρίας
1398 2722 1561 2790 πολὺς
1608 2727 1881 2803 ἀναχεῖται
1920 2722 2114 2793 κόλπος
2154 2723 2242 2785 ἐπὶ
2281 2723 2377 2793 τὰς

735 2826 789 2868 ιε
813 2809 1063 2889 ἄρκτους,
1120 2799 1215 2868 εἶτ’
1243 2810 1317 2876 εἰς
1357 2808 1501 2868 δύσιν
1544 2811 1841 2883 ἀποκλίνει,
1884 2815 2050 2887 μῆκος
2096 2813 2189 2888 μὲν
2235 2810 2375 2892 ἔχων

818 2898 884 2978 ,ς’
916 2896 1172 2973 σταδίων,
1197 2896 1385 2975 μιλίων
1406 2895 1462 2957 δὲ
1482 2893 1591 2982 [ω’]
1612 2943 1629 2974 ,
1658 2898 1855 2966 πλάτος
1884 2896 1937 2958 δὲ
1978 2890 2017 2976 ᾖ
2049 2897 2377 2970 πλατύτατος

815 3010 865 3065 ,α
894 2984 985 3045 καὶ
1038 2982 1109 3047 α’.
1193 2982 1397 3048 Τούτου
1428 2984 1483 3047 δὲ
1516 2983 1622 3069 [τὰ
1666 2983 1837 3069 δεξιὰ]
1869 2987 2095 3067 Ἰλλυρίς
2133 2989 2276 3067 ἔστι,
2305 2988 2374 3050 τὰ

815 3072 871 3132 δὲ
894 3072 1135 3150 εὐώνυμα
1164 3072 1421 3147 ἡἸταλία
1447 3074 1611 3156 μέχρι
1627 3081 1719 3135 τοῦ
1746 3079 1865 3136 κατ’
1892 3070 2169 3149 Ἀκυληΐαν
2202 3080 2374 3157 μυχοῦ

814 3161 901 3218 καὶ
925 3161 1125 3228 Πόλας.

732 3262 789 3304 ιο
893 3270 969 3309 εο.
1008 3247 1162 3308 Μετὰ
1207 3248 1277 3309 δὶ-
1294 3248 1355 3308 τὸ
1407 3250 1683 3309 Σικελικὸν
1729 3248 1955 3327 πέλαγος
1996 3249 2268 3329 ἐκδέχεται
2313 3250 2375 3309 τὸ

821 3334 1089 3415 Κρητικὸν
1106 3380 1122 3407 ,
1148 3326 1193 3417 ᾧ
1222 3336 1475 3394 συνάπτει
1503 3335 1563 3394 τὸ
1600 3335 1916 3413 Αἰγύπτιον,
1947 3335 2062 3409 μεθ’
2091 3337 2119 3397 δ
2150 3336 2209 3395 τὸ
2237 3337 2376 3395 Φοι-

812 3422 974 3482 νίκιον
991 3466 1009 3495 ,
1046 3411 1143 3482 εἶτ’
1180 3422 1283 3496 ἤδη
1315 3424 1401 3483 ἰπὶ
1429 3423 1522 3490 τὰς
1546 3422 1768 3503 ἄρκτους
1790 3424 2125 3503 παρεγκλίνει
2143 3421 2239 3496 τὴν
2268 3422 2374 3483 άνω

818 3510 1020 3589 Συρίαν
1045 3509 1139 3570 καὶ
1162 3508 1258 3583 τὴν
1294 3510 1546 3571 Κιλικίαν
1576 3509 1870 3591 παραξύον,
1900 3514 2013 3588 μεθ’
2035 3510 2095 3579 ἃς
2116 3509 2202 3573 ἐπὶ
2233 3511 2375 3571 δύσιν

820 3596 1046 3659 ἐπινεύει
1061 3642 1079 3671 ,
1099 3596 1192 3659 καὶ
1210 3597 1525 3680 Παμφύλιον
1540 3597 1985 3679 προσαγορεύεται
2008 3598 2231 3680 πίλαγος
2250 3599 2376 3681 ἄχρι

742 3699 798 3739 ³⁸
824 3681 1138 3747 Χελιδονίων
1159 3685 1332 3759 νήσων
1351 3686 1442 3745 καὶ
1472 3684 1637 3767 ἄκρας
1664 3690 1957 3761 Λυκιακῆς.
2040 3687 2167 3748 Ἀπὸ
2192 3686 2247 3748 δὲ
2271 3691 2374 3747 τῶν

824 3774 1146 3836 Χελιδονίων
1174 3773 1539 3835 ἀναπέπταται
1560 3780 1631 3845 ὣς
1649 3774 1778 3858 πρὸς
1804 3776 2022 3857 ἄρκτους
2044 3776 2105 3835 τὸ
2129 3775 2370 3855 Αἴγαιον,

822 3868 991 3941 μῆκος
1017 3861 1138 3943 ἔχον
1179 3862 1265 3923 ἰπὶ
1316 3865 1508 3944 βορρᾶν
1536 3866 1586 3945 ,δ
1628 3864 1872 3937 σταδίων,
1920 3864 2107 3942 μιλίων
2133 3862 2187 3924 δὲ
2220 3862 2370 3945 φλγ’,

818 3951 1015 4019 πλάτος
1070 3948 1126 4009 δὲ
1163 3940 1204 4031 ᾖ
1227 3952 1558 4011 πλατύτατον
1586 3957 1663 4032 ,β.
1747 3955 1881 4015 Μεθ’
1912 3950 1969 4011 ὃν
1997 3952 2271 4032 συνάγεται
2301 3956 2370 4019 εἰς

818 4036 992 4098 στενὸν
1016 4036 1091 4121 [ὁ]
1113 4036 1505 4111 Ἑλλήσποντος
1518 4084 1537 4113 ,
1560 4040 1693 4101 ἑπτὰ
1711 4039 1930 4100 σταδίων
1949 4039 2083 4121 ἔχων
2101 4039 2369 4117 διάστημα

736 4142 794 4182 0⁰
818 4127 954 4189 κατὰ
983 4125 1189 4198 Σηστὸν
1213 4125 1304 4185 καὶ
1330 4125 1577 4189 'Asnaum

894 4236 966 4275 ει.
1009 4205 1143 4275 Εἶτα
1163 4214 1257 4275 ἀπ’
1274 4216 1431 4273 αὖτοῦ
1457 4215 1773 4275 πλατύνεται
1796 4221 1829 4287 ἡ
1856 4214 2179 4296 Προποντὶς,
2200 4219 2367 4291 μ’ῆκος

818 4302 912 4380 μὲν
932 4302 1126 4382 ἔχουσα
1148 4300 1209 4362 τδ
1237 4300 1343 4360 ἀπὸ
1370 4307 1464 4375 τ’ῆς
1491 4302 1737 4381 Τρωάδος
1755 4303 1842 4363 ἰπὶ
1861 4302 1922 4363 τὸ
1944 4301 2222 4372 Βυζάντιον
2242 4326 2366 4361 στα·

818 4390 939 4450 δίων
964 4412 1014 4469 Ια
1032 4390 1121 4450 καὶ
1139 4389 1221 4472 φ’,
1245 4389 1430 4465 μιλίων
1451 4388 1505 4450 δὲ
1530 4390 1647 4469 [σ’],
1660 4390 1879 4472 πάρισον
1894 4388 1954 4450 δέ
1972 4414 2083 4451 πως
2107 4390 2197 4450 καὶ
2220 4390 2364 4449 πλά-

889 4588 919 4654 S
948 4588 1038 4648 48.
1066 4588 1152 4638 τοῦ
1168 4583 1223 4638 δὶ
1244 4585 1486 4656 πελάγους
1506 4583 1798 4655 καταντικρὺ
1828 4584 2029 4656 Αιὸύην]
2054 4583 2249 4637 Eadem
2268 4584 2359 4637 iis·

1650 486 2015 548 ANONYMI
2058 489 2556 551 GEOGRAPfflA
2601 494 3204 561 COMPENDIARIA.

2555 627 2646 688 48.
2691 627 2944 684 Latitudo
2982 648 3108 687 vero
3155 633 3319 704 pelagi
3359 639 3586 693 maxima
3627 653 3704 697 est
3745 644 4038 702 stadiorum

2487 710 2650 781 5,ooo
2672 729 2704 766 a
2725 712 2930 769 Gallico
2956 716 3073 770 sinu
3085 756 3106 785 ,
3135 720 3226 790 qui
3251 720 3456 776 medius
3483 724 3622 780 inter
3647 730 3944 787 Narbonem
3971 752 4044 788 ac

2481 796 2758 853 Massiliam
2779 838 2794 864 ,
2829 818 2994 872 usque
3031 803 3086 856 in
3128 807 3421 876 oppositam
3459 809 3710 871 Africam.
3784 818 4036 873 Ceterum

2484 881 2584 936 hoc
2607 900 2765 938 omne
2791 902 2891 956 pro
2923 887 3160 941 locorum
3187 892 3432 946 varietate
3454 896 3826 966 appellationes
3845 904 4036 961 variat.

2480 969 2614 1023 Nam
2636 970 2831 1023 ostium
2855 972 3020 1043 pelagi
3045 974 3219 1045 ipsum
3242 974 3439 1031 dicitur
3457 978 3648 1035 fretum
3675 983 3742 1038 ad
3765 986 4044 1043 columnas

2481 1054 2717 1110 Herculis
2733 1095 2750 1121 ,
2781 1056 2930 1129 cujus
2957 1058 3229 1130 longitudo
3256 1072 3334 1116 est
3353 1062 3645 1121 stadiorum
3673 1086 3774 1126 120
3793 1090 3883 1127 seu
3908 1076 4039 1129 mil-

2480 1139 2606 1195 lium
2629 1158 2875 1213 passutun
2909 1149 2971 1198 16
2999 1186 3012 1213 ‚
3057 1145 3305 1213 latitudo,
3329 1150 3420 1204 ubi
3455 1156 3907 1223 angustissimum,
3959 1179 4042 1231 70

2478 1227 2787 1286 stadiorum.
2859 1232 2977 1286 Hoc
3007 1232 3200 1289 fretum
3227 1235 3469 1306 ingressis
3503 1241 3678 1294 statim
3727 1260 3840 1298 sese
3867 1250 4044 1317 aperit

2480 1323 2716 1368 nostrum
2738 1333 2910 1387 mare,
2940 1316 3088 1390 cujus
3113 1319 3248 1375 latus
3273 1339 3432 1377 omne
3451 1364 3467 1389 ,
3500 1324 3646 1397 quod
3672 1326 3865 1383 Afrioe
3887 1330 4044 1386 littus

2477 1399 2683 1470 stringit
2729 1401 2800 1456 ad
2831 1403 3107 1477 AEgyptum
3143 1402 3344 1478 usque,
3385 1421 3608 1465 vocatur
3633 1411 3843 1487 pelagus
3876 1417 4042 1490 Liby-

2476 1502 2626 1571 cum,
2653 1488 2706 1540 in
2747 1505 2856 1559 quo
2879 1490 3036 1545 etiam
3070 1494 3466 1548 constituuntur
3492 1497 3670 1563 sinus,
3699 1517 3834 1572 quos
3859 1502 4042 1574 syrtes

2474 1572 2751 1643 appellant.
2825 1576 3024 1630 Harum
3049 1579 3243 1647 minor,
3267 1579 3643 1638 occidentalior
3669 1602 3828 1657 quam
3850 1587 4036 1652 altera,

2473 1657 2705 1712 ambitur
2727 1659 2909 1715 stadiis
2939 1667 3097 1728 1,600
3113 1704 3128 1729 ,
3157 1664 3383 1719 millibus
3405 1684 3653 1739 passuum
3676 1670 3844 1745 1107],
3863 1672 4042 1745 major

2477 1761 2599 1798 vero
2615 1744 2795 1799 stadiis
2818 1747 2997 1814 5,ooo,
3021 1748 3171 1820 cujus
3187 1751 3518 1822 profunditas
3539 1754 3827 1812 stadiorum
3849 1760 4035 1826 1,500,

2473 1840 2666 1901 quanta
2688 1832 2846 1886 etiam
2866 1835 2984 1888 ostii
3007 1834 3249 1890 latitudo.

2541 1919 2630 1987 49.
2660 1918 2876 1990 Pelagus
2892 1930 3066 1975 autem
3083 1961 3100 1989 ,
3118 1922 3264 1994 quod
3291 1926 3518 1997 Europae
3541 1926 3773 2000 adjacet,
3799 1932 4040 2003 complu·

2473 2000 2619 2054 ribus
2640 2002 2944 2056 nominibus
2966 2002 3298 2062 describitur.
3374 2009 3612 2064 Primum
3639 2013 3780 2065 enim
3803 2013 3870 2067 ab
3889 2017 4034 2068 occi·

2471 2081 2626 2138 dente
2671 2096 2886 2140 vocatur
2908 2086 3204 2151 Ibericum
3236 2087 3429 2144 deinde
3469 2094 3706 2164 sequitur
3737 2092 3804 2147 ad
3843 2096 4036 2149 Massi·

2471 2167 2590 2223 liam
2617 2178 2669 2223 et
2694 2168 2994 2225 Narbonem
3020 2171 3248 2226 Gallicus
3275 2173 3450 2239 sinus;
3479 2173 3670 2230 deinde
3714 2180 3850 2232 circa
3876 2183 3996 2252 prin

2469 2251 2666 2322 cipium
2689 2251 2958 2308 hodierna
2997 2252 3159 2309 ltalioe
3190 2256 3514 2326 Ligusticum
3545 2258 3758 2331 pelagus
3797 2264 3986 2333 excipit
4003 2307 4026 2334 ,

2469 2347 2587 2407 post
2613 2337 2739 2391 illud
2781 2348 2862 2392 est
2887 2336 3182 2405 Sardoum,
3216 2358 3278 2394 ac
3302 2342 3562 2396 continuo
3600 2344 3982 2417 Tyrrhenicum
4003 2388 4022 2413 ,

2469 2431 2646 2491 postea
2671 2420 2904 2476 Siculum
2919 2462 2935 2488 ,
2966 2421 3113 2494 quod
3139 2440 3388 2494 magnum
3413 2435 3641 2479 tractum
3663 2438 3884 2499 occupat
3912 2446 4032 2481 ver-

2467 2520 2555 2557 sus
2591 2503 2866 2559 meridiem
2901 2522 3068 2577 usque
3099 2504 3168 2559 ad
3198 2508 3534 2579 Pachynum,
3577 2518 3629 2563 et
3661 2514 4026 2581 promontoria

2467 2594 2633 2645 oete
2650 2608 2830 2645 versus
2847 2594 3122 2657 orientem,
3148 2609 3326 2647 versus
3349 2594 3566 2647 boream
3589 2611 3756 2667 usque
3781 2592 3850 2648 ad
3867 2597 4026 2669 Iapy-

2465 2678 2602 2747 giam
2616 2700 2633 2745 3
2657 2692 2778 2753 post
2799 2700 2954 2754 quam
2982 2680 3278 2735 Adriaticus
3295 2683 3442 2736 sinus
3473 2699 3693 2753 magnus
3727 2682 4030 2739 refunditur

2466 2759 2716 2817 obversus
2751 2762 3190 2837 septentrionibus
3207 2804 3225 2828 ,
3259 2764 3349 2818 sed
3377 2782 3502 2819 mox
3531 2764 3598 2817 ad
3621 2780 3865 2817 occasum
3891 2764 4026 2819 obli..

2467 2856 2691 2916 quatur3
2723 2846 2996 2918 longitudo
3029 2845 3140 2918 ejus
3183 2846 3472 2901 stadiorum
3511 2852 3693 2911 6,ooo,
3739 2864 3860 2917 que
3897 2859 4024 2903 sunt

2467 2926 2623 2981 millia
2648 2945 2894 3000 passuum
2925 2926 3104 3000 [8001.
3132 2927 3352 2982 latitudo
3387 2937 3561 2981 autem
3579 2965 3596 2992 ,
3635 2926 3726 2981 ubi
3754 2929 3982 2983 maxima
4002 2970 4020 2995 ,

2466 3013 2756 3069 stadiorum
2788 3032 2967 3081 1,2oo.
3017 3012 3190 3085 nujus
3216 3032 3362 3068 oram
3388 3014 3624 3068 dextram
3657 3016 3934 3086 pretendit
3957 3017 4028 3071 11-

2468 3092 2716 3166 lyricum,
2748 3094 2926 3149 laevam
2954 3094 3100 3148 Italia
3133 3112 3298 3166 usque
3331 3092 3400 3148 ad
3432 3096 3674 3148 intimum
3701 3095 3840 3149 cirea
3859 3097 4026 3167 Aqui-

2468 3172 2615 3227 leiam
2635 3192 2895 3228 recessum
2921 3184 2974 3227 et
2999 3171 3197 3227 Polam.

2539 3260 2626 3313 50.
2655 3262 2780 3314 Post
2806 3259 3036 3313 Siculum
3053 3258 3264 3331 pelagus
3291 3270 3370 3313 est
3395 3260 3658 3313 Creticum
3674 3299 3691 3323 ,
3731 3260 3816 3313 cui
3849 3262 4020 3315 conti-

2468 3361 2631 3415 guum
2679 3354 2759 3397 est
2815 3344 3110 3417 Egyptium
3125 3384 3141 3410 ,
3204 3361 3234 3397 a
3275 3361 3382 3416 quo
3425 3344 3786 3412 Phoenicium;
3825 3343 4022 3399 deinde

2467 3429 2762 3485 deflectitur
2788 3430 2844 3483 in
2873 3430 3275 3501 septentriones,
3314 3430 3636 3501 superiorem
3659 3430 3859 3500 Syriam
3881 3430 4008 3483 Cili-

2467 3517 2704 3589 ciamque
2732 3517 3019 3587 stringens,
3056 3526 3175 3588 post
3213 3533 3341 3587 quas
3385 3516 3440 3568 iu
3481 3514 3804 3568 occidentem
3844 3516 4022 3569 absee-

2467 3604 2581 3676 dit,
2626 3603 2940 3677 pelagusque
2980 3602 3344 3677 Pamphylium
3403 3600 3692 3675 appellatur
3740 3620 3908 3675 usque
3944 3602 4014 3658 ad

2467 3690 2798 3747 Chelidonias
2819 3688 3008 3744 insulas
3037 3700 3088 3744 et
3115 3700 3400 3743 extremam
3425 3689 3656 3760 Lyciam.
3697 3692 3744 3743 A
3771 3689 4017 3745 Chelido-

2465 3784 2566 3837 niis
2595 3792 2770 3837 autem
2796 3782 3144 3836 committitur
3165 3779 3396 3850 AEgaeum
3420 3795 3599 3832 versus
3615 3780 4012 3850 septentriones,

2465 3870 2612 3942 cujus
2633 3869 2906 3941 longitudo
2930 3869 2985 3922 in
3011 3866 3224 3922 boream
3249 3869 3415 3932 4‚ooo
3447 3864 3738 3921 stadiorum
3767 3876 3876 3931 est,
3901 3867 4020 3921 mil-

2464 3954 2587 4010 lium
2612 3970 2859 4027 passuum
2881 3953 3001 4019 533,
3036 3950 3254 4006 latitudo
3271 3952 3502 4004 maxima
3518 3967 3683 4017 a,ooo
3700 3951 4014 4010 stadiorum.

2463 4042 2584 4097 Post
2616 4042 2721 4096 hoc
2745 4041 2952 4112 cogitur
2983 4041 3040 4093 iu
3069 4047 3348 4109 angustum
3375 4038 3740 4110 Hellespontus
3757 4079 3772 4103 ,
3801 4050 3997 4111 septem

2459 4130 2747 4185 stadiorum
2772 4129 2997 4203 spatium
3037 4126 3236 4183 babens
3267 4128 3406 4181 inter
3427 4128 3630 4182 Sestum
3658 4138 3711 4181 et
3735 4126 4005 4200 Abydum.

2529 4226 2620 4281 ⁵1.
2651 4223 2737 4280 Ab
2763 4223 2868 4278 hoc
2891 4222 3082 4277 deinde
3103 4222 3310 4277 laxatur
3330 4224 3641 4295 Propontis,
3667 4219 3816 4293 cujus
3845 4221 4012 4291 longi-

2457 4310 2587 4368 tudo
2609 4328 2640 4364 a
2662 4308 2874 4364 Troade
2901 4327 3065 4381 usque
3091 4308 3158 4362 ad
3181 4308 3485 4381 Byzantium
3510 4306 3800 4361 stadiorum
3831 4306 4006 4372 ι,5οο,

2455 4416 2574 4471 quae
2611 4407 2736 4451 sunt
2773 4396 2934 4451 millia
2987 4412 3233 4468 passuum
3287 4394 3432 4467 [200
3457 4394 3516 4467 ];
3574 4391 3796 4448 latitudo
3838 4411 4005 4467 prope

2517 4586 2550 4652 S
2575 4583 2748 4638 50.-—
2762 4582 2851 4637 36.
2877 4581 3146 4647 Λυκιακῆς]
3168 4579 3340 4641 Δυκίας
3358 4576 3710 4649 editt.11—37.
3736 4576 4008 4640 ἀναπέπτα-

815 4662 941 4719 dem
974 4680 1125 4735 pene
1155 4664 1322 4717 verbis
1347 4662 1533 4718 Strabo
1558 4681 1613 4735 p.
1648 4680 1745 4718 122
1772 4666 1905 4732 (τοι
1930 4702 1947 4730 ,
1976 4666 2135 4727 abal,
2165 4662 2292 4716 Did.
2315 4664 2357 4731 ).
2449 4662 2561 4735 ται]
2582 4661 2845 4717 ἅνάπτεται
2869 4660 3019 4715 editt.
3042 4660 3241 4713 Mirum
3264 4668 3342 4711 est
3364 4656 3508 4730 quod
3546 4655 3675 4710 inde
3699 4673 3732 4710 a
3768 4654 4012 4709 Chelido-

868 4772 942 4784 —
965 4760 1018 4811 7.
1038 4746 1109 4813 ρκ’
1123 4741 1265 4813 eto']
1290 4753 1347 4795 ut
1368 4741 1553 4797 Strabo
1577 4742 1612 4797 Ι.
1643 4742 1679 4798 Ι.
1707 4744 1729 4813 ΙΙ
1753 4772 1825 4783 -
1851 4758 1872 4795 1
1888 4759 1933 4794 1.
1963 4742 2049 4795 δύο
2072 4758 2182 4798 om.
2206 4741 2359 4795 editt.
2450 4740 2550 4793 niis
2593 4756 2739 4793 mare
2781 4738 3012 4809 AEgaeum
3051 4755 3232 4791 versus
3263 4736 3478 4792 boream
3526 4731 3752 4806 expandi
3791 4732 4006 4798 dicitur,

812 4822 949 4889 Quae
996 4828 1287 4890 sequuntur
1334 4818 1403 4874 de
1441 4821 1678 4893 Syrtibus
1712 4838 1775 4875 ex
1805 4820 2165 4877 ‚Eratosthene
2209 4818 2364 4874 affert
2450 4836 2616 4890 quum
2641 4816 2799 4887 vulgo
2834 4835 2976 4871 mare
2998 4816 3322 4872 Chelidoniis
3345 4815 3706 4888 propinquum
3737 4821 3829 4865 aut
3851 4813 4007 4865 Pam·

807 4897 1018 4955 Strabo.

878 4982 909 5048 S
935 4986 1030 5049 49.
1054 4978 1255 5035 Eadem
1284 4982 1469 5037 Strabo
1505 5002 1561 5055 p.
1591 5001 1689 5039 122
1714 5002 1793 5055 sq.
1817 4984 1924 5055 ΙΙ-
1941 5001 2023 5051 ¹9·
2050 4980 2198 5055 κατὰ]
2237 4979 2361 5054 μετὰ

802 5058 965 5116 codd.
990 5070 1047 5114 et
1062 5060 1212 5119 editt.
1281 5079 1451 5132 —27.
1476 5062 1609 5135 ς’γ’,
1637 5062 1792 5118 codd.
1814 5065 1837 5134 ss
1866 5091 1942 5108 —
1966 5059 2153 5118 28.Cs.
2174 5061 2363 5116 Strabo

800 5156 857 5213 p.
894 5144 996 5205 124
1029 5156 1044 5195 t
1075 5140 1263 5195 Τούτου
1288 5140 1340 5195 δὲ
1366 5138 1455 5208 τὴν
1482 5140 1566 5214 μὲν
1601 5141 1651 5196 ἔν
1696 5142 1827 5214 δεξιᾷ
1846 5140 2056 5213 πλευρὰν
2082 5138 2114 5209 ἡ
2152 5140 2362 5212 Ἰλλυρὶς

800 5217 963 5281 ποιεῖ,
994 5212 1087 5283 τὴν
1116 5216 1163 5269 δ’
1197 5217 1475 5290 εὗνώνυμον
1514 5218 1545 5285 ἢ
1582 5216 1768 5272 Ἰταλία
1798 5220 1939 5291 μέχρι
1965 5222 2052 5273 τοῦ
2085 5221 2245 5290 μυχοῦ
2271 5222 2361 5271 τοῦ

798 5292 925 5350 κατὰ
951 5292 1228 5365 Ἀκυληίαν.
1256 5298 1277 5367 ΙΙ
1304 5328 1376 5339 -
1400 5298 1485 5353 3ο.
1507 5298 1697 5371 Πύλας]
1713 5298 1898 5361 πόλεως
1916 5302 1985 5363 Ε,
2008 5297 2185 5361 Πώλας
2203 5296 2354 5351 editt.

2447 4897 2629 4972 phylio
2645 4897 2779 4951 mari
2793 4898 3098 4969 assignetur,
3115 4906 3208 4951 aut
3229 4896 3411 4968 Lycio.
3425 4893 3508 4950 Cf.
3535 4894 3754 4964 Dionys.
3782 4908 3859 4945 vs.
3883 4890 4001 4947 130.

2456 4982 2478 5051 ΙΙ
2507 5008 2582 5021 -
2598 4980 2686 5047 37.
2703 4978 2753 5053 ,δ
2776 4988 2828 5031 et
2850 4977 2938 5050 ,βῙ
2967 4988 3026 5031 ut
3049 4976 3239 5031 Strabo
3255 4994 3311 5047 p.
3345 4980 3442 5039 καί.
3465 4977 3614 5042 (102,
3638 4973 3702 5035 54
3729 4969 3896 5039 Did.).

2519 5059 2839 5127 §51··-4!⁸·
2861 5058 2988 5128 πως]
3010 5075 3102 5110 που
3115 5054 3289 5119 editu,
3309 5054 3574 5116 ret-›cetiam
3591 5050 3778 5105 Strabo
3791 5066 3847 5120 p.
3877 5048 3996 5101 125.

2455 5138 2477 5207 ss
2496 5140 2614 5206 -ς
2639 5137 2727 5191 53.
2749 5137 2840 5191 23.
2876 5133 3296 5207 περιφερίστερος]
3350 5132 3720 5205 προφερίστερος
3749 5126 3905 5181 codd.
3949 5138 4003 5182 et

2447 5217 2622 5283 editt.;
2666 5236 2771 5271 em.
2809 5216 3108 5271 esu-abone
3157 5231 3213 5287 p.
3271 5213 3369 5267 125
3409 5212 3570 5280 (103,
3619 5210 3688 5263 36
3731 5204 3916 5274 Did.).
3967 5205 3995 5276 ss

2445 5298 2624 5354 —25.
2652 5297 2910 5369 Κιμμέριος
2929 5295 3080 5353 editt.
