4584 6284
726 808 921 864 macia-

1316 954 1417 1016 Fr.
1466 966 1568 1017 41.

1898 518 2244 584 DloNYsu
2286 526 2654 596 ΒΥΖΔΝΤΠ

658 632 785 689 XV.
821 636 897 688 De
934 636 1265 691 Commarode
1290 648 1341 691 et
1366 640 1611 695 Baeckiis
1636 643 1812 717 petris
1836 657 1886 699 et
1920 648 2229 707 Thermeme-

727 719 813 774 ria
852 731 905 774 et
948 720 1013 775 cle
1040 734 1208 797 portu
1251 724 1461 780 Pitheci
1498 738 1552 782 ct
1588 727 1711 783 sinu
1745 733 2008 806 appellato
2057 737 2223 791 Phae·-

2309 676 2576 757 perquam
2599 666 2822 725 maiam
2847 670 2901 725 in
2921 672 3096 729 sinum
3113 675 3378 739 descendit
3387 687 3597 757 fluvius
3613 692 3726 748 sine
3744 706 3880 753 stre-

2305 750 2630 818 pttufluens.

2381 835 2738 895 Phar-muciam
2765 842 2942 898 locum
2977 844 3124 902 illum
3146 868 3286 919 esse,
3315 872 3473 929 quem
3517 878 3662 918 nunc
3701 866 3872 924 Graeci

2310 923 2568 997 appellant
2605 929 2919 1005 Therapiam
2936 972 2952 1000 ‚
3004 937 3163 1009 paulo
3211 940 3349 997 infra
3395 950 3664 1008 ostendam
3711 973 3872 1029 quam

2310 1008 2716 1091 declaraverim,
2752 1038 2859 1093 quo
2885 1021 2999 1096 jam
3035 1030 3254 1085 nomine
3297 1034 3642 1111 appellentur,
3673 1054 3727 1097 et
3761 1063 3872 1118 quo

722 1114 856 1165 9033
910 1110 1284 1177 maenium,
1332 1114 1531 1187 mquit,
1588 1117 1890 1173 somme-5
1922 1132 1937 1157 2
1986 1121 2215 1194 ext-stit,
2310 1100 2394 1154 siti
2425 1100 2540 1158 loco
2587 1106 2693 1161 sint
2726 1109 2924 1167 Pitheci
2961 1127 3146 1187 portus
3172 1128 3226 1172 et
3256 1119 3404 1177 sinus
3440 1137 3654 1181 vocatus
3685 1133 3871 1204 Exitio<

647 1216 685 1251 a
718 1197 864 1253 silva
900 1217 1225 1255 comas-orum
1248 1201 1575 1258 norninatum
1592 1246 1610 1271 ‚
1641 1206 1779 1262 mari
1808 1209 2066 1277 fluctuoso
2102 1231 2217 1268 wr-

648 1282 908 1339 beratum.
984 1288 1117 1340 Post
1141 1286 1441 1344 C'omamdes
1474 1292 1803 1365 consequitur
1824 1294 1952 1351 litus
1983 1296 2211 1366 editum,

2314 1190 2508 1261 Καλός,
2555 1194 2668 1248 Hos
2715 1214 2837 1252 cum
2876 1218 2987 1255 esse
3021 1215 3224 1260 constet
3269 1207 3408 1263 inter
3447 1212 3768 1273 Comarodes
3818 1233 3871 1276 et

2306 1277 2665 1337 Pharmaciam
2678 1324 2695 1352 ,
2715 1284 2990 1358 subjiciam
3006 1292 3160 1362 quale
3186 1305 3240 1348 et
3261 1306 3518 1368 quantum
3539 1302 3686 1358 littus
3709 1306 3869 1363 inter-

648 1388 895 1445 mpemm
909 1412 927 1437 ³
956 1383 1231 1446 cautaque
1254 1392 1495 1431 com-am
1510 1395 1572 1433 α
1600 1378 1740 1435 man·
1763 1380 2056 1449 emt-nentes,
2078 1404 2211 1459 quas
2296 1362 2496 1435 jectum
2519 1368 2590 1425 sit
2615 1370 2753 1427 inter
2777 1374 3096 1432 Comarodes
3113 1390 3166 1435 ct
3188 1380 3576 1455 Pharmaciam3
3600 1388 3704 1446 lioc
3719 1394 3864 1450 enim

647 1456 865 1531 antiqui
884 1457 1140 1513 Bacchias
1164 1459 1501 1517 nominarunt
1515 1483 1583 1519 ex
1610 1484 1666 1520 eo
1686 1466 1827 1539 quod
1844 1468 2039 1525 circum
2068 1471 2215 1547 ipsas
2306 1450 2479 1510 mmm
2504 1459 2716 1529 00μῖῑο
2735 1462 3084 1537 ΡΘῙὉῙΡῖθωας
3100 1465 3280 1538 saeue»
3300 1470 3357 1525 3¹¹
3385 1490 3488 1544 ‘1¹¹⁸
3509 1474 3699 1533 ¹3¹²⁰ri⁸
3717 1493 3867 1555 1²⁸¹oe

643 1542 909 1599 concitato
947 1555 1091 1599 motu
1131 1546 1326 1609 fluctus
1351 1546 1535 1617 furere
1572 1562 1624 1605 et
1662 1550 1907 1609 bacchari
1938 1555 2208 1616 videntur.

640 1630 753 1686 Hic
778 1630 1100 1685 Demetrium
1126 1642 1168 1697 ²,
1200 1632 1444 1710 Philippi
1462 1636 1642 1692 ducem
1672 1640 1950 1709 exercitus,
1972 1660 2092 1699 cum
2126 1647 2209 1701 vi·

636 1716 835 1773 cissent
863 1716 1117 1789 Byzantii
1132 1758 1148 1785 ,
1189 1716 1567 1793 Θιρμημερίαν
1596 1724 1931 1781 nominarunt
1966 1728 2133 1784 locum
2170 1750 2207 1785 a

638 1821 695 1859 re
721 1803 843 1878 ipsa
868 1821 985 1877 quce
1012 1804 1305 1875 contigerat
1317 1830 1338 1873 ,-
1356 1827 1595 1882 pugnam
1621 1811 1759 1866 enim
1788 1812 2029 1868 navalem
2059 1816 2210 1873 illius

632 1890 746 1947 diei
792 1910 988 1961 magna
1022 1891 1239 1949 solertia
1273 1907 1325 1950 et
1365 1914 1569 1952 summo
1610 1899 1796 1954 ardore
1822 1918 2203 1975 pugnaverant.

2303 1542 2378 1598 illi
2411 1546 2565 1618 positi
2603 1546 2815 1605 fuerint.
2890 1553 2977 1611 Ab
3013 1556 3206 1627 angulo
3241 1558 3412 1616 flexus
3428 1603 3444 1630 ‚
3479 1565 3572 1635 qui
3605 1568 3793 1643 incipit
3832 1590 3866 1628 a

2301 1630 2418 1688 loco
2435 1636 2747 1707 Coma-ode,
2765 1640 3054 1698 secundum
3069 1662 3219 1701 oram
3236 1648 3456 1723 Bospori
3474 1666 3792 1729 praeruptam
3809 1671 3864 1716 et

2300 1726 2620 1798 praecipitem
2653 1726 2793 1783 mille
2832 1740 2886 1784 et
2909 1728 3260 1789 ducentorum
3299 1752 3548 1807 passuum
3587 1758 3864 1813 processus

2299 1808 2397 1864 feci
2427 1828 2592 1884 usque
2617 1812 2684 1868 ad
2713 1814 2893 1870 vallem
2913 1854 2929 1883 ,
2963 1834 3122 1889 quam
3155 1818 3325 1875 Graeci
3364 1822 3626 1880 Libadion
3642 1868 3659 1894 ,
3697 1828 3756 1882 id
3783 1842 3862 1886 est

2297 1896 2578 1953 herbidum
2599 1898 2774 1956 locum
2796 1942 2812 1969 ,
2838 1902 3130 1975 appellant3
3161 1922 3305 1961 nunc
3335 1911 3591 1981 pratensis
3609 1929 3718 1967 non
3746 1928 3858 1983 est,

630 1978 736 2033 Sub
763 1997 913 2033 oram
935 1990 1111 2033 autem
1128 1980 1512 2055 prominentem
1532 1984 1682 2039 subit
1706 1996 1760 2039 et
1778 1987 2013 2043 succedit
2030 1991 2201 2057 sinus,
2294 1982 2388 2038 sed
2411 1994 2552 2039 totus
2571 1987 2736 2043 vineis
2757 1989 3016 2059 consil-1¹⁸3
3037 1989 3196 2046 fuisse
3215 2002 3393 2049 tumen
3417 2006 3571 2051 antea
3589 1997 3858 2070 dictitant,

633 2064 691 2122 in
716 2084 821 2140 quo
846 2078 927 2121 est
952 2078 1147 2141 portus
1190 2069 1401 2125 Pitheci
1418 2109 1436 2138 ,
1472 2088 1621 2145 quem
1647 2072 1803 2127 aiunt
1828 2093 1992 2145 regem
2018 2076 2206 2134 barba-

2295 2072 2458 2142 ignari
2487 2071 2672 2150 λιμένα
2701 2074 2940 2149 Πιθήκου
2971 2076 3272 2136 traductum
3309 2078 3468 2137 fuisse
3503 2084 3560 2139 in
3591 2085 3858 2146 libadion

638 2171 815 2209 rorum
842 2153 981 2209 hunc
1010 2156 1177 2211 locum
1204 2156 1551 2213 accolentium
1576 2162 1877 2236 Asteropoeo
1903 2162 1927 2203 ³
1958 2182 2063 2218 una
2088 2184 2203 2221 cum
2290 2158 2432 2231 vulsi
2453 2162 2830 2217 &ualetudine
2865 2163 3003 2219 ⁸0¹ffi
3029 2184 3118 2233 ἃ,
3145 2185 3264 2239 ‘1¹¹ae
3293 2187 3402 2225 ⁰011
3434 2172 3675 2247 intelligit
3692 2218 3708 2245 2
3739 2189 3844 2234 lra-

630 2243 747 2299 suis
764 2241 899 2310 liliis
916 2242 1095 2299 ducem
1115 2245 1387 2301 exstitisse
1407 2247 1735 2321 trajectionis
1754 2247 1809 2303 in
1824 2248 2034 2307 Asiam.
2056 2253 2202 2309 Huic
2288 2243 2481 2301 duoere
2503 2246 2572 2302 td
2593 2248 2780 2303 Simffin
2803 2248 2902 2305 Sibi
2945 2262 3090 2307 nott·
3119 2253 3221 2309 Sed
3251 2268 3438 2312 vocent
3464 2260 3634 2316 Graeci
3651 2262 3762 2335 jam
3793 2277 3853 2321 ut

638 2331 909 2390 continens
937 2343 1015 2387 est
1047 2350 1142 2387 ora
1162 2346 1441 2409 proerupta
1459 2346 1511 2389 et
1525 2354 1763 2411 proeceps
1775 2356 1792 2405 3
1818 2336 2001 2394 deinde
2028 2356 2199 2395 com-e.
2286 2331 2442 2405 libet,
2469 2344 2646 2389 tamen
2678 2334 2834 2404 alibi,
2867 2337 3024 2392 etiam
3046 2339 3090 2393 si
3112 2342 3328 2395 nomine
3346 2358 3572 2413 careret,
3598 2366 3710 2405 esse
3736 2370 3852 2407 non

636 2418 818 2495 ,ciem-
842 2416 1001 2475 littus
1046 2418 1309 2477 inclinans
1347 2420 1403 2475 in
1433 2420 1609 2477 sinum
1644 2423 1969 2479 nominatum
2004 2424 2193 2489 Εὔδιον

636 2503 837 2581 Καλόν,
853 2524 1004 2579 quem
1026 2504 1221 2562 circuit
1248 2506 1405 2563 littus
1425 2520 1479 2563 et
1502 2527 1645 2565 mare
1673 2509 1863 2581 exiguo
1876 2512 2057 2587 spatio
2070 2532 2192 2569 con-

623 2606 855 2655 mtum
879 2596 926 2662 ⁴,
964 2606 1025 2649 ut
1053 2594 1320 2650 continens
1359 2594 1568 2668 quidem
1602 2609 1798 2651 natura
1832 2597 2058 2653 exsistat
2072 2640 2089 2665 ,
2128 2612 2191 2655 at

616 2693 835 2757 aspectu
856 2682 1029 2738 insula
1042 2701 1152 2737 esse
1164 2681 1429 2738 videatur.
1446 2681 1579 2738 Inde
1589 2683 1777 2739 statim
1791 2683 2025 2741 succedit
2034 2684 2189 2743 sinus

614 2782 953 2845 nuncupatus
982 2770 1329 2825 Phae-marias
1368 2790 1405 2823 a
1446 2770 1636 2827 Medea
1669 2768 1936 2838 Colchide,
1966 2792 2085 2847 quoe
2130 2774 2185 2831 in

611 2856 707 2911 hoc
740 2856 851 2911 Ioco
878 2856 1115 2930 reposuit
1151 2856 1557 2930 pharmacorum
1600 2857 1831 2915 arculas.
1880 2862 1985 2914 Est
2010 2872 2183 2916 autem

598 2941 991 3016 pulcherrimus
1018 2953 1071 2998 et
1096 2942 1550 3000 commodissimus
1572 2944 1651 2999 ad
1661 2940 2007 3021 piscationes,
2033 2958 2085 3001 et
2106 2948 2183 3002 acl

605 3047 769 3084 naves
828 3029 1167 3105 appellendus
1219 3029 1557 3105 aptissimus.
1644 3032 1855 3088 Etenim
1902 3050 2062 3106 usque
2112 3034 2187 3089 acl

604 3116 889 3186 marginem
908 3116 1110 3173 littoris
1118 3116 1423 3192 profundus
1439 3136 1475 3172 a
1492 3118 1762 3193 ventisque
1784 3118 2011 3175 maxime
2032 3130 2182 3176 tutus

603 3202 845 3259 liabetur.
888 3203 1129 3259 Piscium
1172 3202 1561 3259 multitudinem
1586 3202 1663 3258 ad
1681 3222 1739 3260 se
1778 3204 1973 3261 allicit.
2023 3206 2183 3261 Silvoe

604 3301 783 3345 autem
802 3290 973 3347 tlensoe
986 3303 1037 3345 et
1042 3310 1107 3365 pt
1116 3290 1319 3357 osunda
1336 3308 1545 3346 nemora
1559 3290 1727 3346 omnis
1742 3290 1941 3360 generis
1958 3304 2009 3347 et
2013 3305 2182 3366 prata

606 3376 924 3451 impendent,
952 3376 1128 3442 velut,
1154 3375 1406 3442 arbitror,
1432 3386 1665 3431 certante
1700 3387 1841 3431 term
1871 3395 1990 3433 cum
2013 3380 2170 3435 mari.

606 3466 746 3536 Ejus
771 3464 1030 3519 circuitus
1052 3463 1407 3520 adumbratur
1432 3464 1579 3519 sile-a·
1598 3462 1895 3519 imminente
1920 3462 1977 3519 in
2007 3483 2173 3531 mare,

672 3742 766 3793 Fr.
783 3742 813 3803 l.
825 3754 932 3804 1,1.
953 3736 1271 3811 comas-odes]
1288 3738 1581 3811 legebatur
1598 3738 2016 3795 Conmmrodes...
2036 3758 2168 3795 com·

601 3836 888 3873 marm-um.
922 3820 1005 3871 De
1028 3818 1232 3892 κομάρῳ
1248 3816 1440 3873 arbore
1461 3818 1723 3892 (arbuto)
1742 3837 1794 3873 v.
1816 3818 2165 3894 Theophra-it.

598 3900 737 3954 nist.
767 3898 849 3955 Pl.
902 3915 952 3965 1,
997 3896 1061 3952 15
1104 3906 1157 3953 et
1185 3898 1270 3965 13,
1306 3902 1399 3966 163
1453 3897 1790 3954 Dioscorides
1826 3916 1876 3968 ι,
1923 3904 2045 3973 176.
2084 3900 2169 3957 Ab

595 3977 782 4033 eadem
806 3975 998 4032 arbore
1022 3976 1241 4033 sortasse
1270 3994 1467 4033 nomen
1484 3977 1643 4033 habet
1661 3980 1917 4035 Comarus
1942 3980 2169 4055 Nicopo-

594 4058 707 4115 leos
728 4060 787 4113 in
814 4058 981 4130 Epiro
1014 4066 1222 4130 portus.
1246 4058 1677 4114 Promontorium
1709 4058 1855 4131 quod
1890 4070 1967 4115 est
2002 4078 2169 4134 prope

588 4136 844 4193 leni-Koi
854 4178 872 4203 ‚
899 4137 1059 4193 etiam
1082 4136 1242 4195 hodie
1266 4138 1471 4193 arbutis
1494 4156 1561 4193 ex
1595 4149 1745 4212 parte
1770 4141 2029 4195 consitum
2056 4158 2167 4197 esse

590 4228 777 4273 monet
802 4218 1123 4273 Hmnmerns
1144 4216 1183 4272 l.
1204 4217 1266 4284 1.,
1292 4216 1425 4273 dum
1453 4218 1654 4290 Gyllius
1680 4236 1746 4273 eo
1770 4219 1827 4274 in
1850 4219 1969 4275 loco
2004 4236 2163 4293 quem

2282 2438 2435 2493 posse
2455 2439 2613 2495 quam
2629 2422 2922 2480 secundum
2949 2426 3134 2482 vallem
3161 2428 3466 2487 Libadicam
3486 2472 3504 2499 ,
3527 2438 3763 2509 percipio
3780 2456 3847 2496 ex

2280 2526 2346 2563 eo
2376 2508 2522 2582 quod
2545 2512 2682 2565 inter
2699 2511 3018 2569 Comarodes
3039 2526 3092 2569 et
3109 2516 3470 2575 Pharmaciam
3493 2521 3668 2577 nullus
3695 2528 3844 2582 sinus

2277 2596 2582 2653 manifestus
2610 2600 2814 2656 exsistit
2859 2602 2959 2657 nisi
3003 2604 3315 2675 Libadicus,
3345 2608 3533 2665 leniter
3563 2626 3840 2682 curvatus,

2276 2684 2576 2759 profundus
2601 2698 2653 2741 et
2673 2698 2958 2761 portuosus
2983 2708 3146 2763 usque
3165 2692 3275 2747 sere
3291 2693 3360 2748 ad
3387 2698 3678 2768 marginem
3699 2699 3841 2756 litto·

2273 2774 2347 2828 ris
2361 2814 2379 2841 ,
2416 2772 2628 2829 duobus
2664 2778 3044 2847 promontoriis
3079 2782 3362 2854 praeruptis
3399 2792 3452 2837 et
3480 2786 3839 2859 praeeipitibus

2273 2860 2820 2919 interclusus..Sinum
2851 2865 3102 2920 intimum
3131 2868 3342 2940 attingit
3370 2871 3476 2925 ima
3513 2871 3656 2927 vallis
3679 2874 3836 2931 Liba·

2275 2947 2406 3005 dicae
2429 2949 2696 3023 planities,
2735 2950 2839 3007 lata
2876 2969 3057 3025 passus
3096 2956 3304 3012 circiter
3327 2956 3608 3026 ducentos,
3638 2962 3697 3016 in
3731 2980 3834 3035 qua

2274 3035 2400 3090 olim
2425 3038 2603 3091 vicum
2625 3036 2784 3091 fuisse
2805 3048 3020 3112 apparet
3049 3058 3116 3095 ex
3151 3042 3322 3097 ruinis
3344 3041 3824 3109 fundamentorum.

2269 3124 2389 3177 Jam
2410 3122 2679 3196 explorato
2705 3135 3055 3199 perceptoque
3076 3138 3238 3199 portu
3259 3129 3456 3185 Pitheci
3481 3170 3497 3195 ‚
3529 3134 3835 3207 percipiun-

2270 3218 2362 3263 tur
2405 3209 2542 3263 inter
2568 3208 2875 3266 Libadicam
2917 3210 3100 3266 vallem
3131 3222 3184 3267 et
3225 3214 3540 3271 Comarodes
3575 3221 3836 3278 exstitisse

2271 3312 2396 3349 saxa
2413 3293 2496 3349 illa
2518 3305 2572 3350 et
2585 3306 2760 3351 cautes
2774 3334 2791 3362 ,
2815 3314 2945 3370 quas
2963 3297 3211 3353 Bacchias
3224 3300 3496 3373 appellavit
3511 3306 3794 3376 antiquitas
3806 3328 3832 3376 3

2271 3385 2458 3455 qua-si
2487 3393 2638 3437 tutet
2664 3394 2821 3439 tantan
2845 3402 2990 3439 nunc
3012 3403 3122 3440 non
3143 3396 3367 3453 exstant,
3391 3401 3602 3461 quantae
3613 3391 3828 3448 tradun-

2268 3476 2358 3521 tur
2394 3484 2427 3522 a
2467 3468 2723 3539 Dionysio
2737 3507 2754 3535 ,
2809 3466 2867 3521 id
2914 3468 3307 3525 attribuendum
3351 3471 3432 3526 vel
3475 3475 3704 3529 avaritiae
3745 3482 3834 3536 vel

2264 3738 2556 3811 explicavit.
2586 3740 2633 3793 A
2659 3737 2940 3793 [oi-bachi
2956 3751 3076 3813 post
3099 3738 3378 3795 duodecim
3401 3742 3566 3797 stadia
3584 3747 3829 3817 sequitur

2268 3816 2410 3872 vallis
2439 3818 2712 3891 praeruptis
2741 3819 3010 3873 montibus
3036 3820 3306 3875 inm-secta
3333 3822 3552 3894 rivoque
3588 3824 3815 3896 irrigua,

2263 3896 2322 3951 in
2343 3914 2450 3970 qua
2475 3914 2620 3951 nunc
2639 3906 2718 3951 est
2739 3895 3227 3970 Kalender-Kiosky.
3259 3898 3408 3954 Hanc
3437 3901 3608 3957 Groeci
3633 3919 3814 3957 recen·

2260 3976 2418 4031 tiores
2441 3975 2702 4031 Libadion
2718 4018 2732 4042 ,
2750 3995 2780 4032 a
2799 3978 2962 4048 pratis
2977 3977 3190 4045 scilicet,
3215 3978 3487 4047 vocabant,
3508 3978 3574 4035 ad
3593 4000 3817 4055 eamque

2258 4055 2484 4128 pertinet
2501 4052 2653 4129 λιμὴν
2672 4054 2906 4123 Πιθήκου.
2932 4058 3192 4129 Deinceps
3211 4075 3307 4131 per
3323 4056 3502 4114 decem
3522 4059 3632 4115 sem
3649 4061 3816 4119 stadia

2256 4144 2338 4189 est
2361 4152 2455 4190 ora
2485 4144 2752 4210 prerupta
2781 4152 2950 4208 usqne
2975 4134 3041 4190 ad
3069 4135 3382 4192 hodiernum
3431 4138 3814 4215 meropia-Sa-

2255 4215 2343 4269 rai
2356 4256 2376 4281 ,
2405 4215 2498 4269 ubi
2517 4214 2816 4271 recedentes
2842 4232 2875 4269 a
2897 4213 3050 4270 litore
3075 4226 3282 4271 montes
3309 4214 3578 4290 planitiem
3609 4222 3813 4274 mariti-

586 4298 894 4373 Κομαρῶδες
910 4314 942 4353 a
960 4298 1161 4353 Graecis
1182 4295 1291 4351 dici
1310 4297 1489 4363 refert,
1514 4297 1729 4353 arbores
1741 4300 1864 4353 istas
1878 4316 1988 4354 non
2007 4299 2158 4355 vidit.
2254 4310 2396 4349 mam
2434 4293 2870 4350 semicircularem
2911 4292 3148 4365 (Linon)
3174 4294 3477 4365 admittunt,
3517 4315 3637 4370 quae
3668 4316 3815 4357 nunc

588 4375 836 4431 Ceterum
872 4392 1061 4432 mum-o
1086 4376 1444 4449 promontorii
1460 4416 1477 4444 ,
1508 4375 1633 4430 inde
1660 4395 1693 4431 a
1737 4395 1848 4450 quo
1877 4376 1945 4432 ad
1982 4388 2159 4433 ortum
2249 4382 2388 4429 tecta
2411 4384 2493 4429 est
2525 4372 2777 4430 aedificiis.
2820 4372 2962 4429 Olim
2986 4371 3305 4445 profundius
3342 4375 3397 4428 in
3431 4384 3630 4431 terram
3664 4394 3820 4435 mare

586 4454 906 4512 solstitialem
927 4474 1023 4512 ora
1048 4455 1299 4523 flectitur,
1319 4457 1496 4511 vicum
1524 4455 1685 4511 habet
1704 4456 2003 4523 Ivi-bachi,
2034 4456 2159 4513 litus
2248 4464 2546 4526 penetrasse
2578 4470 2676 4527 per
2709 4463 2790 4509 est
2815 4451 3087 4527 probabile
3101 4493 3119 4520 ‚
3155 4453 3307 4508 sicuti
3335 4452 3558 4511 dubium
3593 4474 3704 4512 non
3730 4471 3810 4515 est

585 4552 715 4592 vero
740 4553 981 4610 asperum
996 4576 1012 4604 ,
1042 4546 1097 4592 et
1134 4536 1457 4592 inaccessum
1472 4576 1487 4603 ,
1522 4553 1669 4590 mare
1703 4535 2157 4610 deniquehumile
2246 4531 2378 4601 quin
2403 4528 2678 4605 ponendus
2705 4530 2778 4587 ibi
2800 4533 2870 4585 Sit
2895 4532 3040 4586 eina-3
3058 4528 3234 4595 Εὔδιος
3261 4530 3440 4601 καλόςὶ
3465 4552 3590 4590 nam
3612 4535 3814 4592 claudi-

582 4616 827 4689 saxisque
846 4616 1071 4672 horrens
1095 4632 1109 4671 z
1140 4614 1272 4672 adeo
1298 4625 1358 4670 ut
1386 4616 1443 4670 in
1469 4616 1615 4671 hunc
1639 4616 1905 4671 mucmnis
1930 4626 2153 4673 unctum
2250 4622 2338 4667 1¹1¹·
2364 4613 2560 4687 lingula
2575 4650 2593 4679 5
2625 4631 2743 4687 quae
2765 4613 2918 4668 “¹011ss
2951 4614 3007 4667 in
3039 4612 3262 4669 modum
3291 4616 3550 4684 excurrit,
3580 4628 3635 4673 et
3659 4617 3810 4691 obje—

573 4713 689 4767 Jam
717 4695 910 4752 cadant
930 4696 1171 4769 Dionysii
1198 4706 1377 4751 cautes
1402 4694 1691 4752 Bae-chicce.
1718 4696 1905 4767 Itaque
1930 4696 1973 4750 si
1996 4714 2151 4752 aecu-
2243 4704 2390 4748 ctum
2411 4692 2570 4748 habet
2589 4692 2883 4765 scopulum.
2906 4690 3110 4748 Deinde
3123 4692 3312 4747 statim
3328 4694 3561 4750 succedit
3582 4693 3803 4752 hodier-

576 4785 693 4831 rate
735 4786 924 4832 auctor
962 4775 1099 4831 dixit
1132 4784 1309 4831 cautes
1346 4774 1458 4829 illas
1495 4792 1607 4846 esse
1634 4786 1761 4848 post
1798 4774 2147 4842 Comarodes,
2242 4790 2344 4828 nus
2361 4773 2634 4847 'llxerapiae
2659 4774 2826 4839 sinus,
2847 4770 2972 4827 olim
2990 4772 3320 4827 Pharmacias
3337 4771 3508 4828 dictus
3524 4813 3541 4840 ‚
3563 4775 3619 4828 in
3641 4792 3806 4847 quem·

574 4857 925 4930 consequitur
970 4856 1151 4913 silvam
1184 4871 1518 4911 comarorum
1542 4873 1573 4909 a
1592 4852 1958 4927 promontorio
1984 4851 2146 4910 fuisse
2239 4853 2418 4909 exiens
2455 4852 2699 4909 fluviolus
2728 4870 2872 4906 nunc
2906 4860 3122 4907 vocatur
3145 4851 3603 4908 Souk-sou-‹let-esi.
3627 4855 3807 4911 Miror

574 4954 761 4992 versus
796 4934 1071 4993 meridiem
1094 4952 1263 5010 prope
1296 4932 1547 4991 Ieni-Koi
1571 4932 1787 5007 ejusque
1820 4934 2072 4989 rivulum.
2243 4935 2580 4989 Hammerum
2595 4973 2611 5000 ‚
2660 4932 2752 5005 qui
2764 4972 2782 4999 ,
2843 4929 3073 5004 neglecta
3119 4930 3358 5004 Dionysii
3411 4928 3794 5004 descriptione,

640 5032 697 5073 α.
736 5016 1091 5089 Demetrium]
1136 5016 1371 5085 Quinam
1414 5015 1513 5071 iste
1539 5014 1727 5081 suerit,
1765 5014 1963 5069 nescio.
2006 5014 2029 5085 ss
2068 5044 2143 5059 --
2234 5012 2628 5068 Endicn-Calon
2654 5023 2868 5085 portum
2891 5012 3160 5085 componit
3177 5028 3300 5067 cum
3325 5009 3585 5068 hodierno
3603 5014 3797 5069 Kalen·

568 5094 623 5151 3.
644 5096 985 5170 Asteropoeo]
1018 5094 1317 5166 legebatur
1348 5112 1387 5149 a
1420 5098 1673 5169 Steropeo.
1710 5094 1733 5165 fl
1769 5124 1843 5137 —
1884 5097 1939 5159 4.
1980 5096 2141 5163 Quem
2233 5091 2344 5160 der,
2370 5092 2514 5166 quod
2539 5094 2596 5148 in
2625 5110 2690 5148 eo
2711 5092 2870 5147 maris
2905 5109 3114 5147 recessu
3139 5108 3285 5146 mare
3309 5092 3650 5163 tranquillum
3683 5112 3796 5150 esse

562 5172 763 5229 circuit
792 5174 927 5231 litus
962 5185 1017 5230 et
1036 5192 1181 5229 mare
1214 5174 1406 5243 exiguo
1428 5174 1608 5248 spatio
1643 5174 2007 5243 contractum]
2030 5174 2139 5228 Vix
2230 5170 2412 5229 soleat.
2430 5174 2499 5228 Et
2515 5172 2752 5246 quamvis
2773 5190 2968 5227 nomen
2989 5172 3252 5227 turcicum
3269 5186 3335 5225 ex
3351 5187 3416 5229 co
3435 5169 3657 5227 ductum
3681 5190 3793 5229 esse

560 5264 807 5309 accurate
826 5253 943 5311 haec
976 5250 1214 5310 reddidit
1240 5250 1463 5325 Gyllius.
1502 5253 1693 5308 Sensus
1728 5251 1887 5307 suerit
1915 5269 1930 5308 z
1960 5251 2054 5325 qui
2084 5252 2138 5307 in
2230 5250 2488 5319 videatur,
2518 5250 2665 5325 quod
2689 5248 2946 5307 Kalender
2963 5251 3072 5306 sive
3097 5250 3388 5307 monachus
3407 5247 3684 5316 mendicus
3715 5250 3790 5307 ibi

558 5329 745 5405 aliqua
766 5331 1029 5387 circuitus
1052 5332 1142 5388 sui
1150 5344 1314 5408 parte
1333 5348 1479 5386 oram
1502 5330 1640 5387 mari
1658 5330 1713 5387 in
1736 5330 1981 5401 exiguum
2002 5348 2128 5405 spa·
2224 5331 2456 5405 sepultus
2495 5333 2597 5403 sit,
2634 5330 2746 5387 fieri
2793 5344 2966 5387 tamen
2997 5332 3230 5406 potuisse
3269 5339 3475 5398 censet,
3506 5340 3567 5386 ut
3602 5342 3792 5387 natum

559 5412 697 5469 tium
734 5423 1065 5469 contractam
1093 5412 1270 5471 habet.
1300 5413 1472 5469 Situm
1504 5412 1743 5469 locorum
1770 5412 1973 5485 Gyllius
1998 5410 2135 5468 bene
2222 5416 2289 5469 sit
2312 5432 2376 5470 ex
2401 5412 2561 5477 Καλὸς
2588 5410 2756 5476 αὔδως.
