4584 6284
735 539 848 595 186

882 662 1054 734 Δῆλον
1083 660 1466 734 ἰκυκλώσαντο,
1491 656 1584 719 καὶ
1610 657 1806 738 οὕνομα
1831 658 2098 727 Κυκλᾶδες
2123 659 2225 720 εἶσί
2246 680 2265 698 ·

887 746 1035 831 ῥύσια
1063 749 1109 806 δ’
1134 747 1421 808 Ἀπόλλωνι
1443 744 1628 827 χοροὺς
1655 746 1927 827 ἀνάγωσιν
1957 746 2190 820 ἅπασαι,

885 835 1166 913 ἱσταμένου
1192 837 1444 915 γλυκεροῦ
1465 832 1578 894 νίον
1601 831 1770 913 εἴαρος
1786 876 1804 906 ,
1834 822 1937 893 εὖτ’
1960 836 2013 893 ἕν
2037 832 2240 914 ὄρεσσιν

886 920 1170 1002 ἀνθρώπων
1195 922 1448 981 ἀπάνευθε
1476 925 1595 982 κυεῖ
1615 920 1896 1003 λιγύφωνος
1919 921 2112 994 ἀηδών.

779 1030 861 1071 ωο
887 1012 1058 1082 Νῆσοι
1083 1009 1127 1069 δ’
1155 1008 1319 1080 ἑξείης
1347 1008 1614 1090 Σπορᾶδες
1639 1009 2151 1089 περιπαμφανόωσιν,

777 1138 784 1147 ·
887 1088 993 1157 οἷον
1019 1097 1096 1157 ὅτ’
1123 1098 1393 1179 ἁνεφίλοιο
1421 1097 1489 1155 δι’
1512 1095 1664 1179 ἠέρος
1687 1095 1876 1155 εἴδεται
1901 1096 2100 1176 ἄστρα,

887 1184 1022 1265 ὑγρὰ
1047 1187 1177 1266 νέφη
1207 1188 1477 1266 κραιπνοῖο
1507 1182 1823 1265 βιησαμίνου
1852 1185 2056 1266 βορέαο.

886 1276 1019 1341 Ταῖς
1046 1272 1092 1332 δ’
1116 1272 1204 1333 ἔπι
1229 1278 1376 1346 νῆσοι
1399 1269 1542 1333 ἔασιν
1571 1271 1810 1341 Ἰωνίδες·
1839 1272 1957 1331 ἔνθα
1985 1272 2049 1333 δὲ·
2070 1275 2273 1341 Καῦνος

729 1482 843 1535 ὅσια
855 1520 872 1547 ,
893 1479 1111 1553 Ἄνδρος,
1128 1479 1310 1546 Τῆνος,
1332 1478 1579 1544 Μύκονος,
1601 1477 1784 1550 ’lupia
1797 1518 1811 1544 ,
1829 1478 1990 1550 Σάμος
2003 1519 2017 1543 ,
2036 1478 2268 1547 Μυκάλη.

729 1562 974 1629 Quorum
999 1568 1260 1632 postrema
1277 1555 1509 1611 indicant
1527 1557 1660 1610 viam
1679 1555 2052 1621 brevissimam,
2079 1556 2268 1609 cuibus

729 1637 798 1691 ab
841 1638 1049 1710 Europa
1089 1636 1144 1689 in
1173 1636 1350 1689 Asiam
1389 1652 1483 1707 per
1521 1634 1710 1689 insulas
1749 1635 2026 1697 transitus,
2066 1637 2176 1691 sive
2214 1636 2272 1688 ti>

728 1718 1010 1788 διάφραγμα
1033 1714 1145 1769 sisoi·
1165 1715 1272 1769 κατ’
1294 1713 1460 1785 ὀρθόν,
1491 1712 1560 1768 de
1580 1731 1689 1786 quo
1713 1712 1830 1769 vide
1851 1724 1981 1769 tom.
2012 1731 2061 1780 1,
2099 1731 2154 1786 Ρ.
2181 1718 2269 1783 94.

731 1794 892 1864 Quod
921 1792 1280 1865 Bernhardyus
1317 1792 1506 1858 voluit,
1547 1793 1712 1847 inesse
1745 1791 1910 1847 verbis
1944 1792 2273 1863 Agathemeri

733 1874 934 1945 nequit.
970 1872 1297 1927 Provinciam
1324 1871 1610 1926 insularum
1633 1872 1978 1943 Vespasianus
2015 1870 2269 1936 instituit,

731 1962 950 2006 testante
973 1952 1130 2006 Sexto
1150 1950 1287 2005 Rufo
1314 1950 1368 2004 in
1389 1950 1618 2004 Breviar.
1639 1966 1690 2003 c.
1720 1966 1803 2004 10.
1838 1948 1901 2002 Id
1936 1958 2106 2003 tamen
2138 1965 2270 2019 quo·

732 2029 906 2083 minus
955 2028 1134 2083 credat
1171 2026 1535 2101 Bernhardyns
1570 2026 1722 2081 Plinii
1762 2028 2114 2082 auctoritatem
2156 2029 2266 2093 (18,

733 2109 826 2178 57)
853 2106 1058 2163 obstare
1081 2106 1228 2165 dicit.
1257 2110 1329 2162 At
1353 2106 1469 2161 loco
1497 2107 1681 2173 citato,
1705 2124 1812 2179 quo
1850 2104 2095 2178 Cyclades
2119 2102 2268 2175 juxta

729 2187 863 2241 Asiae
887 2186 1068 2240 insulae
1103 2196 1478 2256 memorantur,
1511 2203 1618 2240 non
1653 2183 2002 2258 geographum
2026 2184 2132 2255 agit
2165 2182 2268 2238 Pli-

733 2267 881 2333 nius;
923 2264 1292 2338 geographicas
1329 2275 1502 2319 autem
1540 2264 1700 2319 libros
1721 2265 1916 2321 Plinius
1931 2302 1948 2330 ,
1972 2264 2064 2336 qui
2090 2264 2268 2333 ingens

729 2363 866 2419 opus
890 2361 1046 2399 suum
1086 2362 1174 2401 an.
1205 2360 1270 2415 77
1309 2342 1556 2410 absolvit,
1575 2353 1697 2398 ante
1737 2344 1935 2417 primos
1966 2343 2268 2415 Vespasiani

730 2427 861 2498 imp.
911 2441 1076 2478 annos
1099 2422 1324 2477 scribere
1358 2424 1446 2475 vix
1481 2423 1682 2495 potuit,
1708 2434 1846 2477 certe
1873 2423 2091 2496 scriptos
2114 2420 2182 2476 ab
2203 2440 2267 2476 eo

728 2520 840 2558 esse
862 2513 983 2558 ante
1006 2501 1335 2557 constitutam
1358 2519 1391 2555 a
1414 2503 1732 2575 Vespasiano
1753 2502 2034 2557 insularum
2060 2502 2271 2574 provin-

729 2585 864 2639 ciam
883 2582 1005 2638 inde
1025 2582 1206 2654 liquet,
1225 2578 1366 2653 quod
1391 2579 1587 2635 Plinius
1603 2582 1835 2645 Samum,
1849 2581 1982 2634 sieut
1998 2578 2264 2643 Rhodum,

727 2663 942 2718 liberum
965 2680 1074 2717 esse
1107 2660 1238 2716 dicit
1259 2660 1347 2729 (5,
1378 2660 1465 2730 37,
1505 2659 1654 2731 ε35),
1683 2661 1770 2715 cui
1795 2660 2081 2714 libertatem
2105 2676 2140 2713 a
2165 2660 2266 2713 Ve-

725 2744 963 2815 spasiano
984 2740 1242 2796 ademtam
1267 2739 1424 2793 fuisse
1443 2740 1634 2795 scimus
1652 2758 1685 2793 e
1701 2740 1948 2795 Suetonio
1972 2739 2188 2809 vespas.
2215 2756 2265 2793 c.

728 2824 762 2875 8
791 2837 805 2875 :
829 2819 1084 2876 Achaiam
1100 2859 1115 2882 ,
1143 2817 1350 2889 Lyciam
1365 2857 1381 2882 ,
1401 2816 1659 2882 Rhodani,
1679 2816 2014 2891 Byzantium,
2035 2820 2264 2881 Samuni,

726 2898 971 2953 libertate
1003 2896 1242 2962 ademta,
1273 2895 1396 2950 item
1449 2894 1728 2951 Thraciam
1741 2936 1758 2961 ,
1799 2894 2048 2953 Ciliciam
2085 2905 2138 2949 et
2170 2898 2270 2952 Co·

725 2992 966 3044 magram
981 3014 995 3037 ‚
1026 2972 1248 3029 ditionis
1273 2971 1425 3042 regite
1451 2991 1608 3047 usque
1626 2971 1702 3027 ad
1727 2972 1787 3027 id
1807 2984 2004 3045 tempus
2020 3012 2036 3038 ,
2065 2970 2122 3025 ἰιι
2141 2988 2270 3043 pm-

723 3052 1020 3108 vincias-mn
1049 3051 1282 3123 sormam
1320 3050 1534 3121 redegit.
1575 3054 1699 3121 Quo
1723 3050 1935 3123 quidem
1961 3050 2078 3105 loco
2099 3049 2274 3105 Rhodi

725 3142 779 3185 et
818 3132 960 3186 Sami
1001 3130 1300 3184 nominibus
1323 3130 1484 3201 ipsam
1523 3130 1672 3183 istam
1711 3146 1868 3200 quam
1893 3129 2079 3182 Sextus
2107 3126 2274 3181 Rufus

727 3208 859 3264 dicit
888 3206 1177 3263 insularum
1199 3206 1535 3280 provinciam
1558 3205 1778 3261 indicari
1819 3204 2046 3259 dubitari
2071 3204 2272 3276 nequit.

728 3284 1007 3341 Proesidem
1045 3283 1332 3339 insularum
1377 3301 1540 3357 usque
1583 3282 1652 3339 ad
1689 3284 1924 3340 Gratiani
1961 3294 2016 3337 et
2042 3282 2276 3339 Valentis

729 3375 968 3435 tempora
992 3365 1050 3417 in
1075 3362 1266 3417 Rhodo
1291 3362 1599 3435 plerumque
1617 3362 1792 3417 sedem
1817 3361 2057 3416 habuisse
2076 3372 2280 3417 constat

735 3443 830 3510 (V.
858 3440 1176 3511 Wesseling.
1204 3439 1272 3495 ad
1296 3440 1588 3495 Hieroclem
1608 3458 1664 3513 p.
1695 3442 1825 3506 6853
1851 3439 2110 3494 Tbeodos.
2139 3440 2271 3497 Cod.

731 3519 826 3575 lib.
843 3524 876 3573 6
895 3538 910 3585 ς
930 3517 998 3573 de
1019 3517 1112 3572 off.
1134 3527 1262 3574 rect.
1285 3534 1436 3590 prov.
1463 3534 1511 3582 1,
1537 3517 1961 3586 40).Diocletiani
1976 3518 2278 3573 constitutio

737 3598 806 3654 ad
835 3599 1122 3670 Diogenem
1151 3596 1449 3651 Insularum
1485 3595 1762 3652 Praesidem
1799 3607 1962 3652 exstat
1988 3598 2043 3652 in
2068 3596 2275 3653 Theod.

733 3676 872 3734 Cod.
890 3676 943 3743 5,
966 3678 1018 3743 3,
1037 3692 1126 3730 22.
1151 3674 1353 3731 Deinde
1370 3675 1654 3731 insularum
1671 3676 2006 3749 provinciam,
2031 3687 2278 3749 tanquam

738 3772 896 3809 unam
919 3772 986 3809 ex
1009 3755 1214 3809 Asianis
1235 3754 1544 3825 provinciis,
1571 3756 1812 3809 novimus
1833 3772 1865 3809 e
1883 3756 2006 3811 Not.
2035 3756 2194 3827 Dign.
2216 3774 2275 3830 p.

738 3850 792 3903 7.
821 3844 874 3888 et
902 3835 967 3897 45
995 3831 1081 3887 ed.
1109 3831 1358 3903 Boecking
1379 3832 1554 3905 (quem
1581 3850 1631 3887 v.
1661 3833 1718 3887 in
1743 3844 1854 3889 not.
1883 3851 1938 3906 p.
1973 3835 2114 3905 145),
2143 3844 2274 3890 etex

735 3910 976 3967 Hierocle
1003 3930 1061 3984 p.
1100 3911 1226 3979 1303
1246 3911 1428 3965 eadem
1455 3910 1726 3979 cytladum
1737 3912 2029 3986 pmvimiae
2065 3915 2278 3969 nomine

735 3992 992 4045 interXII
1009 3990 1144 4045 Λεία·
1156 3990 1450 4061 provincias
1462 4000 1756 4045 recensetur
1774 3991 1828 4045 in
1840 3992 2035 4046 Notitia
2055 4008 2205 4063 prov.
2225 4004 2280 4047 et

734 4066 875 4142 apud
889 4068 1294 4141 Anonymumin
1319 4070 1576 4142 Descript.
1593 4069 1752 4125 totius
1774 4068 1956 4124 mundi
1977 4088 2032 4142 p.
2053 4086 2158 4141 ²70
2177 4069 2265 4125 ed.

735 4150 996 4213 Gronov„
1009 4148 1101 4219 qui
1121 4146 1404 4201 insularum
1420 4164 1698 4202 numerum
1709 4148 1863 4203 fuisse
1877 4147 2004 4203 dicit
2022 4149 2279 4221 quinqua·

732 4227 874 4298 ginta
891 4227 1072 4292 trium,
1087 4224 1187 4279 sub
1209 4222 1503 4297 unojudiee
1527 4226 1942 4281 constitutarum.
1962 4229 2079 4280 Jam
2107 4244 2272 4299 qnuin

732 4306 971 4359 maximae
995 4304 1182 4359 harum
1208 4304 1496 4359 insularum
1518 4306 1653 4361 Asioe
1676 4304 1968 4377 adjacerent
1981 4344 1998 4372 ,
2019 4316 2276 4379 caputque

733 4400 916 4439 earnm
937 4383 1151 4438 Rhodus
1174 4394 1306 4439 esset
1321 4424 1338 4451 ,
1359 4393 1519 4440 totam
1541 4384 1675 4439 banc
1690 4386 2006 4458 provinciam
2024 4383 2136 4456 jam
2153 4386 2277 4440 inde

733 4482 766 4518 a
788 4464 1103 4534 Vespasiano
1125 4464 1259 4517 Asiae
1273 4460 1586 4537 adscriptam
1603 4463 1760 4518 fuisse
1779 4474 2180 4518 consentaneum
2197 4476 2276 4519 est

734 4554 789 4597 et
814 4544 1047 4615 Dionysii
1091 4542 1206 4598 loco
1230 4541 1405 4616 aliquo
1438 4542 1599 4599 modo
1623 4544 1977 4600 confirmatur.
2009 4546 2126 4617 ΙΙ-
2148 4546 2272 4602 526.

736 4619 942 4677 Laudat
964 4638 1167 4674 versum
1192 4620 1484 4694 Stephanus
1509 4622 1568 4678 B.
1601 4640 1654 4676 v.
1677 4622 1836 4691 Δῆλος
1855 4640 1920 4676 ex
1939 4640 2106 4695 eoque
2131 4624 2274 4679 Con-

732 4699 993 4753 stantinus
1015 4700 1098 4755 De
1122 4699 1285 4756 them.
1325 4716 1371 4764 1,
1419 4716 1504 4770 17.
1534 4698 1808 4755 ἐκύκλωσαν
1847 4698 1934 4765 bd,
1962 4701 2275 4757 κυκλώσαιντο

739 4780 791 4835 G
806 4799 828 4842 ,·
849 4776 1010 4849 ὄνομα
1033 4795 1115 4850 oq.
1139 4777 1161 4843 ΙΙ
1185 4807 1258 4820 -—
1276 4776 1396 4847 527.
1421 4779 1630 4833 Citatur.
1647 4797 1822 4833 versus
1847 4780 1902 4833 in
1924 4782 2100 4853 Etym.
2119 4782 2198 4835 M.
2219 4800 2273 4837 ν.

715 4856 891 4927 ορύσια.
913 4858 994 4910 De
1011 4875 1070 4910 re
1091 4855 1159 4912 cf.
1183 4858 1400 4912 Homer.
1415 4858 1790 4932 Hymn.Apoll.
1808 4862 1926 4931 147,
1955 4858 2192 4932 Thucyd.
2218 4861 2272 4927 3,

735 4946 857 5007 104,
875 4940 1092 4999 Boeckh.
1109 4940 1306 4997 Abledl.
1321 4940 1414 4997 der
1425 4944 1615 4999 Berlin.
1632 4943 1806 5002 Akoed.
1827 4945 1981 5011 1834,
1997 4963 2054 5018 p.
2074 4962 2097 4999 1
2119 4946 2268 5018 sqq.ll

727 5050 804 5063 —
848 5021 973 5077 ⁵28.
1023 5019 1301 5093 ἱσταμένου]
1353 5023 1405 5074 A
1413 5024 1710 5078 BCGHLM
1713 5021 2240 5096 NOYdeet’mpuwt
2253 5062 2271 5089 ,

725 5102 904 5156 Eust..
925 5098 1200 5171 Parapbr.;
1223 5098 1498 5169 ἀρχομένου
1519 5110 1641 5153 cett.
1657 5098 1812 5157 codd.
1829 5110 1882 5155 et
1900 5099 2047 5156 editt.
2065 5100 2148 5157 cf.
2170 5102 2278 5155 Ho-

714 5194 858 5232 mer.
891 5174 954 5233 ΙΙ.
987 5194 1048 5241 τ,
1075 5178 1176 5247 519
1203 5194 1218 5231 ε
1249 5176 1468 5249 χλωρηὶς
1493 5176 1654 5245 ἀηδὼν
1683 5175 1865 5248 Ικαλδν
1895 5174 2114 5245 ἆείδησεν
2136 5175 2276 5251 ἔαρος

719 5264 834 5309 νεον
854 5254 1384 5327 inanimam—529.
1407 5256 1498 5330 κύῃ
1519 5259 1706 5319 ΒῡΜζ
1715 5275 1732 5321 3
1750 5237 2077 5328 λιγύφθογγος
2097 5260 2278 5330 DFQt

719 5330 916 5404 aliique
953 5330 1112 5389 codd.
1138 5344 1191 5387 et
1215 5332 1366 5390 editt.
1402 5345 1525 5390 ante
1555 5334 1968 5408 Bemhardyum.
2003 5336 2026 5405 ΙΙ
2052 5364 2127 5377 -
2150 5334 2272 5392 530.

2190 530 2529 593 nloNst

2356 669 2544 725 Delum
2584 670 2821 725 ambiunt
2842 690 2903 726 ac
2928 690 3117 727 nomen
3145 672 3429 745 Cycladum
3458 686 3802 748 acceperunt3

2356 775 2471 830 quoe
2490 775 2671 812 omnes
2685 758 2911 831 Apollini
2928 776 3026 831 pro
3047 759 3209 815 salute
3226 761 3440 815 choreas
3468 761 3753 832 celebrant,

2358 842 2495 897 dulci
2522 862 2644 899 vere
2664 862 2843 899 recens
2868 846 3109 913 ineunte,
3136 864 3301 918 quum
3326 848 3379 901 in
3408 849 3677 904 montibus

2356 931 2423 985 ab
2448 931 2749 987 hominibus
2771 944 2969 988 remota
2994 936 3130 1007 parit
3155 936 3346 990 vocalis
3367 936 3602 994 luscinia.

2360 1020 2615 1093 Deinceps
2636 1032 2811 1077 autem
2834 1022 3011 1077 insulae
3035 1022 3291 1096 Sporades
3311 1023 3644 1098 resplendent
3657 1066 3673 1091 ,

2360 1116 2421 1159 ut
2440 1124 2607 1178 quum
2632 1124 2871 1161 serenum
2892 1126 2987 1180 per
3008 1109 3195 1163 coelum
3220 1120 3357 1165 astra
3384 1120 3693 1177 cernuntur,

2359 1191 2601 1246 humidas
2618 1192 2783 1247 nubes
2800 1194 2892 1247 ubi
2914 1194 3097 1249 citatus
3114 1196 3285 1267 aquilo
3306 1199 3588 1269 superavit.

2364 1280 2469 1333 Has
2492 1279 2670 1333 insulae
2694 1283 2882 1335 Ionum
2904 1282 3307 1354 sulnquuntur,
3333 1286 3471 1338 inter
3494 1302 3624 1358 quas
3651 1285 3861 1338 Caunus

2360 1480 2787 1553 ἔπιτεαμφαίνουσιν
2810 1481 2967 1545 ΟΗᾰζ
2976 1500 3096 1554 ingo
3112 1484 3389 1554 0.ΙΙ-53ι
3403 1527 3415 1542 .
3434 1484 3714 1557 ἀννεφέλοιο
3737 1491 3903 1561 ABQ,

2360 1556 2467 1613 οἷον
2478 1559 2596 1614 ὅταν
2612 1558 2829 1631 νεφίλοιο
2842 1560 2933 1615 Fb.
2948 1562 3169 1631 11—532.
3190 1564 3325 1635 νέφη]
3344 1564 3516 1635 νεφέλη
3540 1584 3597 1628 e,·
3618 1566 3910 1639 βιασαμένου

2364 1642 2571 1711 DFoqe,
2601 1638 2763 1711 βιασσ.
2788 1656 2837 1695 c.
2862 1643 2885 1710 ΙΙ
2906 1640 3099 1697 -533,
3120 1643 3247 1713 ταῖς]
3268 1644 3353 1708 τῆς
3370 1643 3557 1711 (voluit
3575 1648 3683 1716 τῇς)
3702 1664 3733 1698 ο
3748 1668 3768 1707 ‚·
3792 1644 3911 1699 ἔνθα

2359 1716 2429 1787 δὲ]
2447 1716 2615 1771 ἐνθάδε
2639 1720 2903 1781 CEGKN,
2922 1716 3039 1773 ἔνθα
3054 1738 3103 1773 τε
3122 1723 3305 1782 Dlss't
3321 1760 3337 1785 ,
3368 1719 3487 1773 ἔνθα
3513 1721 3669 1792 καὶῄ
3704 1723 3907 1795 Καῦνος]

2359 1795 2534 1857 Κῶνος
2557 1798 2601 1851 G
2612 1806 2668 1849 et
2682 1812 2821 1850 corr.
2842 1798 2908 1861 G,
2935 1796 3187 1870 ΚάμνοςῘ,
3215 1798 3349 1861 Κῶος
3366 1816 3509 1871 oqpa:
3525 1816 3646 1869 ingo
3664 1817 3709 1853 e.
3730 1804 3909 1869 Quum

2358 1882 2547 1943 preter
2587 1873 2803 1926 Samum
2844 1883 2899 1926 et
2935 1874 3125 1927 Chium
3172 1874 3348 1929 multe
3386 1878 3493 1931 sint
3530 1878 3913 1949 notissimaeque

2357 1949 2538 2005 insula
2581 1949 2800 2017 ionice,
2842 1952 3045 2007 miraris
3084 1952 3361 2008 obscuram
3406 1953 3557 2007 istam
3593 1972 3625 2008 a
3658 1955 3911 2027 Dionysio

2356 2028 2531 2084 afferri
2559 2031 2827 2097 Caunum;
2855 2029 3002 2101 cujus
3034 2032 3263 2087 nominis
3288 2050 3453 2104 quum
3480 2032 3665 2086 urbem
3698 2034 3909 2105 quidem

2357 2108 2621 2175 Caricam,
2653 2108 2850 2163 nullam
2900 2124 3024 2163 vero
3066 2106 3285 2163 insulam
3330 2109 3639 2181 interpretes
3667 2120 3908 2177 nossent,

2358 2188 2546 2243 Καῦνον
2576 2206 2771 2243 nomen
2790 2197 3099 2260 corruptum
3121 2205 3231 2241 esse
3268 2186 3425 2259 [sicut
3448 2206 3532 2260 ap.
3570 2187 3815 2244 Strabon.
3852 2208 3905 2263 p.

2355 2272 2422 2333 44
2452 2286 2550 2342 pro
2562 2267 2747 2321 Γαῦδον
2772 2276 2825 2321 et
2843 2284 2900 2338 p.
2924 2269 3026 2332 446
3052 2283 3152 2339 pro
3179 2266 3333 2320 Κῦνον
3352 2282 3536 2320 omnes
3558 2265 3765 2322 codices
3785 2285 3913 2341 prae-

2356 2347 2481 2403 bent
2490 2348 2701 2416 Καῦνον]
2718 2356 2977 2421 putantes,
2998 2347 3165 2401 varias
3184 2356 3555 2419 prompserunt
3569 2345 3909 2418 suspiciones.

2354 2428 2467 2494 Sic,
2491 2438 2553 2482 ut
2577 2426 2715 2483 bane
2738 2442 2899 2480 unam
2924 2424 3167 2491 afferam,
3193 2425 3380 2479 Hillius
3406 2442 3505 2497 pro
3534 2425 3719 2489 Καῦνος
3740 2426 3911 2498 legen-

2353 2505 2483 2560 dum
2526 2504 2801 2578 proposuit
2837 2502 3071 2577 Κάλυμνα
3128 2514 3221 2559 aut
3274 2504 3442 2567 Κῶοςς
3494 2502 3745 2575 (quorum
3784 2505 3913 2560 illud

2356 2584 2663 2651 violentius,
2691 2584 2794 2639 hoc
2814 2582 3143 2655 probandum
3178 2583 3349 2653 putari
3388 2593 3595 2653 posset,
3627 2582 3788 2638 modo
3812 2602 3913 2656 pro

2356 2664 2489 2727 Κῶος
2532 2661 2702 2736 (quod
2747 2662 2815 2717 de
2860 2661 3029 2717 insula
3080 2660 3186 2714 dici
3236 2661 3452 2733 nequit)
3493 2678 3717 2733 poneres
3766 2662 3915 2726 Κώιικ

2358 2741 2717 2812 (Choerobosc.
2747 2742 2803 2794 in
2830 2738 2992 2796 Bekk.
3018 2743 3123 2795 An.
3148 2755 3202 2810 p.
3231 2743 3364 2807 1176
3386 2754 3401 2791 ε
3421 2738 3625 2810 Λέγεται
3653 2740 3739 2793 καὶ
3763 2740 3913 2803 Κώως

2356 2818 2437 2871 διὰ
2462 2820 2562 2873 δύω
2588 2841 2658 2885 ω,
2696 2818 2781 2873 καὶ
2800 2816 2975 2884 Κόως).
3013 2820 3085 2872 At
3114 2816 3217 2870 Cos
3254 2814 3423 2873 insula
3457 2834 3565 2870 non
3600 2817 3791 2884 ionica,
3820 2817 3914 2873 sed

2358 2896 2570 2964 doriea3
2598 2898 2787 2952 Caunii
2810 2912 2934 2949 vero
2972 2894 3163 2960 Caria,
3191 2894 3320 2960 etsi,
3344 2893 3599 2948 Strabone
3632 2904 3788 2962 teste,
3817 2898 3915 2951 Ca-

2357 2977 2465 3031 rice
2500 2974 2851 3048 loquebantur
2882 2983 2935 3027 et
2960 2991 2991 3027 e
3020 2973 3173 3027 Creta
3210 2971 3423 3027 oriundi
3462 2984 3613 3028 erant
3649 2976 3911 3044 (Caunum

2360 3056 2527 3110 Cretae
2567 3053 2862 3127 Stephanus
2901 3051 3209 3123 memorat),
3251 3060 3425 3105 tamen
3467 3069 3500 3106 a
3540 3062 3694 3123 poeta
3734 3064 3914 3107 nostro

2359 3137 2515 3189 Iones
2534 3133 2642 3189 dici
2668 3141 2911 3206 poterant
2938 3130 3123 3185 eodem
3146 3130 3269 3202 jure
3298 3147 3408 3201 quo
3442 3130 3750 3201 Apollonius
3774 3130 3915 3185 Rho-

2360 3212 2479 3267 dius
2504 3212 2555 3267 iv
2584 3211 2773 3266 Καύνου
2794 3210 2945 3263 κτίσει
2967 3208 3071 3282 (ap.
3088 3209 3332 3265 Parthen.
3370 3209 3519 3263 Erot.
3540 3225 3588 3261 c.
3621 3225 3708 3273 113
3736 3226 3788 3264 v.
3821 3210 3909 3263 Fr.

2361 3292 2433 3347 11.
2460 3302 2593 3346 tom.
2634 3293 2689 3355 4,
2730 3306 2785 3361 p.
2827 3286 2951 3359 335)
2983 3286 3051 3340 de
3083 3287 3302 3353 Cauno,
3328 3285 3508 3341 Mileti
3534 3285 3641 3339 filio
3668 3286 3914 3358 urbisque

2366 3366 2639 3423 conditore
2653 3404 2670 3433 ,
2694 3365 2883 3420 cecinit
2906 3380 2921 3417 t

2505 3478 2605 3533 ἕνθ’
2631 3476 2743 3545 ἤτοι
2768 3476 3052 3547 πτολίεθρον
3082 3474 3304 3547 ἔδείματο
3328 3480 3516 3547 πρῶτος
3543 3473 3802 3528 Ἰώνων.

2365 3597 2480 3653 Huc
2499 3595 2699 3652 accedit
2723 3593 2868 3669 quod
2894 3612 3057 3669 prope
3077 3593 3263 3648 urbem
3297 3595 3537 3648 Caunum
3574 3592 3795 3649 insulam
3820 3592 3913 3648 ali-

2363 3693 2523 3749 quam
2574 3676 2939 3747 cognominem
3000 3673 3156 3727 suisse
3214 3671 3421 3743 colligas
3464 3690 3532 3726 ex
3578 3670 3915 3743 Hegesandro

2365 3754 2589 3827 Delpho,
2615 3772 2682 3808 ex
2702 3752 2851 3826 enjus
2871 3752 3268 3807 Commentariis
3292 3751 3573 3807 Athenaeus
3600 3754 3684 3816 14,
3707 3768 3763 3823 p.
3788 3756 3911 3819 620,

2365 3835 2407 3887 F
2429 3836 2543 3903 (Fr.
2570 3834 2640 3889 Η.
2666 3842 2796 3889 tom.
2818 3836 2875 3899 4,
2902 3849 2960 3904 Ρ.
2982 3833 3109 3901 4ι6)
3137 3830 3275 3884 inter
3295 3829 3395 3884 alia
3420 3829 3533 3884 haec
3558 3841 3735 3884 narrat
3765 3847 3780 3884 :
3810 3830 3914 3884 114·

2364 3913 2566 3985 τροκλος
2596 3906 2684 3967 οὖν
2707 3911 2736 3966 ὃ
2760 3914 2849 3967 τοῦ
2888 3910 3194 3981 Πτολεμαίου
3231 3908 3601 3982 (Philadelphi)
3647 3909 3917 3981 στρατηγὸς

2365 3990 2415 4045 ἕν
2462 3990 2682 4063 Καύνῳ
2714 3993 2787 4063 τῇ
2832 3987 3001 4061 νήσῳ
3032 3986 3201 4041 λαὸὼν
3240 3986 3385 4041 ain-bv
3423 3986 3689 4054 (Sotadem
3723 3988 3809 4042 τὸν
3840 4008 3915 4041 zt-

2364 4069 2679 4139 ναιδολόγον)
2693 4108 2709 4133 ,
2755 4066 2840 4122 καὶ
2882 4064 2947 4129 εἰς
2990 4065 3239 4139 μολυὸδῆν
3274 4066 3511 4137 κεραμίδα
3563 4064 3793 4138 ἕμὸαλὼν
3834 4066 3917 4119 καὶ

2364 4148 2629 4221 ἀναγαγὼν
2670 4146 2737 4210 εἰς
2777 4146 2835 4200 τδ
2888 4145 3097 4217 πέλαγος
3140 4146 3501 4199 κατεπόντισεν.
3542 4147 3663 4217 Ipsa
3705 4146 3915 4199 Caunus

2361 4227 2490 4281 urbs
2524 4227 2737 4297 triginta
2762 4225 2871 4279 sere
2896 4222 3061 4279 stadia
3088 4242 3119 4277 a
3146 4224 3278 4277 mari
3308 4234 3511 4278 remota
3546 4224 3600 4276 in
3636 4224 3805 4277 ruinis
3824 4241 3913 4277 su-

2362 4314 2561 4375 perest,
2601 4320 2719 4376 quae
2742 4318 2907 4375 prope
2940 4300 3247 4355 hodiernam
3280 4300 3475 4354 Dalion
3504 4300 3602 4354 sita
3634 4312 3761 4353 sunt
3780 4301 3917 4354 inter

2362 4399 2509 4435 oram
2528 4381 2843 4435 maritimam
2858 4389 2912 4433 et
2920 4378 3182 4435 Kaidclees
3200 4376 3465 4451 paludem.
3484 4377 3570 4434 Ab
3586 4376 3719 4432 urbe
3738 4394 3916 4433 venus

2366 4458 2637 4513 meridiem
2664 4468 2875 4513 centum
2896 4468 2949 4511 et
2972 4456 3193 4529 amplius
3218 4456 3384 4511 stadia
3408 4457 3587 4512 aberat
3612 4468 3797 4531 portus
3820 4460 3916 4531 qui

2362 4542 2417 4594 in
2444 4539 2737 4595 Stadiasmo
2768 4538 2926 4591 maris
2948 4538 3125 4607 Magni
3154 4539 3183 4605 S
3207 4541 3311 4591 262
3342 4535 3404 4610 (t.
3442 4553 3491 4603 1,
3529 4555 3584 4610 p.
3612 4537 3743 4608 495)
3782 4537 3913 4591 Καυ-

2364 4618 2481 4672 νίων
2510 4619 2756 4689 πάνορμος
2782 4626 3017 4672 vocatur.
3041 4617 3182 4670 Situs
3198 4627 3309 4670 erat
3317 4615 3470 4686 juxta
3490 4616 3671 4670 Calbin
3696 4618 3915 4671 fluvium

2363 4698 2645 4768 (Doloman
2672 4694 2874 4768 ΤοΙιαί).
2894 4695 3075 4749 Portui
3100 4692 3436 4765 veroobjaeet
3450 4693 3621 4748 insula
3634 4711 3781 4749 nunc
3803 4698 3910 4748 Pa-

2358 4794 2463 4850 pas
2480 4775 2590 4829 nisi
2604 4773 2760 4832 dicta.
2779 4778 2889 4829 Aut
2902 4772 3013 4828 baec
3032 4782 3110 4827 est
3136 4773 3346 4826 Caunus
3366 4773 3534 4827 insula
3549 4811 3564 4838 ,
3589 4782 3699 4826 ant·
3712 4791 3775 4827 ea
3799 4790 3917 4845 quae

2364 4872 2542 4909 versus
2586 4870 2827 4909 occasum
2869 4870 2900 4905 a
2945 4853 3127 4907 Cauno
3170 4850 3301 4905 urbe
3347 4860 3562 4905 centum
3604 4849 3715 4905 fere
3749 4850 3915 4904 stadia

2363 4933 2543 4989 dissita
2566 4944 2645 4988 est
2665 4944 2720 4987 et
2739 4952 2771 4988 a
2791 4932 2961 4987 Plinio
2964 4949 3229 5005 proxuma
3248 4934 3423 4984 &uno
3442 4928 3697 4993 Roda-rsa,
3725 4930 3779 4983 in
3799 4930 3912 4984 Sta-

2362 5020 2547 5075 diasmi
2560 5018 2741 5074 codice
2760 5016 3034 5082 Ῥώπουσα,
3052 5033 3196 5069 nunc
3212 5015 3406 5071 Limosa
3420 5025 3653 5071 vocatur.
3670 5016 3915 5069 Proxime

2362 5109 2537 5153 autem
2578 5106 2697 5171 post
2724 5097 2861 5151 hanc
2896 5095 3117 5149 insulam
3150 5094 3205 5147 in
3246 5093 3540 5149 Stadiasmo
3588 5102 3912 5147 memoratur

2361 5182 2546 5232 Samus
2583 5176 2727 5231 locus
2759 5172 2969 5230 aliunde
3008 5191 3117 5228 non
3154 5174 3416 5244 cognitus.
3460 5175 3657 5245 Sponte
3676 5170 3801 5226 hine
3826 5189 3915 5226 na·

2363 5257 2524 5309 scitur
2541 5255 2765 5328 suspicio
2783 5253 3089 5324 Dionysium
3103 5291 3118 5318 ,
3139 5251 3395 5307 misellum
3423 5249 3797 5322 geographiam,
3818 5250 3910 5321 qni

2364 5354 2429 5389 ex
2457 5331 2927 5389 Alexandrinorum
2948 5332 3145 5385 laciniis
3166 5348 3261 5385 sua
3284 5330 3561 5385 corradere
3574 5328 3731 5391 solet,
3746 5344 3911 5399 quum
