<?xml version="1.0" encoding="UTF-8"?>
<!DOCTYPE html PUBLIC "-//W3C//DTD XHTML 1.0 Transitional//EN"
    "http://www.w3.org/TR/xhtml1/DTD/xhtml1-transitional.dtd">
<html xmlns="http://www.w3.org/1999/xhtml" xml:lang="en" lang="en">
 <head>
  <title>
</title>
<meta http-equiv="Content-Type" content="text/html;charset=utf-8" />
  <meta name='ocr-system' content='tesseract 3.04.00' />
  <meta name='ocr-capabilities' content='ocr_page ocr_carea ocr_par ocr_line ocrx_word'/>
</head>
<body>
  <div class='ocr_page' id='page_1' title='image "./geographigraeci05mlgoog_0602.png"; bbox 0 0 4584 6284; ppageno 0'>
   <div class='ocr_carea' id='block_1_1' title="bbox 826 453 2680 525">
    <p class='ocr_par' dir='ltr' id='par_1_1' title="bbox 826 453 2680 525">
     <span class='ocr_line' id='line_1_1' title="bbox 826 453 2680 525; baseline 0.013 -24"><span class='ocrx_word' id='word_1_1' title='bbox 826 453 940 503; x_wconf 77' lang='lat'><strong>522</strong></span> <span class='ocrx_word' id='word_1_2' title='bbox 2138 459 2416 522; x_wconf 84' lang='lat' dir='ltr'><strong>TOTIUS</strong></span> <span class='ocrx_word' id='word_1_3' title='bbox 2458 463 2680 525; x_wconf 71' lang='lat' dir='ltr'><strong>omns</strong></span> 
     </span>
    </p>
   </div>
   <div class='ocr_carea' id='block_1_2' title="bbox 743 551 3996 1618">
    <p class='ocr_par' dir='ltr' id='par_1_2' title="bbox 743 551 3996 1618">
     <span class='ocr_line' id='line_1_2' title="bbox 743 551 2372 659; baseline 0.012 -35"><span class='ocrx_word' id='word_1_4' title='bbox 743 551 789 608; x_wconf 67' lang='grc' dir='ltr'><strong>Α</strong></span> <span class='ocrx_word' id='word_1_5' title='bbox 820 570 956 626; x_wconf 88' lang='lat' dir='ltr'><strong>dicia</strong></span> <span class='ocrx_word' id='word_1_6' title='bbox 993 584 1236 640; x_wconf 81' lang='lat' dir='ltr'><strong>vocatur;</strong></span> <span class='ocrx_word' id='word_1_7' title='bbox 1271 574 1337 631; x_wconf 90' lang='lat' dir='ltr'><strong>de</strong></span> <span class='ocrx_word' id='word_1_8' title='bbox 1364 595 1467 649; x_wconf 89' lang='lat' dir='ltr'><strong>qua</strong></span> <span class='ocrx_word' id='word_1_9' title='bbox 1503 582 1657 635; x_wconf 74' lang='lat' dir='ltr'><strong>voetis</strong></span> <span class='ocrx_word' id='word_1_10' title='bbox 1696 584 1805 637; x_wconf 83' lang='lat' dir='ltr'><strong>exit</strong></span> <span class='ocrx_word' id='word_1_11' title='bbox 1846 586 2113 639; x_wconf 86' lang='lat' dir='ltr'><strong>nominata</strong></span> <span class='ocrx_word' id='word_1_12' title='bbox 2149 606 2265 659; x_wconf 83' lang='lat' dir='ltr'><strong>quae</strong></span> <span class='ocrx_word' id='word_1_13' title='bbox 2291 588 2372 643; x_wconf 89' lang='lat' dir='ltr'><strong>di·</strong></span> 
     </span>
     <span class='ocr_line' id='line_1_3' title="bbox 816 658 3985 763; baseline 0.012 -52"><span class='ocrx_word' id='word_1_14' title='bbox 816 660 955 713; x_wconf 87' lang='lat' dir='ltr'><strong>citur</strong></span> <span class='ocrx_word' id='word_1_15' title='bbox 979 658 1297 719; x_wconf 75' lang='lat' dir='ltr'><strong>Laodicena.</strong></span> <span class='ocrx_word' id='word_1_16' title='bbox 2464 679 2656 735; x_wconf 83' lang='lat' dir='ltr'><strong>faciens</strong></span> <span class='ocrx_word' id='word_1_17' title='bbox 2685 692 2738 737; x_wconf 89' lang='grc' dir='ltr'><strong>ει</strong></span> <span class='ocrx_word' id='word_1_18' title='bbox 2757 680 2961 754; x_wconf 87' lang='lat' dir='ltr'><strong>replens</strong></span> <span class='ocrx_word' id='word_1_19' title='bbox 2985 683 3108 738; x_wconf 87' lang='lat' dir='ltr'><strong>alias</strong></span> <span class='ocrx_word' id='word_1_20' title='bbox 3132 686 3387 755; x_wconf 73' lang='lat' dir='ltr'>regiones.</span> <span class='ocrx_word' id='word_1_21' title='bbox 3446 689 3591 741; x_wconf 85' lang='lat' dir='ltr'><strong>Duas</strong></span> <span class='ocrx_word' id='word_1_22' title='bbox 3618 688 3772 745; x_wconf 83' lang='lat' dir='ltr'><strong>habet</strong></span> <span class='ocrx_word' id='word_1_23' title='bbox 3795 693 3985 763; x_wconf 83' lang='lat' dir='ltr'><strong>Pergen</strong></span> 
     </span>
     <span class='ocr_line' id='line_1_4' title="bbox 886 747 3282 839; baseline 0.01 -39"><span class='ocrx_word' id='word_1_24' title='bbox 886 747 977 811; x_wconf 84' lang='lat'><strong>43.</strong></span> <span class='ocrx_word' id='word_1_25' title='bbox 1024 748 1164 802; x_wconf 84' lang='lat' dir='ltr'><strong>Huic</strong></span> <span class='ocrx_word' id='word_1_26' title='bbox 1212 752 1450 823; x_wconf 85' lang='lat' dir='ltr'><strong>superius</strong></span> <span class='ocrx_word' id='word_1_27' title='bbox 1492 756 1742 810; x_wconf 88' lang='lat' dir='ltr'><strong>Armenia</strong></span> <span class='ocrx_word' id='word_1_28' title='bbox 1792 758 1971 811; x_wconf 82' lang='lat' dir='ltr'><strong>Minor</strong></span> <span class='ocrx_word' id='word_1_29' title='bbox 2014 758 2368 831; x_wconf 87' lang='lat' dir='ltr'><strong>conjungitur,</strong></span> <span class='ocrx_word' id='word_1_30' title='bbox 2461 778 2514 820; x_wconf 90' lang='lat' dir='ltr'><strong>et</strong></span> <span class='ocrx_word' id='word_1_31' title='bbox 2533 768 2690 821; x_wconf 87' lang='lat' dir='ltr'><strong>Siden</strong></span> <span class='ocrx_word' id='word_1_32' title='bbox 2717 766 3013 839; x_wconf 86' lang='lat' dir='ltr'><strong>splendidas</strong></span> <span class='ocrx_word' id='word_1_33' title='bbox 3031 770 3282 825; x_wconf 61' lang='lat' dir='ltr'><strong>civitates.</strong></span> 
     </span>
     <span class='ocr_line' id='line_1_5' title="bbox 814 837 3996 927; baseline 0.01 -41"><span class='ocrx_word' id='word_1_34' title='bbox 814 851 933 905; x_wconf 80' lang='lat' dir='ltr'><strong>quae</strong></span> <span class='ocrx_word' id='word_1_35' title='bbox 958 837 1165 906; x_wconf 80' lang='lat' dir='ltr'>equites</span> <span class='ocrx_word' id='word_1_36' title='bbox 1188 848 1241 892; x_wconf 90' lang='lat' dir='ltr'><strong>et</strong></span> <span class='ocrx_word' id='word_1_37' title='bbox 1267 842 1563 909; x_wconf 76' lang='lat' dir='ltr'><strong>sagittarios</strong></span> <span class='ocrx_word' id='word_1_38' title='bbox 1589 843 1739 897; x_wconf 86' lang='lat' dir='ltr'><strong>utiles</strong></span> <span class='ocrx_word' id='word_1_39' title='bbox 1764 847 1943 900; x_wconf 89' lang='lat' dir='ltr'><strong>mittit.</strong></span> <span class='ocrx_word' id='word_1_40' title='bbox 2529 857 2616 917; x_wconf 89' lang='lat'><strong>46.</strong></span> <span class='ocrx_word' id='word_1_41' title='bbox 2669 855 2794 907; x_wconf 83' lang='lat' dir='ltr'><strong>Post</strong></span> <span class='ocrx_word' id='word_1_42' title='bbox 2833 852 2970 908; x_wconf 86' lang='lat' dir='ltr'><strong>hanc</strong></span> <span class='ocrx_word' id='word_1_43' title='bbox 3017 857 3175 927; x_wconf 80' lang='lat' dir='ltr'><strong>Lycia</strong></span> <span class='ocrx_word' id='word_1_44' title='bbox 3219 856 3363 927; x_wconf 87' lang='lat' dir='ltr'><strong>regio</strong></span> <span class='ocrx_word' id='word_1_45' title='bbox 3399 857 3499 911; x_wconf 84' lang='lat' dir='ltr'><strong>sibi</strong></span> <span class='ocrx_word' id='word_1_46' title='bbox 3543 858 3800 915; x_wconf 83' lang='lat' dir='ltr'><strong>sufficiens</strong></span> <span class='ocrx_word' id='word_1_47' title='bbox 3847 864 3996 919; x_wconf 80' lang='lat' dir='ltr'><strong>habet</strong></span> 
     </span>
     <span class='ocr_line' id='line_1_6' title="bbox 887 922 3994 1015; baseline 0.01 -42"><span class='ocrx_word' id='word_1_48' title='bbox 887 924 975 983; x_wconf 88' lang='grc'><strong>44.</strong></span> <span class='ocrx_word' id='word_1_49' title='bbox 1004 922 1211 977; x_wconf 81' lang='lat' dir='ltr'><strong>Deinde</strong></span> <span class='ocrx_word' id='word_1_50' title='bbox 1230 925 1579 997; x_wconf 75' lang='lat' dir='ltr'><strong>Paphlagonia</strong></span> <span class='ocrx_word' id='word_1_51' title='bbox 1604 939 1655 983; x_wconf 90' lang='lat' dir='ltr'><strong>et</strong></span> <span class='ocrx_word' id='word_1_52' title='bbox 1678 931 1906 997; x_wconf 81' lang='lat' dir='ltr'><strong>Pontus,</strong></span> <span class='ocrx_word' id='word_1_53' title='bbox 1940 950 2057 1005; x_wconf 85' lang='lat' dir='ltr'><strong>quae</strong></span> <span class='ocrx_word' id='word_1_54' title='bbox 2082 934 2221 988; x_wconf 85' lang='lat' dir='ltr'><strong>viros</strong></span> <span class='ocrx_word' id='word_1_55' title='bbox 2240 937 2368 989; x_wconf 90' lang='lat' dir='ltr'><strong>emi·</strong></span> <span class='ocrx_word' id='word_1_56' title='bbox 2409 969 2417 1001; x_wconf 78' lang='grc'>,</span> <span class='ocrx_word' id='word_1_57' title='bbox 2460 948 2694 993; x_wconf 86' lang='grc' dir='ltr'><strong>ιιιοιιιειιι</strong></span> <span class='ocrx_word' id='word_1_58' title='bbox 2731 940 3022 993; x_wconf 84' lang='lat' dir='ltr'><strong>maximum</strong></span> <span class='ocrx_word' id='word_1_59' title='bbox 3053 942 3266 995; x_wconf 87' lang='lat' dir='ltr'><strong>nomine</strong></span> <span class='ocrx_word' id='word_1_60' title='bbox 3292 943 3614 1008; x_wconf 87' lang='lat' dir='ltr'><strong>Caucasum,</strong></span> <span class='ocrx_word' id='word_1_61' title='bbox 3658 962 3764 1015; x_wconf 91' lang='lat' dir='ltr'><strong>quo</strong></span> <span class='ocrx_word' id='word_1_62' title='bbox 3786 965 3892 1001; x_wconf 88' lang='lat' dir='ltr'><strong>non</strong></span> <span class='ocrx_word' id='word_1_63' title='bbox 3919 960 3994 1003; x_wconf 74' lang='lat' dir='ltr'><strong>est</strong></span> 
     </span>
     <span class='ocr_line' id='line_1_7' title="bbox 813 1009 3378 1097; baseline 0.009 -37"><span class='ocrx_word' id='word_1_64' title='bbox 813 1018 997 1062; x_wconf 81' lang='lat' dir='ltr'><strong>nentes</strong></span> <span class='ocrx_word' id='word_1_65' title='bbox 1024 1020 1077 1064; x_wconf 90' lang='lat' dir='ltr'><strong>et</strong></span> <span class='ocrx_word' id='word_1_66' title='bbox 1103 1009 1292 1065; x_wconf 78' lang='lat' dir='ltr'><strong>divites</strong></span> <span class='ocrx_word' id='word_1_67' title='bbox 1308 1012 1528 1079; x_wconf 85' lang='lat' dir='ltr'><strong>habent,</strong></span> <span class='ocrx_word' id='word_1_68' title='bbox 1545 1016 1697 1070; x_wconf 89' lang='lat' dir='ltr'><strong>sicuti</strong></span> <span class='ocrx_word' id='word_1_69' title='bbox 1716 1018 2050 1091; x_wconf 79' lang='lat' dir='ltr'><strong>Cappadoces</strong></span> <span class='ocrx_word' id='word_1_70' title='bbox 2064 1034 2119 1075; x_wconf 89' lang='lat' dir='ltr'><strong>et</strong></span> <span class='ocrx_word' id='word_1_71' title='bbox 2136 1022 2365 1091; x_wconf 84' lang='lat' dir='ltr'><strong>Galatae·</strong></span> <span class='ocrx_word' id='word_1_72' title='bbox 2456 1024 2612 1091; x_wconf 89' lang='lat' dir='ltr'><strong>alius,</strong></span> <span class='ocrx_word' id='word_1_73' title='bbox 2643 1036 2704 1079; x_wconf 88' lang='lat' dir='ltr'><strong>ut</strong></span> <span class='ocrx_word' id='word_1_74' title='bbox 2722 1023 2902 1097; x_wconf 83' lang='lat' dir='ltr'><strong>ajunt,</strong></span> <span class='ocrx_word' id='word_1_75' title='bbox 2931 1024 3098 1097; x_wconf 88' lang='lat' dir='ltr'><strong>major</strong></span> <span class='ocrx_word' id='word_1_76' title='bbox 3109 1026 3209 1081; x_wconf 84' lang='lat' dir='ltr'><strong>suh</strong></span> <span class='ocrx_word' id='word_1_77' title='bbox 3228 1028 3378 1082; x_wconf 88' lang='lat' dir='ltr'><strong>coelo.</strong></span> 
     </span>
     <span class='ocr_line' id='line_1_8' title="bbox 812 1092 3994 1191; baseline 0.008 -44"><span class='ocrx_word' id='word_1_78' title='bbox 812 1092 1052 1150; x_wconf 89' lang='lat' dir='ltr'><strong>doctrina</strong></span> <span class='ocrx_word' id='word_1_79' title='bbox 1072 1114 1283 1169; x_wconf 88' lang='lat' dir='ltr'><strong>quoque</strong></span> <span class='ocrx_word' id='word_1_80' title='bbox 1304 1110 1354 1153; x_wconf 89' lang='grc' dir='ltr'><strong>ει</strong></span> <span class='ocrx_word' id='word_1_81' title='bbox 1373 1100 1618 1156; x_wconf 86' lang='lat' dir='ltr'><strong>omnibus</strong></span> <span class='ocrx_word' id='word_1_82' title='bbox 1640 1102 1797 1158; x_wconf 87' lang='lat' dir='ltr'><strong>bonis</strong></span> <span class='ocrx_word' id='word_1_83' title='bbox 1822 1118 2019 1162; x_wconf 84' lang='lat' dir='ltr'><strong>ornatae</strong></span> <span class='ocrx_word' id='word_1_84' title='bbox 2057 1119 2207 1175; x_wconf 90' lang='lat' dir='ltr'><strong>sunt;</strong></span> <span class='ocrx_word' id='word_1_85' title='bbox 2244 1129 2368 1165; x_wconf 86' lang='lat' dir='ltr'><strong>mu-</strong></span> <span class='ocrx_word' id='word_1_86' title='bbox 2530 1114 2617 1181; x_wconf 89' lang='lat'><strong>47.</strong></span> <span class='ocrx_word' id='word_1_87' title='bbox 2650 1114 2776 1165; x_wconf 86' lang='lat' dir='ltr'><strong>Post</strong></span> <span class='ocrx_word' id='word_1_88' title='bbox 2803 1112 3020 1184; x_wconf 82' lang='lat' dir='ltr'><strong>Lyciam</strong></span> <span class='ocrx_word' id='word_1_89' title='bbox 3043 1114 3270 1167; x_wconf 78' lang='lat' dir='ltr'><strong>maxima</strong></span> <span class='ocrx_word' id='word_1_90' title='bbox 3291 1115 3442 1176; x_wconf 78' lang='lat' dir='ltr'><strong>Asia,</strong></span> <span class='ocrx_word' id='word_1_91' title='bbox 3472 1132 3589 1185; x_wconf 81' lang='lat' dir='ltr'><strong>quae</strong></span> <span class='ocrx_word' id='word_1_92' title='bbox 3609 1116 3851 1171; x_wconf 86' lang='lat' dir='ltr'><strong>omnibus</strong></span> <span class='ocrx_word' id='word_1_93' title='bbox 3876 1137 3994 1191; x_wconf 85' lang='lat' dir='ltr'><strong>pro·</strong></span> 
     </span>
     <span class='ocr_line' id='line_1_9' title="bbox 812 1183 3992 1270; baseline 0.007 -33"><span class='ocrx_word' id='word_1_94' title='bbox 812 1183 962 1238; x_wconf 88' lang='lat' dir='ltr'><strong>lieres</strong></span> <span class='ocrx_word' id='word_1_95' title='bbox 1016 1203 1145 1240; x_wconf 80' lang='lat' dir='ltr'><strong>vero</strong></span> <span class='ocrx_word' id='word_1_96' title='bbox 1187 1188 1343 1241; x_wconf 88' lang='lat' dir='ltr'><strong>nimis</strong></span> <span class='ocrx_word' id='word_1_97' title='bbox 1384 1189 1633 1245; x_wconf 89' lang='lat' dir='ltr'><strong>candidas</strong></span> <span class='ocrx_word' id='word_1_98' title='bbox 1676 1192 1872 1247; x_wconf 85' lang='lat' dir='ltr'><strong>habent</strong></span> <span class='ocrx_word' id='word_1_99' title='bbox 1924 1206 1978 1249; x_wconf 87' lang='lat' dir='ltr'><strong>et</strong></span> <span class='ocrx_word' id='word_1_100' title='bbox 2034 1198 2173 1250; x_wconf 79' lang='lat' dir='ltr'><strong>viros</strong></span> <span class='ocrx_word' id='word_1_101' title='bbox 2236 1216 2368 1270; x_wconf 87' lang='lat' dir='ltr'><strong>pru·</strong></span> <span class='ocrx_word' id='word_1_102' title='bbox 2459 1199 2640 1251; x_wconf 85' lang='lat' dir='ltr'><strong>vinciis</strong></span> <span class='ocrx_word' id='word_1_103' title='bbox 2657 1200 2869 1265; x_wconf 88' lang='lat' dir='ltr'><strong>eminet,</strong></span> <span class='ocrx_word' id='word_1_104' title='bbox 2897 1210 2951 1252; x_wconf 91' lang='lat' dir='ltr'><strong>et</strong></span> <span class='ocrx_word' id='word_1_105' title='bbox 2972 1198 3124 1253; x_wconf 85' lang='lat' dir='ltr'><strong>habet</strong></span> <span class='ocrx_word' id='word_1_106' title='bbox 3139 1199 3540 1253; x_wconf 74' lang='lat' dir='ltr'><strong>mnumerabiles</strong></span> <span class='ocrx_word' id='word_1_107' title='bbox 3559 1202 3808 1268; x_wconf 79' lang='lat' dir='ltr'><strong>civitates,</strong></span> <span class='ocrx_word' id='word_1_108' title='bbox 3835 1207 3992 1259; x_wconf 88' lang='lat' dir='ltr'><strong>maxi·</strong></span> 
     </span>
     <span class='ocr_line' id='line_1_10' title="bbox 811 1272 3994 1358; baseline 0.006 -32"><span class='ocrx_word' id='word_1_109' title='bbox 811 1272 996 1329; x_wconf 88' lang='lat' dir='ltr'><strong>dentes</strong></span> <span class='ocrx_word' id='word_1_110' title='bbox 1050 1286 1103 1330; x_wconf 90' lang='lat' dir='ltr'><strong>et</strong></span> <span class='ocrx_word' id='word_1_111' title='bbox 1154 1276 1304 1330; x_wconf 78' lang='lat' dir='ltr'><strong>valde</strong></span> <span class='ocrx_word' id='word_1_112' title='bbox 1352 1276 1562 1345; x_wconf 74' lang='lat' dir='ltr'><strong>fideles,</strong></span> <span class='ocrx_word' id='word_1_113' title='bbox 1616 1290 1819 1334; x_wconf 87' lang='lat' dir='ltr'><strong>naturae</strong></span> <span class='ocrx_word' id='word_1_114' title='bbox 1859 1282 1913 1335; x_wconf 91' lang='lat' dir='ltr'><strong>in</strong></span> <span class='ocrx_word' id='word_1_115' title='bbox 1940 1302 1997 1337; x_wconf 89' lang='lat' dir='ltr'><strong>se</strong></span> <span class='ocrx_word' id='word_1_116' title='bbox 2026 1283 2227 1339; x_wconf 86' lang='lat' dir='ltr'><strong>bonum</strong></span> <span class='ocrx_word' id='word_1_117' title='bbox 2272 1287 2365 1340; x_wconf 90' lang='lat' dir='ltr'><strong>ha·</strong></span> <span class='ocrx_word' id='word_1_118' title='bbox 2458 1302 2564 1337; x_wconf 83' lang='lat' dir='ltr'><strong>mas</strong></span> <span class='ocrx_word' id='word_1_119' title='bbox 2594 1303 2717 1338; x_wconf 87' lang='lat' dir='ltr'><strong>vero</strong></span> <span class='ocrx_word' id='word_1_120' title='bbox 2760 1295 2814 1339; x_wconf 88' lang='lat' dir='ltr'><strong>et</strong></span> <span class='ocrx_word' id='word_1_121' title='bbox 2855 1286 2993 1339; x_wconf 84' lang='lat' dir='ltr'><strong>circa</strong></span> <span class='ocrx_word' id='word_1_122' title='bbox 3039 1303 3179 1339; x_wconf 87' lang='lat' dir='ltr'><strong>mare</strong></span> <span class='ocrx_word' id='word_1_123' title='bbox 3221 1284 3407 1339; x_wconf 87' lang='lat' dir='ltr'><strong>multas</strong></span> <span class='ocrx_word' id='word_1_124' title='bbox 3456 1285 3674 1358; x_wconf 89' lang='lat' dir='ltr'><strong>quidem</strong></span> <span class='ocrx_word' id='word_1_125' title='bbox 3719 1288 3904 1355; x_wconf 84' lang='lat' dir='ltr'><strong>habet,</strong></span> <span class='ocrx_word' id='word_1_126' title='bbox 3932 1310 3994 1345; x_wconf 84' lang='lat' dir='ltr'><strong>ex</strong></span> 
     </span>
     <span class='ocr_line' id='line_1_11' title="bbox 811 1359 3995 1445; baseline 0.004 -30"><span class='ocrx_word' id='word_1_127' title='bbox 811 1359 1014 1417; x_wconf 86' lang='lat' dir='ltr'><strong>bentes.</strong></span> <span class='ocrx_word' id='word_1_128' title='bbox 2458 1369 2649 1441; x_wconf 87' lang='lat' dir='ltr'><strong>quibus</strong></span> <span class='ocrx_word' id='word_1_129' title='bbox 2691 1370 2959 1443; x_wconf 80' lang='lat' dir='ltr'><strong>Ephesum</strong></span> <span class='ocrx_word' id='word_1_130' title='bbox 3009 1372 3280 1425; x_wconf 86' lang='lat' dir='ltr'><strong>nominare</strong></span> <span class='ocrx_word' id='word_1_131' title='bbox 3319 1374 3667 1425; x_wconf 74' lang='lat' dir='ltr'><strong>necessarium</strong></span> <span class='ocrx_word' id='word_1_132' title='bbox 3699 1382 3861 1445; x_wconf 83' lang='lat' dir='ltr'><strong>puto;</strong></span> <span class='ocrx_word' id='word_1_133' title='bbox 3889 1375 3995 1429; x_wconf 72' lang='lat' dir='ltr'><strong>haee</strong></span> 
     </span>
     <span class='ocr_line' id='line_1_12' title="bbox 882 1448 3992 1531; baseline 0.005 -31"><span class='ocrx_word' id='word_1_134' title='bbox 882 1448 973 1511; x_wconf 90' lang='grc'><strong>45.</strong></span> <span class='ocrx_word' id='word_1_135' title='bbox 1004 1449 1129 1503; x_wconf 87' lang='lat' dir='ltr'><strong>Post</strong></span> <span class='ocrx_word' id='word_1_136' title='bbox 1156 1449 1385 1504; x_wconf 76' lang='lat' dir='ltr'><strong>Ciliciam</strong></span> <span class='ocrx_word' id='word_1_137' title='bbox 1414 1452 1682 1523; x_wconf 85' lang='lat' dir='ltr'><strong>[oc]currit</strong></span> <span class='ocrx_word' id='word_1_138' title='bbox 1696 1454 1894 1508; x_wconf 76' lang='lat' dir='ltr'><strong>Isauria</strong></span> <span class='ocrx_word' id='word_1_139' title='bbox 1914 1495 1929 1520; x_wconf 91' lang='lat'><strong>,</strong></span> <span class='ocrx_word' id='word_1_140' title='bbox 1953 1472 2070 1527; x_wconf 64' lang='lat' dir='ltr'><strong>quae</strong></span> <span class='ocrx_word' id='word_1_141' title='bbox 2090 1456 2229 1510; x_wconf 80' lang='lat' dir='ltr'><strong>viros</strong></span> <span class='ocrx_word' id='word_1_142' title='bbox 2250 1456 2358 1511; x_wconf 77' lang='lat' dir='ltr'><strong>sor·</strong></span> <span class='ocrx_word' id='word_1_143' title='bbox 2455 1469 2665 1529; x_wconf 88' lang='lat' dir='ltr'><strong>portum</strong></span> <span class='ocrx_word' id='word_1_144' title='bbox 2694 1458 2887 1513; x_wconf 87' lang='lat' dir='ltr'><strong>habere</strong></span> <span class='ocrx_word' id='word_1_145' title='bbox 2912 1457 3105 1513; x_wconf 87' lang='lat' dir='ltr'><strong>dicitur</strong></span> <span class='ocrx_word' id='word_1_146' title='bbox 3147 1459 3491 1531; x_wconf 68' lang='lat' dir='ltr'><strong>praecipuum.</strong></span> <span class='ocrx_word' id='word_1_147' title='bbox 3534 1458 3784 1513; x_wconf 77' lang='lat' dir='ltr'><strong>Similiter</strong></span> <span class='ocrx_word' id='word_1_148' title='bbox 3819 1471 3992 1515; x_wconf 88' lang='lat' dir='ltr'><strong>autem</strong></span> 
     </span>
     <span class='ocr_line' id='line_1_13' title="bbox 814 1535 3992 1618; baseline 0.004 -31"><span class='ocrx_word' id='word_1_149' title='bbox 814 1543 891 1587; x_wconf 87' lang='lat' dir='ltr'><strong>tes</strong></span> <span class='ocrx_word' id='word_1_150' title='bbox 922 1545 975 1589; x_wconf 90' lang='lat' dir='ltr'><strong>et</strong></span> <span class='ocrx_word' id='word_1_151' title='bbox 999 1535 1365 1591; x_wconf 74' lang='lat' dir='ltr'><strong>latrocinantes</strong></span> <span class='ocrx_word' id='word_1_152' title='bbox 1392 1538 1600 1592; x_wconf 90' lang='lat' dir='ltr'><strong>emittit.</strong></span> <span class='ocrx_word' id='word_1_153' title='bbox 1642 1540 1767 1594; x_wconf 86' lang='lat' dir='ltr'><strong>Post</strong></span> <span class='ocrx_word' id='word_1_154' title='bbox 1792 1558 1947 1613; x_wconf 89' lang='lat' dir='ltr'><strong>quam</strong></span> <span class='ocrx_word' id='word_1_155' title='bbox 1963 1552 2037 1596; x_wconf 88' lang='lat' dir='ltr'><strong>est</strong></span> <span class='ocrx_word' id='word_1_156' title='bbox 2058 1544 2365 1615; x_wconf 77' lang='lat' dir='ltr'><strong>Pamphylia</strong></span> <span class='ocrx_word' id='word_1_157' title='bbox 2454 1554 2506 1597; x_wconf 89' lang='lat' dir='ltr'><strong>et</strong></span> <span class='ocrx_word' id='word_1_158' title='bbox 2530 1546 2751 1616; x_wconf 73' lang='lat' dir='ltr'><strong>Smyrna</strong></span> <span class='ocrx_word' id='word_1_159' title='bbox 2774 1546 2952 1599; x_wconf 74' lang='lat' dir='ltr'><strong>civitas</strong></span> <span class='ocrx_word' id='word_1_160' title='bbox 2977 1544 3264 1617; x_wconf 85' lang='lat' dir='ltr'><strong>splendida.</strong></span> <span class='ocrx_word' id='word_1_161' title='bbox 3296 1546 3459 1616; x_wconf 82' lang='lat' dir='ltr'><strong>Regio</strong></span> <span class='ocrx_word' id='word_1_162' title='bbox 3487 1555 3665 1599; x_wconf 88' lang='lat' dir='ltr'><strong>autem</strong></span> <span class='ocrx_word' id='word_1_163' title='bbox 3695 1556 3802 1599; x_wconf 89' lang='lat' dir='ltr'><strong>tota</strong></span> <span class='ocrx_word' id='word_1_164' title='bbox 3834 1546 3992 1618; x_wconf 76' lang='lat' dir='ltr'><strong>frugi·</strong></span> 
     </span>
    </p>
   </div>
   <div class='ocr_carea' id='block_1_3' title="bbox 827 1680 3989 1711">
    <p class='ocr_par' dir='ltr' id='par_1_3' title="bbox 827 1680 3989 1711">
     <span class='ocr_line' id='line_1_14' title="bbox 827 1680 3989 1711; baseline 0.001 -18"><span class='ocrx_word' id='word_1_165' title='bbox 827 1680 3989 1711; x_wconf 53' lang='grc' dir='ltr'>Μ</span> 
     </span>
    </p>
   </div>
   <div class='ocr_carea' id='block_1_4' title="bbox 729 1772 3994 2951">
    <p class='ocr_par' dir='ltr' id='par_1_4' title="bbox 729 1772 2362 2005">
     <span class='ocr_line' id='line_1_15' title="bbox 729 1772 2362 1841; baseline 0.007 -18"><span class='ocrx_word' id='word_1_166' title='bbox 729 1772 777 1832; x_wconf 87' lang='grc' dir='ltr'><strong>Β</strong></span> <span class='ocrx_word' id='word_1_167' title='bbox 808 1775 943 1841; x_wconf 81' lang='lat' dir='ltr'><strong>Quae</strong></span> <span class='ocrx_word' id='word_1_168' title='bbox 977 1783 1031 1826; x_wconf 87' lang='lat' dir='ltr'><strong>ct</strong></span> <span class='ocrx_word' id='word_1_169' title='bbox 1074 1773 1334 1829; x_wconf 65' lang='lat' dir='ltr'><strong>cisitatem</strong></span> <span class='ocrx_word' id='word_1_170' title='bbox 1376 1778 1653 1832; x_wconf 82' lang='lat' dir='ltr'><strong>maximam</strong></span> <span class='ocrx_word' id='word_1_171' title='bbox 1694 1779 1885 1834; x_wconf 86' lang='lat' dir='ltr'><strong>habere</strong></span> <span class='ocrx_word' id='word_1_172' title='bbox 1929 1779 2125 1835; x_wconf 83' lang='lat' dir='ltr'><strong>dicitur</strong></span> <span class='ocrx_word' id='word_1_173' title='bbox 2168 1782 2362 1835; x_wconf 87' lang='lat' dir='ltr'><strong>Laodi-</strong></span> 
     </span>
     <span class='ocr_line' id='line_1_16' title="bbox 807 1862 2361 1941; baseline 0.006 -26"><span class='ocrx_word' id='word_1_174' title='bbox 807 1862 979 1927; x_wconf 82' lang='lat' dir='ltr'><strong>ciam,</strong></span> <span class='ocrx_word' id='word_1_175' title='bbox 1005 1879 1125 1934; x_wconf 83' lang='lat' dir='ltr'><strong>quae</strong></span> <span class='ocrx_word' id='word_1_176' title='bbox 1152 1874 1343 1917; x_wconf 67' lang='lat' dir='ltr'><strong>voetem</strong></span> <span class='ocrx_word' id='word_1_177' title='bbox 1369 1864 1529 1920; x_wconf 78' lang='lat' dir='ltr'><strong>solam</strong></span> <span class='ocrx_word' id='word_1_178' title='bbox 1558 1878 1611 1921; x_wconf 87' lang='lat' dir='ltr'><strong>et</strong></span> <span class='ocrx_word' id='word_1_179' title='bbox 1638 1870 1957 1923; x_wconf 80' lang='lat' dir='ltr'><strong>nominatam</strong></span> <span class='ocrx_word' id='word_1_180' title='bbox 1980 1870 2212 1934; x_wconf 84' lang='lat' dir='ltr'><strong>emittat,</strong></span> <span class='ocrx_word' id='word_1_181' title='bbox 2241 1889 2361 1941; x_wconf 80' lang='lat' dir='ltr'><strong>quae</strong></span> 
     </span>
     <span class='ocr_line' id='line_1_17' title="bbox 806 1948 1467 2005; baseline 0.008 -5"><span class='ocrx_word' id='word_1_182' title='bbox 806 1948 883 2001; x_wconf 91' lang='lat' dir='ltr'><strong>sic</strong></span> <span class='ocrx_word' id='word_1_183' title='bbox 908 1958 1127 2002; x_wconf 83' lang='lat' dir='ltr'><strong>vocatur</strong></span> <span class='ocrx_word' id='word_1_184' title='bbox 1154 1948 1467 2005; x_wconf 79' lang='lat' dir='ltr'><strong>Laodicena.</strong></span> 
     </span>
    </p>

    <p class='ocr_par' dir='ltr' id='par_1_5' title="bbox 803 2034 2356 2262">
     <span class='ocr_line' id='line_1_18' title="bbox 868 2034 2356 2115; baseline 0.006 -27.061"><span class='ocrx_word' id='word_1_185' title='bbox 868 2034 971 2099; x_wconf 90' lang='grc'><strong>-43.</strong></span> <span class='ocrx_word' id='word_1_186' title='bbox 1024 2034 1229 2089; x_wconf 79' lang='lat' dir='ltr'><strong>Deinde</strong></span> <span class='ocrx_word' id='word_1_187' title='bbox 1264 2036 1421 2109; x_wconf 86' lang='lat' dir='ltr'><strong>hujus</strong></span> <span class='ocrx_word' id='word_1_188' title='bbox 1462 2056 1619 2111; x_wconf 86' lang='lat' dir='ltr'><strong>supra</strong></span> <span class='ocrx_word' id='word_1_189' title='bbox 1666 2042 1915 2096; x_wconf 82' lang='lat' dir='ltr'><strong>Armenia</strong></span> <span class='ocrx_word' id='word_1_190' title='bbox 1962 2045 2162 2115; x_wconf 82' lang='lat' dir='ltr'><strong>Minor,</strong></span> <span class='ocrx_word' id='word_1_191' title='bbox 2199 2061 2356 2115; x_wconf 87' lang='lat' dir='ltr'><strong>quam</strong></span> 
     </span>
     <span class='ocr_line' id='line_1_19' title="bbox 804 2123 2358 2201; baseline 0.008 -27"><span class='ocrx_word' id='word_1_192' title='bbox 804 2123 1007 2193; x_wconf 86' lang='lat' dir='ltr'><strong>equites</strong></span> <span class='ocrx_word' id='word_1_193' title='bbox 1055 2133 1108 2176; x_wconf 92' lang='lat' dir='ltr'><strong>et</strong></span> <span class='ocrx_word' id='word_1_194' title='bbox 1148 2124 1437 2194; x_wconf 80' lang='lat' dir='ltr'><strong>sagittarios</strong></span> <span class='ocrx_word' id='word_1_195' title='bbox 1488 2136 1733 2198; x_wconf 70' lang='lat' dir='ltr'><strong>praestare</strong></span> <span class='ocrx_word' id='word_1_196' title='bbox 1770 2126 1918 2201; x_wconf 82' lang='lat' dir='ltr'><strong>ajunt</strong></span> <span class='ocrx_word' id='word_1_197' title='bbox 1968 2132 2119 2185; x_wconf 86' lang='lat' dir='ltr'><strong>utiles</strong></span> <span class='ocrx_word' id='word_1_198' title='bbox 2145 2131 2211 2185; x_wconf 86' lang='lat' dir='ltr'><strong>ad</strong></span> <span class='ocrx_word' id='word_1_199' title='bbox 2251 2130 2358 2185; x_wconf 81' lang='lat' dir='ltr'><strong>bel-</strong></span> 
     </span>
     <span class='ocr_line' id='line_1_20' title="bbox 803 2208 934 2262; baseline -0.009 0"><span class='ocrx_word' id='word_1_200' title='bbox 803 2208 934 2262; x_wconf 88' lang='lat' dir='ltr'><strong>lum.</strong></span> 
     </span>
    </p>

    <p class='ocr_par' dir='ltr' id='par_1_6' title="bbox 797 2296 3994 2951">
     <span class='ocr_line' id='line_1_21' title="bbox 873 2296 2353 2371; baseline 0.007 -22"><span class='ocrx_word' id='word_1_201' title='bbox 873 2300 963 2361; x_wconf 90' lang='grc'><strong>44.</strong></span> <span class='ocrx_word' id='word_1_202' title='bbox 1006 2296 1213 2351; x_wconf 87' lang='lat' dir='ltr'><strong>Deinde</strong></span> <span class='ocrx_word' id='word_1_203' title='bbox 1242 2298 1591 2371; x_wconf 78' lang='lat' dir='ltr'><strong>Paphlagonia</strong></span> <span class='ocrx_word' id='word_1_204' title='bbox 1617 2312 1671 2356; x_wconf 89' lang='lat' dir='ltr'><strong>et</strong></span> <span class='ocrx_word' id='word_1_205' title='bbox 1708 2305 1908 2358; x_wconf 79' lang='lat' dir='ltr'><strong>Pontus</strong></span> <span class='ocrx_word' id='word_1_206' title='bbox 1944 2305 2175 2359; x_wconf 75' lang='lat' dir='ltr'><strong>vir-onum</strong></span> <span class='ocrx_word' id='word_1_207' title='bbox 2217 2304 2353 2359; x_wconf 78' lang='lat' dir='ltr'><strong>divi·</strong></span> 
     </span>
     <span class='ocr_line' id='line_1_22' title="bbox 802 2384 2354 2465; baseline 0.007 -28"><span class='ocrx_word' id='word_1_208' title='bbox 802 2393 919 2438; x_wconf 90' lang='lat' dir='ltr'><strong>tum</strong></span> <span class='ocrx_word' id='word_1_209' title='bbox 944 2384 1196 2439; x_wconf 81' lang='lat' dir='ltr'><strong>habitatio</strong></span> <span class='ocrx_word' id='word_1_210' title='bbox 1222 2396 1273 2440; x_wconf 90' lang='lat' dir='ltr'><strong>et</strong></span> <span class='ocrx_word' id='word_1_211' title='bbox 1298 2385 1449 2441; x_wconf 80' lang='lat' dir='ltr'><strong>valde</strong></span> <span class='ocrx_word' id='word_1_212' title='bbox 1482 2390 1855 2458; x_wconf 87' lang='lat' dir='ltr'><strong>eminentium,</strong></span> <span class='ocrx_word' id='word_1_213' title='bbox 1884 2392 2121 2446; x_wconf 86' lang='lat' dir='ltr'><strong>similiter</strong></span> <span class='ocrx_word' id='word_1_214' title='bbox 2152 2394 2354 2465; x_wconf 88' lang='lat' dir='ltr'><strong>Cappa-</strong></span> 
     </span>
     <span class='ocr_line' id='line_1_23' title="bbox 797 2468 3994 2549; baseline 0.005 -27"><span class='ocrx_word' id='word_1_215' title='bbox 797 2468 1019 2524; x_wconf 86' lang='lat' dir='ltr'><strong>docibus</strong></span> <span class='ocrx_word' id='word_1_216' title='bbox 1044 2481 1098 2525; x_wconf 91' lang='lat' dir='ltr'><strong>et</strong></span> <span class='ocrx_word' id='word_1_217' title='bbox 1123 2470 1345 2537; x_wconf 88' lang='lat' dir='ltr'><strong>Galatis,</strong></span> <span class='ocrx_word' id='word_1_218' title='bbox 1372 2473 1429 2527; x_wconf 89' lang='lat' dir='ltr'><strong>in</strong></span> <span class='ocrx_word' id='word_1_219' title='bbox 1458 2472 1697 2529; x_wconf 86' lang='lat' dir='ltr'><strong>doctrina</strong></span> <span class='ocrx_word' id='word_1_220' title='bbox 1724 2494 1939 2549; x_wconf 89' lang='lat' dir='ltr'><strong>quoque</strong></span> <span class='ocrx_word' id='word_1_221' title='bbox 1950 2488 2003 2531; x_wconf 96' lang='grc' dir='ltr'><strong>ει</strong></span> <span class='ocrx_word' id='word_1_222' title='bbox 2024 2478 2079 2531; x_wconf 90' lang='lat' dir='ltr'><strong>in</strong></span> <span class='ocrx_word' id='word_1_223' title='bbox 2107 2478 2354 2532; x_wconf 83' lang='lat' dir='ltr'><strong>omnibus</strong></span> <span class='ocrx_word' id='word_1_224' title='bbox 2441 2480 2730 2547; x_wconf 80' lang='lat' dir='ltr'><strong>sufficiens,</strong></span> <span class='ocrx_word' id='word_1_225' title='bbox 2772 2481 2946 2535; x_wconf 89' lang='lat' dir='ltr'><strong>oleum</strong></span> <span class='ocrx_word' id='word_1_226' title='bbox 2980 2493 3154 2536; x_wconf 87' lang='lat' dir='ltr'><strong>autem</strong></span> <span class='ocrx_word' id='word_1_227' title='bbox 3193 2482 3416 2536; x_wconf 89' lang='lat' dir='ltr'><strong>multum</strong></span> <span class='ocrx_word' id='word_1_228' title='bbox 3448 2482 3638 2536; x_wconf 75' lang='lat' dir='ltr'><strong>faciens</strong></span> <span class='ocrx_word' id='word_1_229' title='bbox 3674 2492 3728 2536; x_wconf 90' lang='lat' dir='ltr'><strong>et</strong></span> <span class='ocrx_word' id='word_1_230' title='bbox 3759 2483 3884 2537; x_wconf 86' lang='lat' dir='ltr'><strong>alias</strong></span> <span class='ocrx_word' id='word_1_231' title='bbox 3909 2501 3994 2536; x_wconf 85' lang='lat' dir='ltr'><strong>re·</strong></span> 
     </span>
     <span class='ocr_line' id='line_1_24' title="bbox 797 2524 3988 2951; baseline 0.004 -343"><span class='ocrx_word' id='word_1_232' title='bbox 797 2554 971 2611; x_wconf 88' lang='lat' dir='ltr'><strong>bonis.</strong></span> <span class='ocrx_word' id='word_1_233' title='bbox 996 2558 1066 2609; x_wconf 86' lang='lat' dir='ltr'><strong>Et</strong></span> <span class='ocrx_word' id='word_1_234' title='bbox 1092 2556 1333 2610; x_wconf 88' lang='lat' dir='ltr'><strong>mulieres</strong></span> <span class='ocrx_word' id='word_1_235' title='bbox 1360 2558 1615 2630; x_wconf 87' lang='lat' dir='ltr'><strong>speciosas</strong></span> <span class='ocrx_word' id='word_1_236' title='bbox 1645 2561 1926 2634; x_wconf 60' lang='lat' dir='ltr'><strong>[habt-m]-</strong></span> <span class='ocrx_word' id='word_1_237' title='bbox 1960 2563 2189 2617; x_wconf 79' lang='lat' dir='ltr'><strong>Historia</strong></span> <span class='ocrx_word' id='word_1_238' title='bbox 2226 2582 2354 2618; x_wconf 83' lang='lat' dir='ltr'><strong>vero</strong></span> <span class='ocrx_word' id='word_1_239' title='bbox 2393 2524 2404 2951; x_wconf 72' lang='grc' dir='ltr'>Ι</span> <span class='ocrx_word' id='word_1_240' title='bbox 2441 2566 2618 2637; x_wconf 87' lang='lat' dir='ltr'><strong>giones</strong></span> <span class='ocrx_word' id='word_1_241' title='bbox 2645 2566 2884 2639; x_wconf 87' lang='lat' dir='ltr'><strong>implens.</strong></span> <span class='ocrx_word' id='word_1_242' title='bbox 2911 2567 3077 2622; x_wconf 80' lang='lat' dir='ltr'><strong>Habet</strong></span> <span class='ocrx_word' id='word_1_243' title='bbox 3091 2578 3264 2621; x_wconf 89' lang='lat' dir='ltr'><strong>autem</strong></span> <span class='ocrx_word' id='word_1_244' title='bbox 3289 2566 3420 2621; x_wconf 85' lang='lat' dir='ltr'><strong>duas</strong></span> <span class='ocrx_word' id='word_1_245' title='bbox 3445 2569 3679 2621; x_wconf 75' lang='lat' dir='ltr'><strong>civitates</strong></span> <span class='ocrx_word' id='word_1_246' title='bbox 3693 2568 3988 2640; x_wconf 85' lang='lat' dir='ltr'><strong>splendidas</strong></span> 
     </span>
    </p>

    <p class='ocr_par' dir='ltr' id='par_1_7' title="bbox 794 2638 2907 2723">
     <span class='ocr_line' id='line_1_25' title="bbox 794 2638 2907 2723; baseline 0.007 -31"><span class='ocrx_word' id='word_1_247' title='bbox 794 2638 899 2693; x_wconf 86' lang='lat' dir='ltr'><strong>de&#39;</strong></span> <span class='ocrx_word' id='word_1_248' title='bbox 884 2642 947 2694; x_wconf 77' lang='lat' dir='ltr'><strong>iis</strong></span> <span class='ocrx_word' id='word_1_249' title='bbox 975 2640 1105 2695; x_wconf 89' lang='lat' dir='ltr'><strong>dicit</strong></span> <span class='ocrx_word' id='word_1_250' title='bbox 1130 2643 1387 2714; x_wconf 85' lang='lat' dir='ltr'><strong>speciosas</strong></span> <span class='ocrx_word' id='word_1_251' title='bbox 1413 2662 1525 2699; x_wconf 76' lang='lat' dir='ltr'><strong>esse</strong></span> <span class='ocrx_word' id='word_1_252' title='bbox 1558 2656 1611 2699; x_wconf 91' lang='lat' dir='ltr'><strong>et</strong></span> <span class='ocrx_word' id='word_1_253' title='bbox 1636 2645 1885 2700; x_wconf 87' lang='lat' dir='ltr'><strong>candidas</strong></span> <span class='ocrx_word' id='word_1_254' title='bbox 1920 2648 2107 2714; x_wconf 87' lang='lat' dir='ltr'><strong>nimis,</strong></span> <span class='ocrx_word' id='word_1_255' title='bbox 2141 2658 2203 2702; x_wconf 89' lang='lat' dir='ltr'><strong>ut</strong></span> <span class='ocrx_word' id='word_1_256' title='bbox 2230 2651 2352 2703; x_wconf 80' lang='lat' dir='ltr'><strong>visae</strong></span> <span class='ocrx_word' id='word_1_257' title='bbox 2442 2653 2640 2723; x_wconf 85' lang='lat' dir='ltr'><strong>Pergen</strong></span> <span class='ocrx_word' id='word_1_258' title='bbox 2657 2662 2712 2706; x_wconf 86' lang='lat' dir='ltr'><strong>et</strong></span> <span class='ocrx_word' id='word_1_259' title='bbox 2731 2652 2907 2710; x_wconf 89' lang='lat' dir='ltr'><strong>Siden.</strong></span> 
     </span>
    </p>
   </div>
   <div class='ocr_carea' id='block_1_5' title="bbox 2463 593 3988 665">
    <p class='ocr_par' dir='ltr' id='par_1_8' title="bbox 2463 593 3988 665">
     <span class='ocr_line' id='line_1_26' title="bbox 2463 593 3988 665; baseline 0.01 -20"><span class='ocrx_word' id='word_1_260' title='bbox 2463 593 2606 663; x_wconf 86' lang='lat' dir='ltr'><strong>regio</strong></span> <span class='ocrx_word' id='word_1_261' title='bbox 2630 593 2829 665; x_wconf 88' lang='lat' dir='ltr'><strong>optima</strong></span> <span class='ocrx_word' id='word_1_262' title='bbox 2853 604 2908 647; x_wconf 90' lang='lat' dir='ltr'><strong>et</strong></span> <span class='ocrx_word' id='word_1_263' title='bbox 2933 594 3081 648; x_wconf 83' lang='lat' dir='ltr'><strong>valde</strong></span> <span class='ocrx_word' id='word_1_264' title='bbox 3105 594 3202 649; x_wconf 85' lang='lat' dir='ltr'><strong>sibi</strong></span> <span class='ocrx_word' id='word_1_265' title='bbox 3251 595 3544 663; x_wconf 85' lang='lat' dir='ltr'><strong>sufficiens,</strong></span> <span class='ocrx_word' id='word_1_266' title='bbox 3573 600 3746 655; x_wconf 86' lang='lat' dir='ltr'><strong>oleum</strong></span> <span class='ocrx_word' id='word_1_267' title='bbox 3774 604 3988 661; x_wconf 86' lang='lat' dir='ltr'><strong>multum</strong></span> 
     </span>
    </p>
   </div>
   <div class='ocr_carea' id='block_1_6' title="bbox 2413 626 2423 797">
    <p class='ocr_par' dir='ltr' id='par_1_9' title="bbox 2413 626 2423 797">
     <span class='ocr_line' id='line_1_27' title="bbox 2413 626 2423 797; baseline 0 5487"><span class='ocrx_word' id='word_1_268' title='bbox 2413 626 2423 797; x_wconf 95' lang='lat' dir='ltr'><strong> </strong></span> 
     </span>
    </p>
   </div>
   <div class='ocr_carea' id='block_1_7' title="bbox 2409 798 2419 957">
    <p class='ocr_par' dir='ltr' id='par_1_10' title="bbox 2409 798 2419 957">
     <span class='ocr_line' id='line_1_28' title="bbox 2409 798 2419 957; baseline 0 5327"><span class='ocrx_word' id='word_1_269' title='bbox 2409 798 2419 957; x_wconf 95' lang='lat' dir='ltr'><strong> </strong></span> 
     </span>
    </p>
   </div>
   <div class='ocr_carea' id='block_1_8' title="bbox 2406 1126 2416 1575">
    <p class='ocr_par' dir='ltr' id='par_1_11' title="bbox 2406 1126 2416 1575">
     <span class='ocr_line' id='line_1_29' title="bbox 2406 1126 2416 1575; baseline 0 4709"><span class='ocrx_word' id='word_1_270' title='bbox 2406 1126 2416 1575; x_wconf 95' lang='lat' dir='ltr'><strong> </strong></span> 
     </span>
    </p>
   </div>
   <div class='ocr_carea' id='block_1_9' title="bbox 2447 1784 3999 2476">
    <p class='ocr_par' dir='ltr' id='par_1_12' title="bbox 2447 1784 3999 2468">
     <span class='ocr_line' id='line_1_30' title="bbox 2450 1784 3990 1859; baseline 0.004 -23"><span class='ocrx_word' id='word_1_271' title='bbox 2450 1785 2624 1838; x_wconf 86' lang='lat' dir='ltr'><strong>sinens</strong></span> <span class='ocrx_word' id='word_1_272' title='bbox 2673 1786 2991 1850; x_wconf 87' lang='lat' dir='ltr'><strong>orationem,</strong></span> <span class='ocrx_word' id='word_1_273' title='bbox 3038 1784 3148 1856; x_wconf 83' lang='lat' dir='ltr'><strong>J‘am</strong></span> <span class='ocrx_word' id='word_1_274' title='bbox 3201 1787 3446 1859; x_wconf 89' lang='lat' dir='ltr'><strong>incipiam</strong></span> <span class='ocrx_word' id='word_1_275' title='bbox 3491 1798 3760 1859; x_wconf 74' lang='lat' dir='ltr'><strong>sequentia</strong></span> <span class='ocrx_word' id='word_1_276' title='bbox 3800 1788 3990 1843; x_wconf 81' lang='lat' dir='ltr'><strong>dicere.</strong></span> 
     </span>
     <span class='ocr_line' id='line_1_31' title="bbox 2519 1872 3992 1945; baseline 0.004 -21"><span class='ocrx_word' id='word_1_277' title='bbox 2519 1872 2606 1935; x_wconf 88' lang='lat'><strong>45.</strong></span> <span class='ocrx_word' id='word_1_278' title='bbox 2641 1872 2778 1927; x_wconf 85' lang='lat' dir='ltr'><strong>Sunt</strong></span> <span class='ocrx_word' id='word_1_279' title='bbox 2801 1875 2940 1926; x_wconf 89' lang='lat' dir='ltr'><strong>enim</strong></span> <span class='ocrx_word' id='word_1_280' title='bbox 2969 1873 3079 1927; x_wconf 77' lang='lat' dir='ltr'><strong>haec</strong></span> <span class='ocrx_word' id='word_1_281' title='bbox 3098 1873 3494 1929; x_wconf 88' lang='lat' dir='ltr'><strong>mediterranea.</strong></span> <span class='ocrx_word' id='word_1_282' title='bbox 3527 1878 3792 1945; x_wconf 84' lang='lat' dir='ltr'><strong>Quoniam</strong></span> <span class='ocrx_word' id='word_1_283' title='bbox 3820 1887 3992 1930; x_wconf 90' lang='lat' dir='ltr'><strong>autem</strong></span> 
     </span>
     <span class='ocr_line' id='line_1_32' title="bbox 2449 1961 3994 2035; baseline 0.002 -21"><span class='ocrx_word' id='word_1_284' title='bbox 2449 1961 2794 2015; x_wconf 88' lang='lat' dir='ltr'><strong>necessarium</strong></span> <span class='ocrx_word' id='word_1_285' title='bbox 2817 1972 2894 2015; x_wconf 65' lang='lat' dir='ltr'><strong>cst</strong></span> <span class='ocrx_word' id='word_1_286' title='bbox 2914 1962 3204 2032; x_wconf 80' lang='lat' dir='ltr'><strong>significare</strong></span> <span class='ocrx_word' id='word_1_287' title='bbox 3225 1974 3396 2035; x_wconf 85' lang='lat' dir='ltr'><strong>partes</strong></span> <span class='ocrx_word' id='word_1_288' title='bbox 3413 1964 3824 2035; x_wconf 82' lang='lat' dir='ltr'><strong>propinquantes</strong></span> <span class='ocrx_word' id='word_1_289' title='bbox 3841 1966 3994 2024; x_wconf 82' lang='lat' dir='ltr'><strong>mari.</strong></span> 
     </span>
     <span class='ocr_line' id='line_1_33' title="bbox 2449 2048 3991 2123; baseline 0.004 -24"><span class='ocrx_word' id='word_1_290' title='bbox 2449 2048 2636 2101; x_wconf 89' lang='lat' dir='ltr'><strong>iterum</strong></span> <span class='ocrx_word' id='word_1_291' title='bbox 2665 2058 2842 2103; x_wconf 89' lang='lat' dir='ltr'><strong>autem</strong></span> <span class='ocrx_word' id='word_1_292' title='bbox 2864 2048 2932 2103; x_wconf 91' lang='lat' dir='ltr'><strong>de</strong></span> <span class='ocrx_word' id='word_1_293' title='bbox 2960 2049 3138 2104; x_wconf 88' lang='lat' dir='ltr'><strong>Cilicia</strong></span> <span class='ocrx_word' id='word_1_294' title='bbox 3161 2061 3238 2104; x_wconf 74' lang='lat' dir='ltr'><strong>est</strong></span> <span class='ocrx_word' id='word_1_295' title='bbox 3259 2061 3313 2104; x_wconf 91' lang='lat' dir='ltr'><strong>et</strong></span> <span class='ocrx_word' id='word_1_296' title='bbox 3337 2052 3563 2115; x_wconf 80' lang='lat' dir='ltr'><strong>Isauria,</strong></span> <span class='ocrx_word' id='word_1_297' title='bbox 3589 2070 3707 2123; x_wconf 66' lang='lat' dir='ltr'><strong>quae</strong></span> <span class='ocrx_word' id='word_1_298' title='bbox 3725 2052 3864 2105; x_wconf 81' lang='lat' dir='ltr'><strong>viros</strong></span> <span class='ocrx_word' id='word_1_299' title='bbox 3885 2051 3991 2105; x_wconf 84' lang='lat' dir='ltr'><strong>sor-</strong></span> 
     </span>
     <span class='ocr_line' id='line_1_34' title="bbox 2447 2135 3992 2209; baseline 0.003 -21"><span class='ocrx_word' id='word_1_300' title='bbox 2447 2145 2524 2188; x_wconf 86' lang='lat' dir='ltr'><strong>tes</strong></span> <span class='ocrx_word' id='word_1_301' title='bbox 2548 2135 2744 2191; x_wconf 87' lang='lat' dir='ltr'><strong>habere</strong></span> <span class='ocrx_word' id='word_1_302' title='bbox 2780 2138 3006 2203; x_wconf 84' lang='lat' dir='ltr'><strong>dicitur;</strong></span> <span class='ocrx_word' id='word_1_303' title='bbox 3027 2148 3080 2192; x_wconf 88' lang='lat' dir='ltr'><strong>et</strong></span> <span class='ocrx_word' id='word_1_304' title='bbox 3100 2138 3368 2193; x_wconf 86' lang='lat' dir='ltr'><strong>latrocinia</strong></span> <span class='ocrx_word' id='word_1_305' title='bbox 3391 2138 3680 2209; x_wconf 84' lang='lat' dir='ltr'><strong>aliquando</strong></span> <span class='ocrx_word' id='word_1_306' title='bbox 3702 2139 3870 2193; x_wconf 80' lang='lat' dir='ltr'><strong>facere</strong></span> <span class='ocrx_word' id='word_1_307' title='bbox 3903 2158 3992 2193; x_wconf 89' lang='lat' dir='ltr'><strong>co</strong></span> 
     </span>
     <span class='ocr_line' id='line_1_35' title="bbox 2449 2222 3999 2294; baseline 0.003 -19"><span class='ocrx_word' id='word_1_308' title='bbox 2449 2224 2558 2277; x_wconf 89' lang='lat' dir='ltr'><strong>nati</strong></span> <span class='ocrx_word' id='word_1_309' title='bbox 2585 2233 2743 2289; x_wconf 91' lang='lat' dir='ltr'><strong>sunt,</strong></span> <span class='ocrx_word' id='word_1_310' title='bbox 2774 2224 2936 2294; x_wconf 88' lang='lat' dir='ltr'><strong>magis</strong></span> <span class='ocrx_word' id='word_1_311' title='bbox 2963 2242 3088 2277; x_wconf 82' lang='lat' dir='ltr'><strong>vero</strong></span> <span class='ocrx_word' id='word_1_312' title='bbox 3112 2233 3166 2277; x_wconf 91' lang='lat' dir='ltr'><strong>et</strong></span> <span class='ocrx_word' id='word_1_313' title='bbox 3190 2222 3468 2278; x_wconf 83' lang='lat' dir='ltr'><strong>adversarii</strong></span> <span class='ocrx_word' id='word_1_314' title='bbox 3499 2228 3854 2279; x_wconf 85' lang='lat' dir='ltr'><strong>Romanorum</strong></span> <span class='ocrx_word' id='word_1_315' title='bbox 3883 2244 3999 2279; x_wconf 72' lang='lat' dir='ltr'><strong>ease</strong></span> 
     </span>
     <span class='ocr_line' id='line_1_36' title="bbox 2449 2308 3990 2383; baseline 0.001 -21"><span class='ocrx_word' id='word_1_316' title='bbox 2449 2308 2754 2375; x_wconf 79' lang='lat' dir='ltr'><strong>voluerunt,</strong></span> <span class='ocrx_word' id='word_1_317' title='bbox 2784 2308 2876 2363; x_wconf 83' lang='lat' dir='ltr'><strong>sed</strong></span> <span class='ocrx_word' id='word_1_318' title='bbox 2904 2327 3014 2363; x_wconf 87' lang='lat' dir='ltr'><strong>non</strong></span> <span class='ocrx_word' id='word_1_319' title='bbox 3039 2320 3326 2383; x_wconf 81' lang='lat' dir='ltr'><strong>potuerunt</strong></span> <span class='ocrx_word' id='word_1_320' title='bbox 3362 2311 3615 2365; x_wconf 83' lang='lat' dir='ltr'><strong>invictum</strong></span> <span class='ocrx_word' id='word_1_321' title='bbox 3646 2329 3841 2365; x_wconf 87' lang='lat' dir='ltr'><strong>nomen</strong></span> <span class='ocrx_word' id='word_1_322' title='bbox 3881 2312 3990 2365; x_wconf 81' lang='lat' dir='ltr'><strong>vin-</strong></span> 
     </span>
     <span class='ocr_line' id='line_1_37' title="bbox 2449 2395 3992 2476; baseline 0 -28"><span class='ocrx_word' id='word_1_323' title='bbox 2449 2413 2585 2449; x_wconf 89' lang='lat' dir='ltr'><strong>cere.</strong></span> <span class='ocrx_word' id='word_1_324' title='bbox 2613 2397 2738 2449; x_wconf 86' lang='lat' dir='ltr'><strong>Post</strong></span> <span class='ocrx_word' id='word_1_325' title='bbox 2759 2412 2918 2466; x_wconf 87' lang='lat' dir='ltr'><strong>quam</strong></span> <span class='ocrx_word' id='word_1_326' title='bbox 2945 2405 3024 2449; x_wconf 86' lang='lat' dir='ltr'><strong>est</strong></span> <span class='ocrx_word' id='word_1_327' title='bbox 3048 2395 3382 2468; x_wconf 82' lang='lat' dir='ltr'><strong>Pamphylia,</strong></span> <span class='ocrx_word' id='word_1_328' title='bbox 3415 2398 3561 2467; x_wconf 87' lang='lat' dir='ltr'><strong>regio</strong></span> <span class='ocrx_word' id='word_1_329' title='bbox 3588 2398 3788 2476; x_wconf 85' lang='lat' dir='ltr'><strong>optima</strong></span> <span class='ocrx_word' id='word_1_330' title='bbox 3813 2407 3868 2451; x_wconf 88' lang='grc' dir='ltr'><strong>ει</strong></span> <span class='ocrx_word' id='word_1_331' title='bbox 3891 2397 3992 2449; x_wconf 86' lang='lat' dir='ltr'><strong>sihi</strong></span> 
     </span>
    </p>
   </div>
   <div class='ocr_carea' id='block_1_10' title="bbox 786 2723 3990 3665">
    <p class='ocr_par' dir='ltr' id='par_1_13' title="bbox 788 2723 3990 2980">
     <span class='ocr_line' id='line_1_38' title="bbox 792 2723 3988 2809; baseline 0.004 -31"><span class='ocrx_word' id='word_1_332' title='bbox 792 2723 906 2779; x_wconf 80' lang='lat' dir='ltr'><strong>deae</strong></span> <span class='ocrx_word' id='word_1_333' title='bbox 930 2744 1043 2779; x_wconf 90' lang='lat' dir='ltr'><strong>esse</strong></span> <span class='ocrx_word' id='word_1_334' title='bbox 1075 2738 1344 2799; x_wconf 89' lang='lat' dir='ltr'><strong>putentur.</strong></span> <span class='ocrx_word' id='word_1_335' title='bbox 1375 2730 1533 2783; x_wconf 83' lang='lat' dir='ltr'><strong>Viros</strong></span> <span class='ocrx_word' id='word_1_336' title='bbox 1558 2732 1735 2802; x_wconf 89' lang='lat' dir='ltr'><strong>itaque</strong></span> <span class='ocrx_word' id='word_1_337' title='bbox 1760 2731 2021 2803; x_wconf 77' lang='lat' dir='ltr'><strong>praedictae</strong></span> <span class='ocrx_word' id='word_1_338' title='bbox 2042 2736 2350 2806; x_wconf 82' lang='lat' dir='ltr'><strong>provinciae·</strong></span> <span class='ocrx_word' id='word_1_339' title='bbox 2513 2740 2602 2801; x_wconf 89' lang='grc'><strong>46.</strong></span> <span class='ocrx_word' id='word_1_340' title='bbox 2633 2739 2758 2791; x_wconf 87' lang='lat' dir='ltr'><strong>Post</strong></span> <span class='ocrx_word' id='word_1_341' title='bbox 2779 2737 2915 2792; x_wconf 86' lang='lat' dir='ltr'><strong>hanc</strong></span> <span class='ocrx_word' id='word_1_342' title='bbox 2951 2740 2996 2791; x_wconf 93' lang='lat'>1</span> <span class='ocrx_word' id='word_1_343' title='bbox 2977 2738 3108 2809; x_wconf 79' lang='lat' dir='ltr'><strong>ycia</strong></span> <span class='ocrx_word' id='word_1_344' title='bbox 3128 2740 3270 2809; x_wconf 81' lang='lat' dir='ltr'><strong>regio</strong></span> <span class='ocrx_word' id='word_1_345' title='bbox 3305 2737 3404 2791; x_wconf 86' lang='lat' dir='ltr'><strong>sibi</strong></span> <span class='ocrx_word' id='word_1_346' title='bbox 3428 2737 3718 2804; x_wconf 84' lang='lat' dir='ltr'><strong>sufficiens;</strong></span> <span class='ocrx_word' id='word_1_347' title='bbox 3743 2749 3798 2792; x_wconf 89' lang='lat' dir='ltr'><strong>et</strong></span> <span class='ocrx_word' id='word_1_348' title='bbox 3833 2738 3988 2793; x_wconf 84' lang='lat' dir='ltr'><strong>habet</strong></span> 
     </span>
     <span class='ocr_line' id='line_1_39' title="bbox 790 2815 3990 2896; baseline 0.004 -31"><span class='ocrx_word' id='word_1_349' title='bbox 790 2829 893 2883; x_wconf 89' lang='lat' dir='ltr'><strong>que</strong></span> <span class='ocrx_word' id='word_1_350' title='bbox 940 2823 994 2866; x_wconf 90' lang='lat' dir='ltr'><strong>et</strong></span> <span class='ocrx_word' id='word_1_351' title='bbox 1036 2815 1301 2880; x_wconf 79' lang='lat' dir='ltr'><strong>civitates,</strong></span> <span class='ocrx_word' id='word_1_352' title='bbox 1351 2815 1454 2870; x_wconf 87' lang='lat' dir='ltr'><strong>hoc</strong></span> <span class='ocrx_word' id='word_1_353' title='bbox 1496 2828 1573 2871; x_wconf 85' lang='lat' dir='ltr'><strong>est</strong></span> <span class='ocrx_word' id='word_1_354' title='bbox 1600 2821 1800 2873; x_wconf 79' lang='lat' dir='ltr'><strong>Pontus</strong></span> <span class='ocrx_word' id='word_1_355' title='bbox 1835 2831 1888 2873; x_wconf 86' lang='lat' dir='ltr'><strong>et</strong></span> <span class='ocrx_word' id='word_1_356' title='bbox 1921 2821 2270 2893; x_wconf 83' lang='lat' dir='ltr'><strong>Paphlagonia</strong></span> <span class='ocrx_word' id='word_1_357' title='bbox 2297 2834 2352 2877; x_wconf 91' lang='lat' dir='ltr'><strong>et</strong></span> <span class='ocrx_word' id='word_1_358' title='bbox 2443 2834 2675 2878; x_wconf 86' lang='lat' dir='ltr'><strong>montem</strong></span> <span class='ocrx_word' id='word_1_359' title='bbox 2715 2826 3003 2878; x_wconf 86' lang='lat' dir='ltr'><strong>maximum</strong></span> <span class='ocrx_word' id='word_1_360' title='bbox 3032 2826 3124 2894; x_wconf 88' lang='lat' dir='ltr'><strong>qui</strong></span> <span class='ocrx_word' id='word_1_361' title='bbox 3168 2825 3424 2878; x_wconf 79' lang='lat' dir='ltr'><strong>Caucasus</strong></span> <span class='ocrx_word' id='word_1_362' title='bbox 3447 2824 3661 2891; x_wconf 85' lang='lat' dir='ltr'><strong>dicitur,</strong></span> <span class='ocrx_word' id='word_1_363' title='bbox 3690 2842 3796 2895; x_wconf 85' lang='lat' dir='ltr'><strong>quo</strong></span> <span class='ocrx_word' id='word_1_364' title='bbox 3827 2825 3990 2896; x_wconf 84' lang='lat' dir='ltr'><strong>majo·</strong></span> 
     </span>
     <span class='ocr_line' id='line_1_40' title="bbox 788 2898 3306 2980; baseline 0.004 -28"><span class='ocrx_word' id='word_1_365' title='bbox 788 2898 993 2952; x_wconf 89' lang='lat' dir='ltr'><strong>Galatia</strong></span> <span class='ocrx_word' id='word_1_366' title='bbox 1022 2909 1075 2951; x_wconf 91' lang='lat' dir='ltr'><strong>et</strong></span> <span class='ocrx_word' id='word_1_367' title='bbox 1096 2900 1457 2972; x_wconf 70' lang='lat' dir='ltr'><strong>Cappadocia,</strong></span> <span class='ocrx_word' id='word_1_368' title='bbox 1482 2902 1674 2957; x_wconf 88' lang='lat' dir='ltr'><strong>habent</strong></span> <span class='ocrx_word' id='word_1_369' title='bbox 1692 2905 1812 2977; x_wconf 90' lang='lat' dir='ltr'><strong>(et)</strong></span> <span class='ocrx_word' id='word_1_370' title='bbox 1837 2904 2119 2978; x_wconf 84' lang='lat' dir='ltr'><strong>prudentes</strong></span> <span class='ocrx_word' id='word_1_371' title='bbox 2138 2908 2348 2979; x_wconf 83' lang='lat' dir='ltr'><strong>(viros).</strong></span> <span class='ocrx_word' id='word_1_372' title='bbox 2441 2926 2552 2961; x_wconf 89' lang='lat' dir='ltr'><strong>rem</strong></span> <span class='ocrx_word' id='word_1_373' title='bbox 2587 2908 2687 2962; x_wconf 89' lang='lat' dir='ltr'><strong>sub</strong></span> <span class='ocrx_word' id='word_1_374' title='bbox 2713 2908 2845 2964; x_wconf 85' lang='lat' dir='ltr'><strong>coelo</strong></span> <span class='ocrx_word' id='word_1_375' title='bbox 2871 2927 2980 2963; x_wconf 88' lang='lat' dir='ltr'><strong>non</strong></span> <span class='ocrx_word' id='word_1_376' title='bbox 3003 2928 3111 2963; x_wconf 88' lang='lat' dir='ltr'><strong>csse</strong></span> <span class='ocrx_word' id='word_1_377' title='bbox 3137 2907 3306 2980; x_wconf 82' lang='lat' dir='ltr'><strong>ajunt.</strong></span> 
     </span>
    </p>

    <p class='ocr_par' dir='ltr' id='par_1_14' title="bbox 786 2986 2353 3665">
     <span class='ocr_line' id='line_1_41' title="bbox 786 2986 2350 3068; baseline 0.008 -31"><span class='ocrx_word' id='word_1_378' title='bbox 786 2986 841 3039; x_wconf 88' lang='lat' dir='ltr'><strong>Si</strong></span> <span class='ocrx_word' id='word_1_379' title='bbox 869 2996 1047 3039; x_wconf 88' lang='lat' dir='ltr'><strong>autem</strong></span> <span class='ocrx_word' id='word_1_380' title='bbox 1075 2987 1152 3039; x_wconf 66' lang='lat' dir='ltr'><strong>xis</strong></span> <span class='ocrx_word' id='word_1_381' title='bbox 1174 2998 1227 3041; x_wconf 89' lang='lat' dir='ltr'><strong>et</strong></span> <span class='ocrx_word' id='word_1_382' title='bbox 1250 2988 1585 3061; x_wconf 84' lang='lat' dir='ltr'><strong>prudentiam</strong></span> <span class='ocrx_word' id='word_1_383' title='bbox 1610 2992 1844 3046; x_wconf 86' lang='lat' dir='ltr'><strong>virorum</strong></span> <span class='ocrx_word' id='word_1_384' title='bbox 1868 2993 2080 3059; x_wconf 87' lang='lat' dir='ltr'><strong>audire,</strong></span> <span class='ocrx_word' id='word_1_385' title='bbox 2101 2996 2271 3068; x_wconf 86' lang='lat' dir='ltr'><strong>aspice</strong></span> <span class='ocrx_word' id='word_1_386' title='bbox 2294 2997 2350 3050; x_wconf 91' lang='lat' dir='ltr'><strong>in</strong></span> 
     </span>
     <span class='ocr_line' id='line_1_42' title="bbox 787 3072 2350 3151; baseline 0.007 -25"><span class='ocrx_word' id='word_1_387' title='bbox 787 3072 899 3127; x_wconf 90' lang='lat' dir='ltr'><strong>duo</strong></span> <span class='ocrx_word' id='word_1_388' title='bbox 930 3075 1178 3129; x_wconf 86' lang='lat' dir='ltr'><strong>comitata</strong></span> <span class='ocrx_word' id='word_1_389' title='bbox 1203 3077 1431 3133; x_wconf 87' lang='lat' dir='ltr'><strong>Orientis</strong></span> <span class='ocrx_word' id='word_1_390' title='bbox 1468 3095 1683 3151; x_wconf 88' lang='lat' dir='ltr'><strong>quoque</strong></span> <span class='ocrx_word' id='word_1_391' title='bbox 1709 3089 1761 3134; x_wconf 87' lang='lat' dir='ltr'><strong>et</strong></span> <span class='ocrx_word' id='word_1_392' title='bbox 1800 3080 2127 3147; x_wconf 88' lang='lat' dir='ltr'><strong>Occidentis,</strong></span> <span class='ocrx_word' id='word_1_393' title='bbox 2156 3082 2350 3137; x_wconf 85' lang='lat' dir='ltr'><strong>multos</strong></span> 
     </span>
     <span class='ocr_line' id='line_1_43' title="bbox 788 3159 2351 3240; baseline 0.007 -28"><span class='ocrx_word' id='word_1_394' title='bbox 788 3159 901 3213; x_wconf 90' lang='lat' dir='ltr'><strong>ibi</strong></span> <span class='ocrx_word' id='word_1_395' title='bbox 886 3161 1120 3213; x_wconf 77' lang='lat' dir='ltr'><strong>invenies</strong></span> <span class='ocrx_word' id='word_1_396' title='bbox 1151 3161 1169 3233; x_wconf 97' lang='lat'>(</span> <span class='ocrx_word' id='word_1_397' title='bbox 1193 3164 1425 3233; x_wconf 40' lang='lat' dir='ltr'><strong>quamf)</strong></span> <span class='ocrx_word' id='word_1_398' title='bbox 1408 3182 1465 3218; x_wconf 90' lang='grc' dir='ltr'><strong>ιιι</strong></span> <span class='ocrx_word' id='word_1_399' title='bbox 1492 3164 1605 3219; x_wconf 86' lang='lat' dir='ltr'><strong>aliis</strong></span> <span class='ocrx_word' id='word_1_400' title='bbox 1626 3165 1923 3221; x_wconf 83' lang='lat' dir='ltr'><strong>civitatibus</strong></span> <span class='ocrx_word' id='word_1_401' title='bbox 1948 3178 2041 3221; x_wconf 85' lang='lat' dir='ltr'><strong>aut</strong></span> <span class='ocrx_word' id='word_1_402' title='bbox 2067 3169 2351 3240; x_wconf 82' lang='lat' dir='ltr'><strong>provinciis</strong></span> 
     </span>
     <span class='ocr_line' id='line_1_44' title="bbox 786 3247 2353 3326; baseline 0.006 -27"><span class='ocrx_word' id='word_1_403' title='bbox 786 3247 1063 3317; x_wconf 89' lang='lat' dir='ltr'><strong>quomodo</strong></span> <span class='ocrx_word' id='word_1_404' title='bbox 1090 3250 1337 3305; x_wconf 86' lang='lat' dir='ltr'><strong>Ponticos</strong></span> <span class='ocrx_word' id='word_1_405' title='bbox 1362 3262 1455 3306; x_wconf 86' lang='lat' dir='ltr'><strong>aut</strong></span> <span class='ocrx_word' id='word_1_406' title='bbox 1480 3252 1836 3324; x_wconf 81' lang='lat' dir='ltr'><strong>Paphlagones</strong></span> <span class='ocrx_word' id='word_1_407' title='bbox 1860 3264 1913 3307; x_wconf 87' lang='lat' dir='ltr'><strong>et</strong></span> <span class='ocrx_word' id='word_1_408' title='bbox 1944 3254 2275 3326; x_wconf 85' lang='lat' dir='ltr'><strong>Cappadoces</strong></span> <span class='ocrx_word' id='word_1_409' title='bbox 2297 3265 2353 3309; x_wconf 89' lang='lat' dir='ltr'><strong>et</strong></span> 
     </span>
     <span class='ocr_line' id='line_1_45' title="bbox 786 3331 2352 3412; baseline 0.007 -28"><span class='ocrx_word' id='word_1_410' title='bbox 786 3331 1026 3398; x_wconf 86' lang='lat' dir='ltr'><strong>Galatas;</strong></span> <span class='ocrx_word' id='word_1_411' title='bbox 1056 3344 1331 3404; x_wconf 85' lang='lat' dir='ltr'><strong>propterea</strong></span> <span class='ocrx_word' id='word_1_412' title='bbox 1353 3345 1408 3390; x_wconf 88' lang='lat' dir='ltr'><strong>et</strong></span> <span class='ocrx_word' id='word_1_413' title='bbox 1432 3338 1675 3409; x_wconf 85' lang='lat' dir='ltr'><strong>temptari</strong></span> <span class='ocrx_word' id='word_1_414' title='bbox 1698 3356 1794 3410; x_wconf 89' lang='lat' dir='ltr'><strong>per</strong></span> <span class='ocrx_word' id='word_1_415' title='bbox 1819 3356 1909 3392; x_wconf 85' lang='lat' dir='ltr'><strong>eos</strong></span> <span class='ocrx_word' id='word_1_416' title='bbox 1925 3336 2163 3410; x_wconf 85' lang='lat' dir='ltr'><strong>jussione</strong></span> <span class='ocrx_word' id='word_1_417' title='bbox 2188 3341 2352 3412; x_wconf 88' lang='lat' dir='ltr'><strong>impe-</strong></span> 
     </span>
     <span class='ocr_line' id='line_1_46' title="bbox 786 3421 2349 3497; baseline 0.006 -28"><span class='ocrx_word' id='word_1_418' title='bbox 786 3426 1028 3470; x_wconf 85' lang='lat' dir='ltr'><strong>ratorum</strong></span> <span class='ocrx_word' id='word_1_419' title='bbox 1056 3421 1264 3489; x_wconf 88' lang='lat' dir='ltr'><strong>negotia</strong></span> <span class='ocrx_word' id='word_1_420' title='bbox 1282 3430 1505 3492; x_wconf 80' lang='lat' dir='ltr'><strong>putant·</strong></span> <span class='ocrx_word' id='word_1_421' title='bbox 1536 3432 1663 3475; x_wconf 88' lang='lat' dir='ltr'><strong>sunt</strong></span> <span class='ocrx_word' id='word_1_422' title='bbox 1682 3423 1825 3476; x_wconf 89' lang='lat' dir='ltr'><strong>enim</strong></span> <span class='ocrx_word' id='word_1_423' title='bbox 1848 3423 1998 3478; x_wconf 86' lang='lat' dir='ltr'><strong>valde</strong></span> <span class='ocrx_word' id='word_1_424' title='bbox 2019 3424 2230 3497; x_wconf 83' lang='lat' dir='ltr'><strong>fideles,</strong></span> <span class='ocrx_word' id='word_1_425' title='bbox 2255 3425 2349 3479; x_wconf 90' lang='lat' dir='ltr'><strong>dc·</strong></span> 
     </span>
     <span class='ocr_line' id='line_1_47' title="bbox 791 3504 2350 3583; baseline 0.008 -30"><span class='ocrx_word' id='word_1_426' title='bbox 791 3504 965 3557; x_wconf 71' lang='lat' dir='ltr'><strong>vitia*</strong></span> <span class='ocrx_word' id='word_1_427' title='bbox 994 3514 1195 3559; x_wconf 86' lang='lat' dir='ltr'><strong>naturae</strong></span> <span class='ocrx_word' id='word_1_428' title='bbox 1214 3505 1457 3561; x_wconf 87' lang='lat' dir='ltr'><strong>bonum</strong></span> <span class='ocrx_word' id='word_1_429' title='bbox 1442 3526 1497 3561; x_wconf 88' lang='grc' dir='ltr'><strong>ιιι</strong></span> <span class='ocrx_word' id='word_1_430' title='bbox 1521 3508 1873 3574; x_wconf 69' lang='lat' dir='ltr'><strong>sehabentoe3</strong></span> <span class='ocrx_word' id='word_1_431' title='bbox 1858 3511 1969 3564; x_wconf 84' lang='lat' dir='ltr'><strong>·sic</strong></span> <span class='ocrx_word' id='word_1_432' title='bbox 1986 3510 2271 3583; x_wconf 83' lang='lat' dir='ltr'><strong>majoribus</strong></span> <span class='ocrx_word' id='word_1_433' title='bbox 2295 3522 2350 3567; x_wconf 90' lang='lat' dir='ltr'><strong>et</strong></span> 
     </span>
     <span class='ocr_line' id='line_1_48' title="bbox 792 3590 2348 3665; baseline 0.007 -22"><span class='ocrx_word' id='word_1_434' title='bbox 792 3590 1101 3645; x_wconf 83' lang='lat' dir='ltr'><strong>melioribus</strong></span> <span class='ocrx_word' id='word_1_435' title='bbox 1126 3593 1379 3664; x_wconf 84' lang='lat' dir='ltr'><strong>prolicere</strong></span> <span class='ocrx_word' id='word_1_436' title='bbox 1407 3605 1681 3665; x_wconf 83' lang='lat' dir='ltr'><strong>urgentur.</strong></span> <span class='ocrx_word' id='word_1_437' title='bbox 1712 3597 1817 3651; x_wconf 82' lang='lat' dir='ltr'><strong>Hic</strong></span> <span class='ocrx_word' id='word_1_438' title='bbox 1854 3607 2027 3651; x_wconf 86' lang='lat' dir='ltr'><strong>autem</strong></span> <span class='ocrx_word' id='word_1_439' title='bbox 2054 3595 2121 3651; x_wconf 84' lang='lat' dir='ltr'><strong>de</strong></span> <span class='ocrx_word' id='word_1_440' title='bbox 2144 3598 2224 3652; x_wconf 88' lang='lat' dir='ltr'><strong>his</strong></span> <span class='ocrx_word' id='word_1_441' title='bbox 2255 3597 2348 3653; x_wconf 90' lang='lat' dir='ltr'><strong>dc·</strong></span> 
     </span>
    </p>
   </div>
   <div class='ocr_carea' id='block_1_11' title="bbox 2439 2997 3988 3153">
    <p class='ocr_par' dir='ltr' id='par_1_15' title="bbox 2439 2997 3988 3153">
     <span class='ocr_line' id='line_1_49' title="bbox 2510 2997 3988 3069; baseline 0.001 -19"><span class='ocrx_word' id='word_1_442' title='bbox 2510 3000 2596 3064; x_wconf 86' lang='lat'><strong>47.</strong></span> <span class='ocrx_word' id='word_1_443' title='bbox 2629 2998 2754 3050; x_wconf 86' lang='lat' dir='ltr'><strong>Post</strong></span> <span class='ocrx_word' id='word_1_444' title='bbox 2781 2998 2992 3068; x_wconf 79' lang='lat' dir='ltr'><strong>Lyciam</strong></span> <span class='ocrx_word' id='word_1_445' title='bbox 3017 2997 3183 3051; x_wconf 87' lang='lat' dir='ltr'><strong>Caria.</strong></span> <span class='ocrx_word' id='word_1_446' title='bbox 3204 2998 3273 3050; x_wconf 91' lang='lat' dir='ltr'><strong>Et</strong></span> <span class='ocrx_word' id='word_1_447' title='bbox 3291 2997 3366 3050; x_wconf 86' lang='lat' dir='ltr'><strong>sic</strong></span> <span class='ocrx_word' id='word_1_448' title='bbox 3387 3007 3466 3049; x_wconf 87' lang='lat' dir='ltr'><strong>est</strong></span> <span class='ocrx_word' id='word_1_449' title='bbox 3485 2997 3710 3050; x_wconf 85' lang='lat' dir='ltr'><strong>maxima</strong></span> <span class='ocrx_word' id='word_1_450' title='bbox 3735 2998 3852 3049; x_wconf 80' lang='lat' dir='ltr'><strong>Asia</strong></span> <span class='ocrx_word' id='word_1_451' title='bbox 3870 3014 3988 3069; x_wconf 82' lang='lat' dir='ltr'><strong>quae</strong></span> 
     </span>
     <span class='ocr_line' id='line_1_50' title="bbox 2439 3080 3988 3153; baseline 0.002 -20"><span class='ocrx_word' id='word_1_452' title='bbox 2439 3082 2634 3134; x_wconf 87' lang='lat' dir='ltr'><strong>eminet</strong></span> <span class='ocrx_word' id='word_1_453' title='bbox 2659 3083 2714 3135; x_wconf 89' lang='lat' dir='ltr'><strong>in</strong></span> <span class='ocrx_word' id='word_1_454' title='bbox 2741 3100 2952 3136; x_wconf 86' lang='lat' dir='ltr'><strong>omnem</strong></span> <span class='ocrx_word' id='word_1_455' title='bbox 2980 3082 3300 3153; x_wconf 85' lang='lat' dir='ltr'><strong>provinciam</strong></span> <span class='ocrx_word' id='word_1_456' title='bbox 3327 3092 3381 3135; x_wconf 87' lang='lat' dir='ltr'><strong>et</strong></span> <span class='ocrx_word' id='word_1_457' title='bbox 3401 3080 3559 3135; x_wconf 83' lang='lat' dir='ltr'><strong>habet</strong></span> <span class='ocrx_word' id='word_1_458' title='bbox 3576 3082 3806 3135; x_wconf 76' lang='lat' dir='ltr'><strong>civitates</strong></span> <span class='ocrx_word' id='word_1_459' title='bbox 3826 3099 3988 3137; x_wconf 83' lang='lat' dir='ltr'><strong>mnu·</strong></span> 
     </span>
    </p>
   </div>
   <div class='ocr_carea' id='block_1_12' title="bbox 2439 3167 3990 3584">
    <p class='ocr_par' dir='ltr' id='par_1_16' title="bbox 2439 3167 3986 3584">
     <span class='ocr_line' id='line_1_51' title="bbox 2440 3167 3986 3240; baseline 0.003 -20"><span class='ocrx_word' id='word_1_460' title='bbox 2440 3168 2742 3233; x_wconf 74' lang='lat' dir='ltr'><strong>mci-abiles,</strong></span> <span class='ocrx_word' id='word_1_461' title='bbox 2774 3170 3028 3222; x_wconf 83' lang='lat' dir='ltr'><strong>maximas</strong></span> <span class='ocrx_word' id='word_1_462' title='bbox 3057 3186 3179 3221; x_wconf 82' lang='lat' dir='ltr'><strong>vero</strong></span> <span class='ocrx_word' id='word_1_463' title='bbox 3207 3179 3258 3222; x_wconf 88' lang='lat' dir='ltr'><strong>et</strong></span> <span class='ocrx_word' id='word_1_464' title='bbox 3283 3167 3350 3221; x_wconf 89' lang='lat' dir='ltr'><strong>ad</strong></span> <span class='ocrx_word' id='word_1_465' title='bbox 3383 3186 3528 3222; x_wconf 88' lang='lat' dir='ltr'><strong>marc</strong></span> <span class='ocrx_word' id='word_1_466' title='bbox 3555 3168 3742 3221; x_wconf 75' lang='lat' dir='ltr'><strong>multas</strong></span> <span class='ocrx_word' id='word_1_467' title='bbox 3769 3167 3986 3240; x_wconf 87' lang='lat' dir='ltr'><strong>quidem</strong></span> 
     </span>
     <span class='ocr_line' id='line_1_52' title="bbox 2440 3254 3981 3327; baseline 0.001 -20"><span class='ocrx_word' id='word_1_468' title='bbox 2440 3254 2630 3321; x_wconf 88' lang='lat' dir='ltr'><strong>habet,</strong></span> <span class='ocrx_word' id='word_1_469' title='bbox 2663 3275 2727 3310; x_wconf 87' lang='lat' dir='ltr'><strong>ex</strong></span> <span class='ocrx_word' id='word_1_470' title='bbox 2755 3257 2948 3327; x_wconf 84' lang='lat' dir='ltr'><strong>quibus</strong></span> <span class='ocrx_word' id='word_1_471' title='bbox 2988 3258 3260 3309; x_wconf 87' lang='lat' dir='ltr'><strong>nominare</strong></span> <span class='ocrx_word' id='word_1_472' title='bbox 3299 3255 3429 3309; x_wconf 81' lang='lat' dir='ltr'><strong>duas</strong></span> <span class='ocrx_word' id='word_1_473' title='bbox 3465 3256 3811 3310; x_wconf 67' lang='lat' dir='ltr'><strong>necessarium</strong></span> <span class='ocrx_word' id='word_1_474' title='bbox 3847 3268 3981 3311; x_wconf 88' lang='lat' dir='ltr'><strong>est:</strong></span> 
     </span>
     <span class='ocr_line' id='line_1_53' title="bbox 2439 3340 3990 3413; baseline 0.001 -20"><span class='ocrx_word' id='word_1_475' title='bbox 2439 3341 2702 3413; x_wconf 83' lang='lat' dir='ltr'><strong>Ephesum</strong></span> <span class='ocrx_word' id='word_1_476' title='bbox 2732 3360 2944 3413; x_wconf 87' lang='lat' dir='ltr'><strong>quoque</strong></span> <span class='ocrx_word' id='word_1_477' title='bbox 2967 3358 3083 3412; x_wconf 75' lang='lat' dir='ltr'><strong>quae</strong></span> <span class='ocrx_word' id='word_1_478' title='bbox 3111 3352 3322 3413; x_wconf 89' lang='lat' dir='ltr'><strong>portum</strong></span> <span class='ocrx_word' id='word_1_479' title='bbox 3347 3342 3667 3412; x_wconf 66' lang='lat' dir='ltr'><strong>praecipuum</strong></span> <span class='ocrx_word' id='word_1_480' title='bbox 3691 3340 3886 3394; x_wconf 85' lang='lat' dir='ltr'><strong>habere</strong></span> <span class='ocrx_word' id='word_1_481' title='bbox 3907 3342 3990 3394; x_wconf 90' lang='lat' dir='ltr'><strong>di</strong></span> 
     </span>
     <span class='ocr_line' id='line_1_54' title="bbox 2439 3424 3980 3497; baseline 0 -17"><span class='ocrx_word' id='word_1_482' title='bbox 2439 3429 2595 3490; x_wconf 89' lang='lat' dir='ltr'><strong>citur,</strong></span> <span class='ocrx_word' id='word_1_483' title='bbox 2611 3427 2848 3481; x_wconf 89' lang='lat' dir='ltr'><strong>similiter</strong></span> <span class='ocrx_word' id='word_1_484' title='bbox 2859 3436 3032 3480; x_wconf 78' lang='lat' dir='ltr'><strong>autem</strong></span> <span class='ocrx_word' id='word_1_485' title='bbox 3055 3428 3274 3497; x_wconf 81' lang='lat' dir='ltr'><strong>Smyrna</strong></span> <span class='ocrx_word' id='word_1_486' title='bbox 3289 3437 3341 3480; x_wconf 92' lang='lat' dir='ltr'><strong>et</strong></span> <span class='ocrx_word' id='word_1_487' title='bbox 3357 3428 3466 3497; x_wconf 82' lang='lat' dir='ltr'><strong>ipsa</strong></span> <span class='ocrx_word' id='word_1_488' title='bbox 3486 3425 3665 3479; x_wconf 83' lang='lat' dir='ltr'><strong>civitas</strong></span> <span class='ocrx_word' id='word_1_489' title='bbox 3687 3424 3980 3497; x_wconf 85' lang='lat' dir='ltr'><strong>splendida.</strong></span> 
     </span>
     <span class='ocr_line' id='line_1_55' title="bbox 2443 3510 3978 3584; baseline -0.001 -17"><span class='ocrx_word' id='word_1_490' title='bbox 2443 3513 2604 3584; x_wconf 81' lang='lat' dir='ltr'><strong>Regio</strong></span> <span class='ocrx_word' id='word_1_491' title='bbox 2646 3522 2820 3566; x_wconf 88' lang='lat' dir='ltr'><strong>autem</strong></span> <span class='ocrx_word' id='word_1_492' title='bbox 2857 3522 2966 3566; x_wconf 89' lang='lat' dir='ltr'><strong>tota</strong></span> <span class='ocrx_word' id='word_1_493' title='bbox 2999 3510 3096 3566; x_wconf 86' lang='lat' dir='ltr'><strong>lata</strong></span> <span class='ocrx_word' id='word_1_494' title='bbox 3125 3522 3176 3567; x_wconf 87' lang='lat' dir='ltr'><strong>et</strong></span> <span class='ocrx_word' id='word_1_495' title='bbox 3221 3510 3465 3581; x_wconf 77' lang='lat' dir='ltr'><strong>frugifera</strong></span> <span class='ocrx_word' id='word_1_496' title='bbox 3511 3512 3566 3565; x_wconf 87' lang='lat' dir='ltr'><strong>in</strong></span> <span class='ocrx_word' id='word_1_497' title='bbox 3609 3512 3782 3565; x_wconf 87' lang='lat' dir='ltr'><strong>omnia</strong></span> <span class='ocrx_word' id='word_1_498' title='bbox 3810 3511 3978 3578; x_wconf 85' lang='lat' dir='ltr'><strong>bona,</strong></span> 
     </span>
    </p>
   </div>
   <div class='ocr_carea' id='block_1_13' title="bbox 2439 3597 3986 3671">
    <p class='ocr_par' dir='ltr' id='par_1_17' title="bbox 2439 3597 3986 3671">
     <span class='ocr_line' id='line_1_56' title="bbox 2439 3597 3986 3671; baseline -0.001 -18"><span class='ocrx_word' id='word_1_499' title='bbox 2439 3601 2562 3655; x_wconf 82' lang='lat' dir='ltr'><strong>vina</strong></span> <span class='ocrx_word' id='word_1_500' title='bbox 2593 3602 2763 3665; x_wconf 76' lang='lat' dir='ltr'><strong>varia,</strong></span> <span class='ocrx_word' id='word_1_501' title='bbox 2787 3601 2992 3666; x_wconf 87' lang='lat' dir='ltr'><strong>oleum,</strong></span> <span class='ocrx_word' id='word_1_502' title='bbox 3015 3597 3306 3665; x_wconf 83' lang='lat' dir='ltr'><strong>hordeum,</strong></span> <span class='ocrx_word' id='word_1_503' title='bbox 3335 3616 3622 3671; x_wconf 84' lang='lat' dir='ltr'><strong>purpuram</strong></span> <span class='ocrx_word' id='word_1_504' title='bbox 3643 3598 3865 3661; x_wconf 86' lang='lat' dir='ltr'><strong>bonam,</strong></span> <span class='ocrx_word' id='word_1_505' title='bbox 3888 3600 3986 3653; x_wconf 86' lang='lat' dir='ltr'><strong>ali-</strong></span> 
     </span>
    </p>
   </div>
   <div class='ocr_carea' id='block_1_14' title="bbox 753 3834 3983 5119">
    <p class='ocr_par' dir='ltr' id='par_1_18' title="bbox 753 3834 3983 5119">
     <span class='ocr_line' id='line_1_57' title="bbox 790 3834 3973 3914; baseline 0.002 -25"><span class='ocrx_word' id='word_1_506' title='bbox 790 3840 911 3890; x_wconf 78' lang='grc' dir='ltr'><strong>τῶν.</strong></span> <span class='ocrx_word' id='word_1_507' title='bbox 935 3836 958 3907; x_wconf 84' lang='grc' dir='ltr'><strong>ΙΙ</strong></span> <span class='ocrx_word' id='word_1_508' title='bbox 974 3838 1122 3889; x_wconf 89' lang='grc' dir='ltr'><strong>-Ιιι</strong></span> <span class='ocrx_word' id='word_1_509' title='bbox 1150 3838 1195 3891; x_wconf 90' lang='grc' dir='ltr'><strong>Β</strong></span> <span class='ocrx_word' id='word_1_510' title='bbox 1222 3834 1429 3890; x_wconf 87' lang='lat' dir='ltr'><strong>codex:</strong></span> <span class='ocrx_word' id='word_1_511' title='bbox 1457 3847 1510 3890; x_wconf 82' lang='lat' dir='ltr'><strong>et</strong></span> <span class='ocrx_word' id='word_1_512' title='bbox 1532 3837 1757 3891; x_wconf 78' lang='lat' dir='ltr'><strong>aliorum</strong></span> <span class='ocrx_word' id='word_1_513' title='bbox 1781 3838 1876 3909; x_wconf 83' lang='lat' dir='ltr'><strong>qm&#39;</strong></span> <span class='ocrx_word' id='word_1_514' title='bbox 1899 3837 2083 3891; x_wconf 77' lang='lat' dir='ltr'><strong>bellum</strong></span> <span class='ocrx_word' id='word_1_515' title='bbox 2115 3838 2343 3913; x_wconf 79' lang='lat' dir='ltr'><strong>ipsorum</strong></span> <span class='ocrx_word' id='word_1_516' title='bbox 2435 3840 2788 3914; x_wconf 86' lang='lat' dir='ltr'><strong>Cappadocia,</strong></span> <span class='ocrx_word' id='word_1_517' title='bbox 2811 3842 3055 3912; x_wconf 87' lang='lat' dir='ltr'><strong>inquam,</strong></span> <span class='ocrx_word' id='word_1_518' title='bbox 3079 3840 3306 3905; x_wconf 87' lang='lat' dir='ltr'><strong>Galatia,</strong></span> <span class='ocrx_word' id='word_1_519' title='bbox 3328 3840 3702 3913; x_wconf 85' lang='lat' dir='ltr'><strong>Paphlagonia,</strong></span> <span class='ocrx_word' id='word_1_520' title='bbox 3733 3844 3973 3897; x_wconf 79' lang='lat' dir='ltr'><strong>Ponto.-</strong></span> 
     </span>
     <span class='ocr_line' id='line_1_58' title="bbox 753 3914 3983 3991; baseline 0.001 -22"><span class='ocrx_word' id='word_1_521' title='bbox 753 3914 763 3924; x_wconf 84' lang='lat'>&#39;</span> <span class='ocrx_word' id='word_1_522' title='bbox 786 3934 904 3988; x_wconf 76' lang='lat' dir='ltr'><strong>qua-⁹</strong></span> <span class='ocrx_word' id='word_1_523' title='bbox 926 3914 1171 3984; x_wconf 76' lang='lat' dir='ltr'><strong>Prigium</strong></span> <span class='ocrx_word' id='word_1_524' title='bbox 1194 3926 1245 3969; x_wconf 83' lang='lat' dir='ltr'><strong>et</strong></span> <span class='ocrx_word' id='word_1_525' title='bbox 1273 3919 1557 3984; x_wconf 63' lang='lat' dir='ltr'><strong>Gugorum</strong></span> <span class='ocrx_word' id='word_1_526' title='bbox 1582 3916 2015 3970; x_wconf 78' lang='lat' dir='ltr'><strong>conscribentium</strong></span> <span class='ocrx_word' id='word_1_527' title='bbox 2126 3935 2241 3989; x_wconf 81' lang='lat' dir='ltr'><strong>quoe</strong></span> <span class='ocrx_word' id='word_1_528' title='bbox 2262 3916 2345 3971; x_wconf 76' lang='lat' dir='ltr'><strong>sic</strong></span> <span class='ocrx_word' id='word_1_529' title='bbox 2434 3919 2717 3973; x_wconf 73' lang='lat' dir='ltr'><strong>Gomon.</strong></span> <span class='ocrx_word' id='word_1_530' title='bbox 2747 3920 2770 3989; x_wconf 74' lang='lat' dir='ltr'>ss</span> <span class='ocrx_word' id='word_1_531' title='bbox 2792 3947 2863 3960; x_wconf 91' lang='lat'>-</span> <span class='ocrx_word' id='word_1_532' title='bbox 2882 3917 2947 3971; x_wconf 82' lang='lat' dir='ltr'><strong>cle</strong></span> <span class='ocrx_word' id='word_1_533' title='bbox 2971 3917 3041 3971; x_wconf 79' lang='lat' dir='ltr'><strong>iis</strong></span> <span class='ocrx_word' id='word_1_534' title='bbox 3063 3916 3198 3972; x_wconf 77' lang='lat' dir='ltr'><strong>dicit</strong></span> <span class='ocrx_word' id='word_1_535' title='bbox 3220 3916 3301 3972; x_wconf 77' lang='lat' dir='ltr'><strong>vel</strong></span> <span class='ocrx_word' id='word_1_536' title='bbox 3325 3936 3414 3972; x_wconf 81' lang='lat' dir='ltr'><strong>eas</strong></span> <span class='ocrx_word' id='word_1_537' title='bbox 3437 3918 3595 3991; x_wconf 77' lang='lat' dir='ltr'><strong>dicit]</strong></span> <span class='ocrx_word' id='word_1_538' title='bbox 3625 3918 3689 3973; x_wconf 82' lang='lat' dir='ltr'><strong>de</strong></span> <span class='ocrx_word' id='word_1_539' title='bbox 3726 3938 3814 3974; x_wconf 74' lang='lat' dir='ltr'><strong>eas</strong></span> <span class='ocrx_word' id='word_1_540' title='bbox 3843 3920 3983 3975; x_wconf 73' lang='lat' dir='ltr'><strong>dicit</strong></span> 
     </span>
     <span class='ocr_line' id='line_1_59' title="bbox 789 3992 3973 4071; baseline 0.002 -23"><span class='ocrx_word' id='word_1_541' title='bbox 789 4006 1011 4048; x_wconf 77' lang='lat' dir='ltr'><strong>vocatur</strong></span> <span class='ocrx_word' id='word_1_542' title='bbox 1028 3992 1352 4050; x_wconf 76' lang='lat' dir='ltr'><strong>Laodiciam.</strong></span> <span class='ocrx_word' id='word_1_543' title='bbox 2434 3996 2555 4052; x_wconf 89' lang='lat' dir='ltr'><strong>cod.</strong></span> <span class='ocrx_word' id='word_1_544' title='bbox 2591 3996 2614 4067; x_wconf 84' lang='grc' dir='ltr'><strong>ΙΙ</strong></span> <span class='ocrx_word' id='word_1_545' title='bbox 2635 4025 2706 4037; x_wconf 90' lang='lat'><strong>—-</strong></span> <span class='ocrx_word' id='word_1_546' title='bbox 2723 3994 2868 4049; x_wconf 72' lang='lat' dir='ltr'><strong>vim</strong></span> <span class='ocrx_word' id='word_1_547' title='bbox 2893 3994 3088 4069; x_wconf 64' lang='lat' dir='ltr'><strong>itaque]</strong></span> <span class='ocrx_word' id='word_1_548' title='bbox 3113 3996 3236 4049; x_wconf 76' lang='lat' dir='ltr'><strong>Haec</strong></span> <span class='ocrx_word' id='word_1_549' title='bbox 3259 3996 3305 4049; x_wconf 91' lang='lat' dir='ltr'><strong>si</strong></span> <span class='ocrx_word' id='word_1_550' title='bbox 3331 4007 3470 4051; x_wconf 85' lang='lat' dir='ltr'><strong>recte</strong></span> <span class='ocrx_word' id='word_1_551' title='bbox 3489 3997 3710 4063; x_wconf 86' lang='lat' dir='ltr'><strong>habent,</strong></span> <span class='ocrx_word' id='word_1_552' title='bbox 3739 4000 3792 4051; x_wconf 89' lang='lat' dir='ltr'><strong>in</strong></span> <span class='ocrx_word' id='word_1_553' title='bbox 3827 4017 3973 4071; x_wconf 84' lang='lat' dir='ltr'><strong>seqq.</strong></span> 
     </span>
     <span class='ocr_line' id='line_1_60' title="bbox 856 4071 3980 4147; baseline 0 -19"><span class='ocrx_word' id='word_1_554' title='bbox 856 4078 885 4143; x_wconf 76' lang='lat' dir='ltr'>S</span> <span class='ocrx_word' id='word_1_555' title='bbox 924 4074 1013 4138; x_wconf 88' lang='grc'><strong>43.</strong></span> <span class='ocrx_word' id='word_1_556' title='bbox 1059 4098 1083 4121; x_wconf 70' lang='grc' dir='ltr'><strong>α</strong></span> <span class='ocrx_word' id='word_1_557' title='bbox 1120 4075 1421 4129; x_wconf 79' lang='lat' dir='ltr'><strong>Armeniam</strong></span> <span class='ocrx_word' id='word_1_558' title='bbox 1470 4072 1722 4145; x_wconf 76' lang='lat' dir='ltr'><strong>Majorem</strong></span> <span class='ocrx_word' id='word_1_559' title='bbox 1755 4074 1949 4129; x_wconf 85' lang='lat' dir='ltr'><strong>omittit</strong></span> <span class='ocrx_word' id='word_1_560' title='bbox 1980 4084 2183 4140; x_wconf 85' lang='lat' dir='ltr'><strong>auctor,</strong></span> <span class='ocrx_word' id='word_1_561' title='bbox 2215 4075 2339 4147; x_wconf 89' lang='lat' dir='ltr'><strong>quia</strong></span> <span class='ocrx_word' id='word_1_562' title='bbox 2432 4074 2588 4130; x_wconf 77' lang='lat' dir='ltr'><strong>verba</strong></span> <span class='ocrx_word' id='word_1_563' title='bbox 2624 4085 2678 4127; x_wconf 82' lang='lat' dir='ltr'><strong>et</strong></span> <span class='ocrx_word' id='word_1_564' title='bbox 2787 4071 2932 4127; x_wconf 72' lang='lat' dir='ltr'><strong>viros</strong></span> <span class='ocrx_word' id='word_1_565' title='bbox 2958 4071 3243 4127; x_wconf 85' lang='lat' dir='ltr'><strong>abundant.</strong></span> <span class='ocrx_word' id='word_1_566' title='bbox 3273 4075 3511 4128; x_wconf 85' lang='lat' dir='ltr'><strong>Fortasse</strong></span> <span class='ocrx_word' id='word_1_567' title='bbox 3549 4074 3650 4129; x_wconf 79' lang='lat' dir='ltr'><strong>suit</strong></span> <span class='ocrx_word' id='word_1_568' title='bbox 3691 4093 3705 4129; x_wconf 76' lang='grc' dir='ltr'><strong>ι</strong></span> <span class='ocrx_word' id='word_1_569' title='bbox 3752 4078 3810 4128; x_wconf 85' lang='lat' dir='ltr'><em>V</em></span> <span class='ocrx_word' id='word_1_570' title='bbox 3807 4075 3980 4130; x_wconf 70' lang='lat' dir='ltr'><strong>iriam</strong></span> 
     </span>
     <span class='ocr_line' id='line_1_61' title="bbox 782 4152 3977 4226; baseline 0.001 -20"><span class='ocrx_word' id='word_1_571' title='bbox 782 4152 894 4207; x_wconf 82' lang='lat' dir='ltr'><strong>haec</strong></span> <span class='ocrx_word' id='word_1_572' title='bbox 916 4169 1073 4205; x_wconf 86' lang='lat' dir='ltr'><strong>suum</strong></span> <span class='ocrx_word' id='word_1_573' title='bbox 1110 4170 1283 4223; x_wconf 85' lang='lat' dir='ltr'><strong>regem</strong></span> <span class='ocrx_word' id='word_1_574' title='bbox 1309 4164 1437 4207; x_wconf 90' lang='lat' dir='ltr'><strong>tunc</strong></span> <span class='ocrx_word' id='word_1_575' title='bbox 1480 4152 1703 4207; x_wconf 87' lang='lat' dir='ltr'><strong>habebat</strong></span> <span class='ocrx_word' id='word_1_576' title='bbox 1745 4154 1991 4207; x_wconf 85' lang='lat' dir='ltr'><strong>Romanis</strong></span> <span class='ocrx_word' id='word_1_577' title='bbox 2028 4154 2277 4209; x_wconf 90' lang='lat' dir='ltr'><strong>amicum.</strong></span> <span class='ocrx_word' id='word_1_578' title='bbox 2310 4176 2333 4203; x_wconf 71' lang='grc' dir='ltr'><strong>ι</strong></span> <span class='ocrx_word' id='word_1_579' title='bbox 2431 4154 2607 4226; x_wconf 78' lang='lat' dir='ltr'><strong>itaque</strong></span> <span class='ocrx_word' id='word_1_580' title='bbox 2627 4163 2727 4208; x_wconf 90' lang='lat' dir='ltr'><strong>etc.</strong></span> <span class='ocrx_word' id='word_1_581' title='bbox 2761 4154 2782 4221; x_wconf 82' lang='grc' dir='ltr'><strong>ΙΙ</strong></span> <span class='ocrx_word' id='word_1_582' title='bbox 2809 4152 3174 4225; x_wconf 77' lang='lat' dir='ltr'><strong>—pmvincioe</strong></span> <span class='ocrx_word' id='word_1_583' title='bbox 3197 4170 3312 4223; x_wconf 74' lang='lat' dir='ltr'><strong>quw</strong></span> <span class='ocrx_word' id='word_1_584' title='bbox 3336 4164 3385 4205; x_wconf 83' lang='lat' dir='ltr'><strong>et</strong></span> <span class='ocrx_word' id='word_1_585' title='bbox 3409 4152 3691 4207; x_wconf 74' lang='lat' dir='ltr'><strong>civitatum</strong></span> <span class='ocrx_word' id='word_1_586' title='bbox 3711 4154 3830 4208; x_wconf 86' lang='lat' dir='ltr'><strong>cod.</strong></span> <span class='ocrx_word' id='word_1_587' title='bbox 3865 4157 3888 4224; x_wconf 80' lang='lat' dir='ltr'>ss</span> <span class='ocrx_word' id='word_1_588' title='bbox 3908 4185 3977 4196; x_wconf 96' lang='lat'>—</span> 
     </span>
     <span class='ocr_line' id='line_1_62' title="bbox 783 4230 3975 4304; baseline -0.001 -19"><span class='ocrx_word' id='word_1_589' title='bbox 783 4232 1067 4285; x_wconf 68' lang='lat' dir='ltr'><strong>Gna-nora.</strong></span> <span class='ocrx_word' id='word_1_590' title='bbox 1100 4230 1122 4301; x_wconf 84' lang='grc' dir='ltr'><strong>ΙΙ</strong></span> <span class='ocrx_word' id='word_1_591' title='bbox 1149 4261 1222 4272; x_wconf 90' lang='grc'>-</span> <span class='ocrx_word' id='word_1_592' title='bbox 1253 4234 1282 4299; x_wconf 72' lang='lat' dir='ltr'><strong>S</strong></span> <span class='ocrx_word' id='word_1_593' title='bbox 1321 4234 1386 4294; x_wconf 87' lang='lat'><strong>44</strong></span> <span class='ocrx_word' id='word_1_594' title='bbox 1432 4234 1496 4286; x_wconf 90' lang='lat' dir='ltr'><strong>B.</strong></span> <span class='ocrx_word' id='word_1_595' title='bbox 1541 4230 1957 4304; x_wconf 77' lang='lat' dir='ltr'><strong>Cappadocibus]</strong></span> <span class='ocrx_word' id='word_1_596' title='bbox 2003 4230 2340 4303; x_wconf 78' lang='lat' dir='ltr'><strong>Cappadocus</strong></span> <span class='ocrx_word' id='word_1_597' title='bbox 2428 4231 2699 4303; x_wconf 80' lang='lat' dir='ltr'><strong>comitata]</strong></span> <span class='ocrx_word' id='word_1_598' title='bbox 2734 4256 2756 4277; x_wconf 79' lang='grc' dir='ltr'><strong>ι</strong></span> <span class='ocrx_word' id='word_1_599' title='bbox 2784 4230 3074 4299; x_wconf 75' lang='grc' dir='ltr'><strong>Κωμίτατον</strong></span> <span class='ocrx_word' id='word_1_600' title='bbox 3099 4248 3199 4301; x_wconf 89' lang='lat' dir='ltr'><strong>pro</strong></span> <span class='ocrx_word' id='word_1_601' title='bbox 3225 4231 3475 4284; x_wconf 89' lang='lat' dir='ltr'><strong>comitatu</strong></span> <span class='ocrx_word' id='word_1_602' title='bbox 3491 4249 3584 4284; x_wconf 88' lang='lat' dir='ltr'><strong>seu</strong></span> <span class='ocrx_word' id='word_1_603' title='bbox 3599 4231 3715 4285; x_wconf 88' lang='lat' dir='ltr'><strong>aula</strong></span> <span class='ocrx_word' id='word_1_604' title='bbox 3726 4232 3975 4303; x_wconf 85' lang='lat' dir='ltr'><strong>principis</strong></span> 
     </span>
     <span class='ocr_line' id='line_1_63' title="bbox 783 4308 3972 4383; baseline 0 -20"><span class='ocrx_word' id='word_1_605' title='bbox 783 4308 905 4363; x_wconf 84' lang='lat' dir='ltr'><strong>cod.</strong></span> <span class='ocrx_word' id='word_1_606' title='bbox 936 4310 957 4379; x_wconf 74' lang='lat' dir='ltr'>u</span> <span class='ocrx_word' id='word_1_607' title='bbox 978 4339 1053 4352; x_wconf 95' lang='lat'>—</span> <span class='ocrx_word' id='word_1_608' title='bbox 1072 4308 1125 4362; x_wconf 83' lang='lat' dir='ltr'><strong>in</strong></span> <span class='ocrx_word' id='word_1_609' title='bbox 1142 4308 1403 4381; x_wconf 79' lang='lat' dir='ltr'><strong>doctrina]</strong></span> <span class='ocrx_word' id='word_1_610' title='bbox 1437 4334 1461 4356; x_wconf 71' lang='grc' dir='ltr'><strong>ι</strong></span> <span class='ocrx_word' id='word_1_611' title='bbox 1491 4311 1571 4363; x_wconf 89' lang='lat' dir='ltr'><strong>De</strong></span> <span class='ocrx_word' id='word_1_612' title='bbox 1597 4308 1965 4381; x_wconf 83' lang='lat' dir='ltr'><strong>Cappadocum</strong></span> <span class='ocrx_word' id='word_1_613' title='bbox 1988 4320 2042 4364; x_wconf 90' lang='lat' dir='ltr'><strong>et</strong></span> <span class='ocrx_word' id='word_1_614' title='bbox 2059 4311 2338 4365; x_wconf 80' lang='lat' dir='ltr'><strong>Caesarien·</strong></span> <span class='ocrx_word' id='word_1_615' title='bbox 2426 4310 2567 4383; x_wconf 87' lang='lat' dir='ltr'><strong>apud</strong></span> <span class='ocrx_word' id='word_1_616' title='bbox 2593 4311 2854 4365; x_wconf 87' lang='lat' dir='ltr'><strong>Socratem</strong></span> <span class='ocrx_word' id='word_1_617' title='bbox 2876 4326 3088 4380; x_wconf 88' lang='lat' dir='ltr'><strong>quoque</strong></span> <span class='ocrx_word' id='word_1_618' title='bbox 3117 4308 3172 4361; x_wconf 92' lang='lat' dir='ltr'><strong>in</strong></span> <span class='ocrx_word' id='word_1_619' title='bbox 3198 4308 3414 4381; x_wconf 87' lang='lat' dir='ltr'><strong>epistola</strong></span> <span class='ocrx_word' id='word_1_620' title='bbox 3437 4310 3724 4364; x_wconf 83' lang='lat' dir='ltr'><strong>Constantii</strong></span> <span class='ocrx_word' id='word_1_621' title='bbox 3754 4310 3884 4382; x_wconf 87' lang='lat' dir='ltr'><strong>imp.</strong></span> <span class='ocrx_word' id='word_1_622' title='bbox 3907 4310 3972 4363; x_wconf 88' lang='lat' dir='ltr'><strong>ad</strong></span> 
     </span>
     <span class='ocr_line' id='line_1_64' title="bbox 782 4385 3974 4461; baseline 0.001 -21"><span class='ocrx_word' id='word_1_623' title='bbox 782 4388 921 4441; x_wconf 81' lang='lat' dir='ltr'><strong>aium</strong></span> <span class='ocrx_word' id='word_1_624' title='bbox 946 4388 1045 4441; x_wconf 89' lang='lat' dir='ltr'><strong>hac</strong></span> <span class='ocrx_word' id='word_1_625' title='bbox 1067 4398 1367 4459; x_wconf 87' lang='lat' dir='ltr'><strong>tempestate</strong></span> <span class='ocrx_word' id='word_1_626' title='bbox 1391 4388 1630 4443; x_wconf 88' lang='lat' dir='ltr'><strong>doctrina</strong></span> <span class='ocrx_word' id='word_1_627' title='bbox 1651 4388 1773 4443; x_wconf 80' lang='lat' dir='ltr'><strong>vide</strong></span> <span class='ocrx_word' id='word_1_628' title='bbox 1796 4400 1851 4443; x_wconf 90' lang='lat' dir='ltr'><strong>et</strong></span> <span class='ocrx_word' id='word_1_629' title='bbox 1870 4390 2155 4443; x_wconf 87' lang='lat' dir='ltr'><strong>Libanium</strong></span> <span class='ocrx_word' id='word_1_630' title='bbox 2180 4390 2331 4445; x_wconf 87' lang='lat' dir='ltr'><strong>Orat.</strong></span> <span class='ocrx_word' id='word_1_631' title='bbox 2425 4388 2771 4444; x_wconf 82' lang='lat' dir='ltr'><strong>Athanasium</strong></span> <span class='ocrx_word' id='word_1_632' title='bbox 2786 4426 2801 4452; x_wconf 95' lang='lat'><strong>,</strong></span> <span class='ocrx_word' id='word_1_633' title='bbox 2827 4385 2920 4443; x_wconf 86' lang='lat' dir='ltr'><strong>lib.</strong></span> <span class='ocrx_word' id='word_1_634' title='bbox 2942 4403 2995 4453; x_wconf 77' lang='lat' dir='ltr'><strong>a,</strong></span> <span class='ocrx_word' id='word_1_635' title='bbox 3021 4404 3070 4442; x_wconf 89' lang='lat' dir='ltr'><strong>c.</strong></span> <span class='ocrx_word' id='word_1_636' title='bbox 3100 4387 3153 4453; x_wconf 86' lang='grc'><strong>3,</strong></span> <span class='ocrx_word' id='word_1_637' title='bbox 3173 4397 3224 4440; x_wconf 87' lang='grc' dir='ltr'><strong>ει</strong></span> <span class='ocrx_word' id='word_1_638' title='bbox 3247 4387 3596 4461; x_wconf 79' lang='lat' dir='ltr'><strong>Epiphaniam</strong></span> <span class='ocrx_word' id='word_1_639' title='bbox 3615 4400 3797 4443; x_wconf 90' lang='lat' dir='ltr'><strong>contra</strong></span> <span class='ocrx_word' id='word_1_640' title='bbox 3815 4390 3974 4445; x_wconf 88' lang='lat' dir='ltr'><strong>Ebio-</strong></span> 
     </span>
     <span class='ocr_line' id='line_1_65' title="bbox 782 4462 3970 4541; baseline -0 -18"><span class='ocrx_word' id='word_1_641' title='bbox 782 4474 852 4523; x_wconf 78' lang='lat'><strong>26</strong></span> <span class='ocrx_word' id='word_1_642' title='bbox 878 4486 934 4540; x_wconf 86' lang='lat' dir='ltr'><strong>p.</strong></span> <span class='ocrx_word' id='word_1_643' title='bbox 964 4485 1068 4539; x_wconf 82' lang='lat'><strong>299</strong></span> <span class='ocrx_word' id='word_1_644' title='bbox 1094 4478 1146 4521; x_wconf 93' lang='lat' dir='ltr'><strong>et</strong></span> <span class='ocrx_word' id='word_1_645' title='bbox 1174 4469 1253 4521; x_wconf 89' lang='lat' dir='ltr'><strong>De</strong></span> <span class='ocrx_word' id='word_1_646' title='bbox 1274 4468 1397 4521; x_wconf 87' lang='lat' dir='ltr'><strong>Vita</strong></span> <span class='ocrx_word' id='word_1_647' title='bbox 1416 4486 1507 4522; x_wconf 86' lang='lat' dir='ltr'><strong>sua</strong></span> <span class='ocrx_word' id='word_1_648' title='bbox 1520 4508 1537 4533; x_wconf 90' lang='lat'><strong>,</strong></span> <span class='ocrx_word' id='word_1_649' title='bbox 1562 4478 1616 4522; x_wconf 91' lang='lat' dir='ltr'><strong>et</strong></span> <span class='ocrx_word' id='word_1_650' title='bbox 1636 4462 1935 4541; x_wconf 73' lang='lat' dir='ltr'><strong>Eunapiiim</strong></span> <span class='ocrx_word' id='word_1_651' title='bbox 1969 4470 2025 4521; x_wconf 90' lang='lat' dir='ltr'><strong>in</strong></span> <span class='ocrx_word' id='word_1_652' title='bbox 2044 4466 2255 4523; x_wconf 81' lang='lat' dir='ltr'><strong>AEdesio</strong></span> <span class='ocrx_word' id='word_1_653' title='bbox 2280 4480 2336 4524; x_wconf 88' lang='lat' dir='ltr'><strong>et</strong></span> <span class='ocrx_word' id='word_1_654' title='bbox 2425 4486 2564 4521; x_wconf 77' lang='lat' dir='ltr'><strong>naeos</strong></span> <span class='ocrx_word' id='word_1_655' title='bbox 2583 4477 2636 4520; x_wconf 87' lang='lat' dir='ltr'><strong>et</strong></span> <span class='ocrx_word' id='word_1_656' title='bbox 2659 4476 2842 4520; x_wconf 88' lang='lat' dir='ltr'><strong>contra</strong></span> <span class='ocrx_word' id='word_1_657' title='bbox 2867 4466 3170 4519; x_wconf 82' lang='lat' dir='ltr'><strong>Meletianos</strong></span> <span class='ocrx_word' id='word_1_658' title='bbox 3195 4465 3326 4529; x_wconf 81' lang='lat' dir='ltr'><strong>etin</strong></span> <span class='ocrx_word' id='word_1_659' title='bbox 3351 4466 3498 4538; x_wconf 86' lang='lat' dir='ltr'><strong>epist.</strong></span> <span class='ocrx_word' id='word_1_660' title='bbox 3526 4465 3593 4519; x_wconf 91' lang='lat' dir='ltr'><strong>ad</strong></span> <span class='ocrx_word' id='word_1_661' title='bbox 3617 4466 3970 4522; x_wconf 78' lang='lat' dir='ltr'><strong>Alexandrum</strong></span> 
     </span>
     <span class='ocr_line' id='line_1_66' title="bbox 778 4544 3970 4620; baseline -0 -17"><span class='ocrx_word' id='word_1_662' title='bbox 778 4551 813 4603; x_wconf 85' lang='lat' dir='ltr'><strong>J</strong></span> <span class='ocrx_word' id='word_1_663' title='bbox 816 4548 991 4602; x_wconf 84' lang='lat' dir='ltr'><strong>uliano</strong></span> <span class='ocrx_word' id='word_1_664' title='bbox 1012 4546 1155 4619; x_wconf 90' lang='lat' dir='ltr'><strong>(inde</strong></span> <span class='ocrx_word' id='word_1_665' title='bbox 1174 4548 1312 4600; x_wconf 90' lang='lat' dir='ltr'><strong>enim</strong></span> <span class='ocrx_word' id='word_1_666' title='bbox 1338 4557 1554 4619; x_wconf 88' lang='lat' dir='ltr'><strong>uterque</strong></span> <span class='ocrx_word' id='word_1_667' title='bbox 1576 4546 1702 4613; x_wconf 81' lang='lat' dir='ltr'><strong>suit,</strong></span> <span class='ocrx_word' id='word_1_668' title='bbox 1726 4547 1963 4602; x_wconf 85' lang='lat' dir='ltr'><strong>AEdesius</strong></span> <span class='ocrx_word' id='word_1_669' title='bbox 1980 4558 2033 4601; x_wconf 88' lang='lat' dir='ltr'><strong>et</strong></span> <span class='ocrx_word' id='word_1_670' title='bbox 2050 4547 2330 4616; x_wconf 86' lang='lat' dir='ltr'><strong>Julianus).</strong></span> <span class='ocrx_word' id='word_1_671' title='bbox 2423 4566 2610 4620; x_wconf 88' lang='lat' dir='ltr'><strong>papam</strong></span> <span class='ocrx_word' id='word_1_672' title='bbox 2634 4544 2774 4617; x_wconf 88' lang='lat' dir='ltr'><strong>apud</strong></span> <span class='ocrx_word' id='word_1_673' title='bbox 2797 4544 3022 4599; x_wconf 88' lang='lat' dir='ltr'><strong>eundem</strong></span> <span class='ocrx_word' id='word_1_674' title='bbox 3044 4556 3227 4600; x_wconf 89' lang='lat' dir='ltr'><strong>contra</strong></span> <span class='ocrx_word' id='word_1_675' title='bbox 3264 4546 3633 4601; x_wconf 79' lang='lat' dir='ltr'><strong>Ariomanitas.</strong></span> <span class='ocrx_word' id='word_1_676' title='bbox 3664 4572 3686 4593; x_wconf 77' lang='grc' dir='ltr'><strong>ι</strong></span> <span class='ocrx_word' id='word_1_677' title='bbox 3711 4548 3888 4603; x_wconf 74' lang='lat' dir='ltr'><strong>Gora.</strong></span> <span class='ocrx_word' id='word_1_678' title='bbox 3907 4550 3970 4602; x_wconf 91' lang='lat' dir='ltr'><strong>In</strong></span> 
     </span>
     <span class='ocr_line' id='line_1_67' title="bbox 779 4624 3972 4699; baseline -0 -18"><span class='ocrx_word' id='word_1_679' title='bbox 779 4630 915 4681; x_wconf 87' lang='lat' dir='ltr'><strong>Sane</strong></span> <span class='ocrx_word' id='word_1_680' title='bbox 954 4626 1109 4680; x_wconf 83' lang='lat' dir='ltr'><strong>iidem</strong></span> <span class='ocrx_word' id='word_1_681' title='bbox 1138 4624 1332 4699; x_wconf 74' lang='lat' dir='ltr'><strong>iaciunt</strong></span> <span class='ocrx_word' id='word_1_682' title='bbox 1368 4636 1422 4679; x_wconf 89' lang='lat' dir='ltr'><strong>et</strong></span> <span class='ocrx_word' id='word_1_683' title='bbox 1450 4643 1603 4697; x_wconf 91' lang='lat' dir='ltr'><strong>quam</strong></span> <span class='ocrx_word' id='word_1_684' title='bbox 1627 4625 1843 4697; x_wconf 86' lang='lat' dir='ltr'><strong>plurimi</strong></span> <span class='ocrx_word' id='word_1_685' title='bbox 1874 4642 2103 4697; x_wconf 87' lang='lat' dir='ltr'><strong>quorum</strong></span> <span class='ocrx_word' id='word_1_686' title='bbox 2138 4625 2332 4697; x_wconf 87' lang='lat' dir='ltr'><strong>scripta</strong></span> <span class='ocrx_word' id='word_1_687' title='bbox 2421 4646 2568 4699; x_wconf 86' lang='lat' dir='ltr'><strong>seqq.</strong></span> <span class='ocrx_word' id='word_1_688' title='bbox 2597 4625 2826 4679; x_wconf 80' lang='lat' dir='ltr'><strong>fortassis</strong></span> <span class='ocrx_word' id='word_1_689' title='bbox 2843 4624 3206 4696; x_wconf 78' lang='lat' dir='ltr'><strong>refingendum</strong></span> <span class='ocrx_word' id='word_1_690' title='bbox 3231 4640 3246 4678; x_wconf 70' lang='grc' dir='ltr'><strong>ι</strong></span> <span class='ocrx_word' id='word_1_691' title='bbox 3270 4624 3623 4699; x_wconf 73' lang='lat' dir='ltr'><strong>mttltoplures</strong></span> <span class='ocrx_word' id='word_1_692' title='bbox 3644 4624 3722 4680; x_wconf 77' lang='lat' dir='ltr'><strong>ibi</strong></span> <span class='ocrx_word' id='word_1_693' title='bbox 3743 4624 3972 4680; x_wconf 76' lang='lat' dir='ltr'><strong>invenies</strong></span> 
     </span>
     <span class='ocr_line' id='line_1_68' title="bbox 778 4701 3969 4779; baseline 0 -21"><span class='ocrx_word' id='word_1_694' title='bbox 778 4715 1041 4759; x_wconf 87' lang='lat' dir='ltr'><strong>memorat</strong></span> <span class='ocrx_word' id='word_1_695' title='bbox 1066 4703 1276 4768; x_wconf 87' lang='lat' dir='ltr'><strong>Suidas,</strong></span> <span class='ocrx_word' id='word_1_696' title='bbox 1302 4702 1393 4755; x_wconf 89' lang='lat' dir='ltr'><strong>sed</strong></span> <span class='ocrx_word' id='word_1_697' title='bbox 1414 4713 1468 4756; x_wconf 91' lang='lat' dir='ltr'><strong>et</strong></span> <span class='ocrx_word' id='word_1_698' title='bbox 1488 4704 1665 4758; x_wconf 83' lang='lat' dir='ltr'><strong>Gallus</strong></span> <span class='ocrx_word' id='word_1_699' title='bbox 1686 4714 1738 4758; x_wconf 87' lang='lat' dir='ltr'><strong>ct</strong></span> <span class='ocrx_word' id='word_1_700' title='bbox 1759 4703 1996 4758; x_wconf 86' lang='lat' dir='ltr'><strong>Julianus</strong></span> <span class='ocrx_word' id='word_1_701' title='bbox 2017 4701 2207 4757; x_wconf 86' lang='lat' dir='ltr'><strong>eruditi</strong></span> <span class='ocrx_word' id='word_1_702' title='bbox 2230 4702 2332 4757; x_wconf 87' lang='lat' dir='ltr'><strong>hac</strong></span> <span class='ocrx_word' id='word_1_703' title='bbox 2420 4725 2578 4779; x_wconf 81' lang='lat' dir='ltr'><strong>quam</strong></span> <span class='ocrx_word' id='word_1_704' title='bbox 2621 4723 2687 4758; x_wconf 81' lang='lat' dir='ltr'><strong>ex</strong></span> <span class='ocrx_word' id='word_1_705' title='bbox 2726 4703 2854 4757; x_wconf 73' lang='lat' dir='ltr'><strong>aliis</strong></span> <span class='ocrx_word' id='word_1_706' title='bbox 2897 4702 3230 4760; x_wconf 74' lang='lat' dir='ltr'><strong>civitatibus.</strong></span> <span class='ocrx_word' id='word_1_707' title='bbox 3257 4704 3280 4775; x_wconf 78' lang='lat' dir='ltr'>ss</span> <span class='ocrx_word' id='word_1_708' title='bbox 3303 4734 3377 4745; x_wconf 95' lang='lat'><strong>—</strong></span> <span class='ocrx_word' id='word_1_709' title='bbox 3391 4702 3617 4778; x_wconf 68' lang='lat' dir='ltr'><strong>devilia]</strong></span> <span class='ocrx_word' id='word_1_710' title='bbox 3649 4704 3852 4758; x_wconf 74' lang='grc' dir='ltr'><strong>ἀκακίαν</strong></span> <span class='ocrx_word' id='word_1_711' title='bbox 3895 4705 3969 4759; x_wconf 84' lang='lat' dir='ltr'><strong>sic</strong></span> 
     </span>
     <span class='ocr_line' id='line_1_69' title="bbox 777 4780 3964 4857; baseline 0 -20"><span class='ocrx_word' id='word_1_712' title='bbox 777 4794 1103 4857; x_wconf 84' lang='lat' dir='ltr'><strong>tempestate,</strong></span> <span class='ocrx_word' id='word_1_713' title='bbox 1119 4800 1258 4837; x_wconf 88' lang='lat' dir='ltr'><strong>anno</strong></span> <span class='ocrx_word' id='word_1_714' title='bbox 1273 4780 1381 4837; x_wconf 83' lang='lat' dir='ltr'><strong>l&#39;ere</strong></span> <span class='ocrx_word' id='word_1_715' title='bbox 1392 4784 1513 4853; x_wconf 80' lang='lat'><strong>329,</strong></span> <span class='ocrx_word' id='word_1_716' title='bbox 1530 4783 2028 4855; x_wconf 83' lang='lat' dir='ltr'><strong>inMarcellioprope</strong></span> <span class='ocrx_word' id='word_1_717' title='bbox 2044 4782 2327 4836; x_wconf 84' lang='lat' dir='ltr'><strong>Caesarcam</strong></span> <span class='ocrx_word' id='word_1_718' title='bbox 2421 4782 2528 4837; x_wconf 87' lang='lat' dir='ltr'><strong>dici</strong></span> <span class='ocrx_word' id='word_1_719' title='bbox 2555 4782 2635 4835; x_wconf 88' lang='lat' dir='ltr'><strong>vel</strong></span> <span class='ocrx_word' id='word_1_720' title='bbox 2675 4780 2878 4836; x_wconf 76' lang='lat' dir='ltr'><strong>divitia</strong></span> <span class='ocrx_word' id='word_1_721' title='bbox 2904 4781 3179 4852; x_wconf 85' lang='lat' dir='ltr'><strong>legendum</strong></span> <span class='ocrx_word' id='word_1_722' title='bbox 3216 4800 3326 4836; x_wconf 81' lang='lat' dir='ltr'><strong>csse</strong></span> <span class='ocrx_word' id='word_1_723' title='bbox 3364 4784 3568 4836; x_wconf 84' lang='lat' dir='ltr'><strong>censuit</strong></span> <span class='ocrx_word' id='word_1_724' title='bbox 3593 4782 3964 4837; x_wconf 81' lang='lat' dir='ltr'><strong>Gothol&#39;rcdus.</strong></span> 
     </span>
     <span class='ocr_line' id='line_1_70' title="bbox 775 4858 3965 4936; baseline -0.002 -18"><span class='ocrx_word' id='word_1_725' title='bbox 775 4862 1155 4936; x_wconf 76' lang='lat' dir='ltr'><strong>Cappadociae,</strong></span> <span class='ocrx_word' id='word_1_726' title='bbox 1200 4872 1327 4916; x_wconf 89' lang='lat' dir='ltr'><strong>teste</strong></span> <span class='ocrx_word' id='word_1_727' title='bbox 1373 4862 1666 4927; x_wconf 79' lang='lat' dir='ltr'><strong>Ammiano,</strong></span> <span class='ocrx_word' id='word_1_728' title='bbox 1708 4865 2023 4927; x_wconf 82' lang='lat' dir='ltr'><strong>sozomeno,</strong></span> <span class='ocrx_word' id='word_1_729' title='bbox 2065 4859 2325 4917; x_wconf 91' lang='lat' dir='ltr'><strong>Cedreno.</strong></span> <span class='ocrx_word' id='word_1_730' title='bbox 2424 4864 2509 4916; x_wconf 82' lang='lat' dir='ltr'><strong>An</strong></span> <span class='ocrx_word' id='word_1_731' title='bbox 2537 4860 2852 4934; x_wconf 69' lang='lat' dir='ltr'><strong>devotique?</strong></span> <span class='ocrx_word' id='word_1_732' title='bbox 2875 4860 2992 4931; x_wconf 79' lang='grc' dir='ltr'>ΙΙ·-</span> <span class='ocrx_word' id='word_1_733' title='bbox 3005 4862 3035 4929; x_wconf 76' lang='lat' dir='ltr'>S</span> <span class='ocrx_word' id='word_1_734' title='bbox 3069 4860 3136 4924; x_wconf 84' lang='lat'><strong>45</strong></span> <span class='ocrx_word' id='word_1_735' title='bbox 3159 4862 3221 4914; x_wconf 86' lang='grc' dir='ltr'><strong>Β.</strong></span> <span class='ocrx_word' id='word_1_736' title='bbox 3250 4858 3642 4932; x_wconf 76' lang='lat' dir='ltr'><strong>mediterranea]</strong></span> <span class='ocrx_word' id='word_1_737' title='bbox 3673 4858 3844 4913; x_wconf 77' lang='lat' dir='ltr'><strong>media</strong></span> <span class='ocrx_word' id='word_1_738' title='bbox 3866 4872 3965 4913; x_wconf 64' lang='lat' dir='ltr'><strong>eer-</strong></span> 
     </span>
     <span class='ocr_line' id='line_1_71' title="bbox 772 4938 3964 5013; baseline -0.001 -18"><span class='ocrx_word' id='word_1_739' title='bbox 772 4944 855 4995; x_wconf 86' lang='lat' dir='ltr'><strong>De</strong></span> <span class='ocrx_word' id='word_1_740' title='bbox 895 4942 1131 4997; x_wconf 87' lang='lat' dir='ltr'><strong>Ponticis</strong></span> <span class='ocrx_word' id='word_1_741' title='bbox 1167 4960 1218 4994; x_wconf 83' lang='lat' dir='ltr'><strong>v.</strong></span> <span class='ocrx_word' id='word_1_742' title='bbox 1242 4942 1539 5013; x_wconf 87' lang='lat' dir='ltr'><strong>Eunapium</strong></span> <span class='ocrx_word' id='word_1_743' title='bbox 1579 4944 1633 4996; x_wconf 89' lang='lat' dir='ltr'><strong>in</strong></span> <span class='ocrx_word' id='word_1_744' title='bbox 1674 4941 1955 4997; x_wconf 71' lang='lat' dir='ltr'><strong>Proaeresio</strong></span> <span class='ocrx_word' id='word_1_745' title='bbox 1984 4958 2041 5013; x_wconf 89' lang='lat' dir='ltr'><strong>p.</strong></span> <span class='ocrx_word' id='word_1_746' title='bbox 2088 4940 2206 4995; x_wconf 84' lang='lat'><strong>138.</strong></span> <span class='ocrx_word' id='word_1_747' title='bbox 2244 4941 2328 4993; x_wconf 87' lang='lat' dir='ltr'><strong>De</strong></span> <span class='ocrx_word' id='word_1_748' title='bbox 2421 4959 2544 4994; x_wconf 77' lang='lat' dir='ltr'><strong>rena</strong></span> <span class='ocrx_word' id='word_1_749' title='bbox 2586 4940 2708 4995; x_wconf 88' lang='lat' dir='ltr'><strong>cod.</strong></span> <span class='ocrx_word' id='word_1_750' title='bbox 2752 4939 2774 5010; x_wconf 89' lang='grc' dir='ltr'><strong>ΙΙ</strong></span> <span class='ocrx_word' id='word_1_751' title='bbox 2815 4968 2888 4981; x_wconf 92' lang='lat'><em>-</em></span> <span class='ocrx_word' id='word_1_752' title='bbox 2921 4942 2951 5007; x_wconf 76' lang='lat' dir='ltr'>S</span> <span class='ocrx_word' id='word_1_753' title='bbox 2990 4942 3078 5004; x_wconf 88' lang='grc'><strong>46.</strong></span> <span class='ocrx_word' id='word_1_754' title='bbox 3122 4940 3400 5007; x_wconf 66' lang='lat' dir='ltr'><strong>caecemus]</strong></span> <span class='ocrx_word' id='word_1_755' title='bbox 3449 4938 3740 4993; x_wconf 84' lang='lat' dir='ltr'><strong>Caucasum</strong></span> <span class='ocrx_word' id='word_1_756' title='bbox 3797 4940 3872 5008; x_wconf 63' lang='lat'><strong>1.)</strong></span> <span class='ocrx_word' id='word_1_757' title='bbox 3875 4939 3964 4991; x_wconf 83' lang='lat' dir='ltr'><strong>cioe</strong></span> 
     </span>
     <span class='ocr_line' id='line_1_72' title="bbox 770 5016 3962 5119; baseline -0.002 -44"><span class='ocrx_word' id='word_1_758' title='bbox 770 5023 817 5076; x_wconf 67' lang='grc' dir='ltr'><strong>ί·</strong></span> <span class='ocrx_word' id='word_1_759' title='bbox 823 5022 955 5075; x_wconf 88' lang='lat' dir='ltr'><strong>alata</strong></span> <span class='ocrx_word' id='word_1_760' title='bbox 981 5022 1202 5075; x_wconf 84' lang='lat' dir='ltr'><strong>Theone</strong></span> <span class='ocrx_word' id='word_1_761' title='bbox 1229 5038 1279 5074; x_wconf 81' lang='lat' dir='ltr'><strong>v.</strong></span> <span class='ocrx_word' id='word_1_762' title='bbox 1314 5022 1652 5094; x_wconf 80' lang='lat' dir='ltr'><strong>Eunapiurn</strong></span> <span class='ocrx_word' id='word_1_763' title='bbox 1636 5041 1691 5076; x_wconf 89' lang='grc' dir='ltr'><strong>ιιι</strong></span> <span class='ocrx_word' id='word_1_764' title='bbox 1729 5021 1914 5077; x_wconf 87' lang='lat' dir='ltr'><strong>Jonico</strong></span> <span class='ocrx_word' id='word_1_765' title='bbox 1952 5038 2010 5092; x_wconf 91' lang='lat' dir='ltr'><strong>p.</strong></span> <span class='ocrx_word' id='word_1_766' title='bbox 2044 5023 2165 5075; x_wconf 86' lang='lat'><strong>186.</strong></span> <span class='ocrx_word' id='word_1_767' title='bbox 2191 5021 2326 5073; x_wconf 88' lang='lat' dir='ltr'><strong>Item</strong></span> <span class='ocrx_word' id='word_1_768' title='bbox 2367 5040 2378 5119; x_wconf 76' lang='grc' dir='ltr'>Ι</span> <span class='ocrx_word' id='word_1_769' title='bbox 2419 5019 2628 5075; x_wconf 86' lang='lat' dir='ltr'><strong>aliunde</strong></span> <span class='ocrx_word' id='word_1_770' title='bbox 2652 5038 2758 5074; x_wconf 87' lang='lat' dir='ltr'><strong>non</strong></span> <span class='ocrx_word' id='word_1_771' title='bbox 2785 5020 3048 5074; x_wconf 79' lang='lat' dir='ltr'><strong>novimus.</strong></span> <span class='ocrx_word' id='word_1_772' title='bbox 3075 5022 3158 5072; x_wconf 84' lang='lat' dir='ltr'><strong>An</strong></span> <span class='ocrx_word' id='word_1_773' title='bbox 3180 5018 3403 5087; x_wconf 87' lang='lat' dir='ltr'><strong>Cragum</strong></span> <span class='ocrx_word' id='word_1_774' title='bbox 3423 5016 3600 5071; x_wconf 83' lang='lat' dir='ltr'><strong>dicere</strong></span> <span class='ocrx_word' id='word_1_775' title='bbox 3621 5017 3819 5072; x_wconf 76' lang='lat' dir='ltr'><strong>voluit?</strong></span> <span class='ocrx_word' id='word_1_776' title='bbox 3847 5018 3868 5083; x_wconf 85' lang='grc' dir='ltr'><strong>ΙΙ</strong></span> <span class='ocrx_word' id='word_1_777' title='bbox 3892 5046 3962 5057; x_wconf 92' lang='lat'><em>-</em></span> 
     </span>
    </p>
   </div>
   <div class='ocr_carea' id='block_1_15' title="bbox 766 5094 3958 5251">
    <p class='ocr_par' dir='ltr' id='par_1_19' title="bbox 766 5094 3958 5251">
     <span class='ocr_line' id='line_1_73' title="bbox 768 5094 3958 5173; baseline -0.003 -18"><span class='ocrx_word' id='word_1_778' title='bbox 768 5100 837 5155; x_wconf 84' lang='lat' dir='ltr'><strong>de</strong></span> <span class='ocrx_word' id='word_1_779' title='bbox 882 5099 1223 5173; x_wconf 82' lang='lat' dir='ltr'><strong>Hellesponto</strong></span> <span class='ocrx_word' id='word_1_780' title='bbox 1260 5100 1444 5157; x_wconf 86' lang='lat' dir='ltr'><strong>Galata</strong></span> <span class='ocrx_word' id='word_1_781' title='bbox 1470 5102 1842 5173; x_wconf 69' lang='lat' dir='ltr'><strong>V.Eunapiu1n</strong></span> <span class='ocrx_word' id='word_1_782' title='bbox 1886 5101 1940 5153; x_wconf 91' lang='lat' dir='ltr'><strong>in</strong></span> <span class='ocrx_word' id='word_1_783' title='bbox 1976 5098 2326 5171; x_wconf 76' lang='lat' dir='ltr'><strong>Chrysanthio</strong></span> <span class='ocrx_word' id='word_1_784' title='bbox 2418 5102 2564 5170; x_wconf 72' lang='lat'><strong>§47-</strong></span> <span class='ocrx_word' id='word_1_785' title='bbox 2589 5118 2706 5169; x_wconf 69' lang='lat' dir='ltr'><strong>ory..</strong></span> <span class='ocrx_word' id='word_1_786' title='bbox 2679 5098 2816 5170; x_wconf 79' lang='lat' dir='ltr'><strong>zam]</strong></span> <span class='ocrx_word' id='word_1_787' title='bbox 2855 5096 3116 5151; x_wconf 73' lang='lat' dir='ltr'><strong>horidiam</strong></span> <span class='ocrx_word' id='word_1_788' title='bbox 3144 5096 3264 5152; x_wconf 90' lang='lat' dir='ltr'><strong>cod.</strong></span> <span class='ocrx_word' id='word_1_789' title='bbox 3289 5098 3352 5161; x_wconf 86' lang='lat' dir='ltr'><strong>B,</strong></span> <span class='ocrx_word' id='word_1_790' title='bbox 3379 5094 3531 5167; x_wconf 84' lang='lat' dir='ltr'><strong>cujus</strong></span> <span class='ocrx_word' id='word_1_791' title='bbox 3566 5097 3682 5151; x_wconf 91' lang='lat' dir='ltr'><strong>loco</strong></span> <span class='ocrx_word' id='word_1_792' title='bbox 3719 5094 3958 5149; x_wconf 71' lang='lat' dir='ltr'><strong>hordeum</strong></span> 
     </span>
     <span class='ocr_line' id='line_1_74' title="bbox 766 5173 3956 5251; baseline -0.003 -18"><span class='ocrx_word' id='word_1_793' title='bbox 766 5198 821 5251; x_wconf 91' lang='lat' dir='ltr'><strong>p.</strong></span> <span class='ocrx_word' id='word_1_794' title='bbox 849 5194 975 5236; x_wconf 78' lang='lat' dir='ltr'><strong>aua.</strong></span> <span class='ocrx_word' id='word_1_795' title='bbox 995 5180 1178 5233; x_wconf 86' lang='lat' dir='ltr'><strong>Posset</strong></span> <span class='ocrx_word' id='word_1_796' title='bbox 1198 5190 1251 5233; x_wconf 91' lang='lat' dir='ltr'><strong>et</strong></span> <span class='ocrx_word' id='word_1_797' title='bbox 1271 5180 1360 5233; x_wconf 90' lang='lat' dir='ltr'><strong>hic</strong></span> <span class='ocrx_word' id='word_1_798' title='bbox 1380 5178 1535 5250; x_wconf 88' lang='lat' dir='ltr'><strong>longa</strong></span> <span class='ocrx_word' id='word_1_799' title='bbox 1554 5180 1739 5251; x_wconf 86' lang='lat' dir='ltr'><strong>pagina</strong></span> <span class='ocrx_word' id='word_1_800' title='bbox 1772 5176 1955 5233; x_wconf 86' lang='lat' dir='ltr'><strong>confici</strong></span> <span class='ocrx_word' id='word_1_801' title='bbox 1983 5177 2281 5231; x_wconf 71' lang='lat' dir='ltr'><strong>clarorum·</strong></span> <span class='ocrx_word' id='word_1_802' title='bbox 2267 5195 2322 5230; x_wconf 90' lang='grc' dir='ltr'><strong>ιιι</strong></span> <span class='ocrx_word' id='word_1_803' title='bbox 2415 5174 2692 5247; x_wconf 83' lang='lat' dir='ltr'><strong>legendum</strong></span> <span class='ocrx_word' id='word_1_804' title='bbox 2737 5177 2939 5231; x_wconf 82' lang='lat' dir='ltr'><strong>nutavit</strong></span> <span class='ocrx_word' id='word_1_805' title='bbox 2979 5174 3350 5231; x_wconf 74' lang='lat' dir='ltr'><strong>Gothofredus.</strong></span> <span class='ocrx_word' id='word_1_806' title='bbox 3377 5176 3399 5246; x_wconf 77' lang='lat' dir='ltr'>ss</span> <span class='ocrx_word' id='word_1_807' title='bbox 3429 5206 3502 5217; x_wconf 89' lang='lat'><strong>--</strong></span> <span class='ocrx_word' id='word_1_808' title='bbox 3529 5174 3742 5245; x_wconf 79' lang='lat' dir='ltr'><strong>alicam]</strong></span> <span class='ocrx_word' id='word_1_809' title='bbox 3779 5173 3956 5226; x_wconf 65' lang='lat' dir='ltr'><strong>cilicem</strong></span> 
     </span>
    </p>
   </div>
   <div class='ocr_carea' id='block_1_16' title="bbox 765 5254 2624 5331">
    <p class='ocr_par' dir='ltr' id='par_1_20' title="bbox 765 5254 2624 5331">
     <span class='ocr_line' id='line_1_75' title="bbox 765 5254 2624 5331; baseline -0.002 -19"><span class='ocrx_word' id='word_1_810' title='bbox 765 5259 978 5319; x_wconf 78' lang='lat' dir='ltr'><strong>ecclesia</strong></span> <span class='ocrx_word' id='word_1_811' title='bbox 1000 5258 1102 5313; x_wconf 88' lang='lat' dir='ltr'><strong>hac</strong></span> <span class='ocrx_word' id='word_1_812' title='bbox 1130 5269 1434 5331; x_wconf 78' lang='lat' dir='ltr'><strong>tempestate</strong></span> <span class='ocrx_word' id='word_1_813' title='bbox 1465 5260 1697 5311; x_wconf 88' lang='lat' dir='ltr'><strong>virorum</strong></span> <span class='ocrx_word' id='word_1_814' title='bbox 1737 5276 1798 5311; x_wconf 86' lang='lat' dir='ltr'><strong>ex</strong></span> <span class='ocrx_word' id='word_1_815' title='bbox 1825 5256 1963 5310; x_wconf 88' lang='lat' dir='ltr'><strong>hisce</strong></span> <span class='ocrx_word' id='word_1_816' title='bbox 2002 5256 2282 5329; x_wconf 84' lang='lat' dir='ltr'><strong>provinciis</strong></span> <span class='ocrx_word' id='word_1_817' title='bbox 2415 5254 2536 5309; x_wconf 84' lang='lat' dir='ltr'><strong>cod.</strong></span> <span class='ocrx_word' id='word_1_818' title='bbox 2561 5258 2624 5309; x_wconf 89' lang='lat' dir='ltr'><strong>B.</strong></span> 
     </span>
    </p>
   </div>
   <div class='ocr_carea' id='block_1_17' title="bbox 4370 3156 4378 3671">
    <p class='ocr_par' dir='ltr' id='par_1_21' title="bbox 4370 3156 4378 3671">
     <span class='ocr_line' id='line_1_76' title="bbox 4370 3156 4378 3671; baseline 0 0"><span class='ocrx_word' id='word_1_819' title='bbox 4370 3156 4378 3671; x_wconf 95' lang='lat' dir='ltr'><strong> </strong></span> 
     </span>
    </p>
   </div>
   <div class='ocr_carea' id='block_1_18' title="bbox 4371 5660 4379 6162">
    <p class='ocr_par' dir='ltr' id='par_1_22' title="bbox 4371 5660 4379 6162">
     <span class='ocr_line' id='line_1_77' title="bbox 4371 5660 4379 6162; baseline 0 0"><span class='ocrx_word' id='word_1_820' title='bbox 4371 5660 4379 6162; x_wconf 95' lang='lat' dir='ltr'><strong> </strong></span> 
     </span>
    </p>
   </div>
  </div>
 </body>
</html>
