4584 6284
715 521 820 575 164

861 642 1057 723 λυπρὸν
1077 642 1350 727 ύρεσκῴων
1377 646 1762 728 παραφαίνεται
1779 638 1932 714 οὖδας
1953 646 2259 728 Ἐρεμὸῶν,

863 730 914 791 οἲ
941 732 1055 811 βίον
1077 736 1130 792 ἐν
1151 735 1378 816 πέτρῃσι
1403 736 1824 815 κατωρυχέεσσιν
1848 734 2043 810 ἔθεντο,

742 840 822 879 sss
861 820 1053 897 γυμνοὶ
1080 822 1171 880 καὶ
1193 822 1424 883 κτεάνων
1454 822 1738 889 ἰπιδευέες·
1777 822 1917 903 ἀμφὶ
1940 822 2120 901 δ’-ἄρα
2151 846 2272 905 σφιν

859 908 962 969 ἴδεῖ
985 909 1363 987 θαλπομένοισι
1383 909 1684 987 μελαίνεται
1705 911 1924 979 αὗαλὲος
1943 913 2108 989 χρώς·

859 996 1030 1066 αὔτως
1053 998 1126 1069 δ’,
1153 988 1238 1057 οἶά
1253 1021 1313 1058 τε
1340 1002 1518 1080 Θῆρες,
1539 999 1799 1076 ἀλώμενοι
1827 996 1972 1078 ἄλγε’
1995 998 2230 1078 ἔχουσιν,

865 1089 962 1165 οὐχ
986 1090 1056 1155 ὣς
1084 1084 1353 1167 ἇὸροὸίων
1379 1086 1608 1165 Ἀράὸων
1636 1085 1780 1167 γένος
1795 1110 1808 1124 ·
1831 1089 1890 1145 οὐ
1915 1087 2020 1167 γὰρ
2051 1090 2100 1145 ἐν
2129 1086 2272 1165 όλὸῳ

865 1172 986 1246 ’ίσην
1015 1174 1206 1252 μοῖραν
1232 1172 1430 1234 ἅπασιν
1456 1177 1539 1234 ἐπ’
1574 1176 1790 1255 ἀνδράσι
1822 1174 2022 1245 Θήκατο
2043 1176 2266 1251 δαίμων.

742 1278 827 1321 970
865 1259 1052 1340 Αὐτὰρ
1081 1260 1212 1341 ὑπὲρ
1240 1261 1493 1324 Λιὸοίνοιο
1521 1263 1648 1343 πρὸς
1681 1262 1845 1343 αὐγὰς
1873 1264 2072 1335 ἠελίοιο

865 1352 957 1418 τῆς
985 1350 1165 1427 ἑτέρης
1190 1350 1386 1430 Συρίης
1417 1349 1602 1431 δολιχὴ
1631 1351 1923 1429 μηκύνεται
1945 1340 2069 1425 αἶα,

864 1436 1122 1515 ἑλκομένη
1145 1436 1236 1497 καὶ
1265 1437 1453 1518 με’χρις
1477 1438 1818 1499 ἁλικλύστοιο
1841 1438 2120 1512 Σινώπης·

819 1522 828 1531 ’
861 1527 958 1595 τῆς
981 1526 1027 1583 δ’
1057 1524 1177 1597 ἥτοι
1207 1524 1409 1601 μέσσης
1435 1528 1528 1603 μὶν
1552 1526 1634 1586 ἔπ’
1666 1524 1906 1607 ἠπείροιο
1935 1526 2148 1607 βαθείης

865 1611 1228 1673 Καππαδόκαι
1253 1612 1486 1689 ναίουσι,
1519 1614 1777 1693 δαήμονες
1806 1614 2150 1675 ίπποσυνοίων
2169 1658 2186 1682 ,

739 1718 820 1759 ms
864 1698 1122 1781 Ἀσσύριοι
1150 1700 1198 1758 δ’
1219 1700 1344 1769 ἁλὸς
1368 1703 1495 1783 ἄγχι
1519 1702 1668 1780 παρὰ
1681 1704 1853 1781 στόμα
1866 1702 2265 1785 Θερμώδοντος.

860 1788 976 1857 Τῆς
1004 1787 1059 1846 ὃὸ
1095 1790 1223 1868 πρὸς
1252 1790 1494 1863 ἅντολίην
1529 1790 1692 1872 ὀρέων
1721 1789 1827 1851 ἀπὸ
1862 1791 2264 1851 παιπαλοέντων

859 1875 1059 1953 φαίνετ’
1092 1876 1392 1955 ἀπειρεσίου
1412 1882 1656 1956 ποταμοῦ
1681 1876 1796 1957 ῥόος
1823 1877 2108 1959 Εὗφρήταο
2123 1920 2140 1950 ,

857 1960 911 2029 ὃς
937 1964 984 2020 δ’
1013 1961 1132 2035 ἦτοι
1163 1965 1369 2044 πρῶτον
1401 1962 1496 2039 μὲν
1527 1968 1620 2025 ἀπ’
1643 1965 1813 2043 οὔρεος
1837 1964 2128 2047 Ἀρμενίοιο

861 2050 1065 2131 μακρὸς
1083 2049 1171 2110 ἰπὶ
1190 2051 1340 2112 νότον
1365 2042 1494 2125 εἶσι,
1521 2051 1680 2112 πάλιν
1712 2055 1786 2131 δ’,
1809 2056 2050 2133 ἀγκῶνας
2068 2051 2258 2125 ἑλίξας,

737 2156 820 2197 ⁰80
861 2136 1025 2212 ἄντην
1051 2139 1250 2211 ἠελίοιο
1272 2138 1442 2219 μέσην
1469 2138 1770 2201 Βαὸυλῶνα
1797 2140 2062 2223 περήσας,

857 2228 1114 2307 Περσίδος
1134 2230 1206 2297 εἰς
1229 2228 1354 2295 ἁλὸς
1379 2218 1541 2309 οἶδμα
1563 2228 1686 2303 Θοήν
1703 2229 2050 2310 ἅπερεύγεται
2073 2230 2258 2309 ἄχνην,

852 2316 1100 2396 ὓστατίῃς
1121 2322 1388 2400 προχοῇσι
1416 2320 1467 2378 Τ
1468 2316 1710 2397 ερηδόνος
1739 2318 1890 2399 ἔγγὺς
1917 2316 2134 2379 ὁδεύων.

852 2406 957 2467 Τὸν
987 2405 1044 2465 δὲ
1071 2404 1188 2483 μέτ’
1206 2408 1277 2474 εἰς
1297 2406 1463 2485 αὐγὰς
1489 2409 1747 2485 ποταμῶν
1763 2404 1983 2477 ὤκιστος
2009 2408 2259 2471 ἁπάντων

853 2494 1035 2575 Τίγρις
1063 2494 1323 2576 ἰῦρρείτης
1349 2496 1522 2578 φορέει
1543 2496 1660 2579 ῥόον
1679 2486 1796 2557 ’ἴσον
1825 2497 2057 2557 ἐλαύνων
2077 2545 2094 2571 ,

729 2603 810 2643 ⁹85
850 2581 1034 2642 τόσσον
1066 2582 1272 2643 ἄνευθεν
1305 2581 1424 2653 ἰὼν,
1470 2583 1589 2645 ὅσον
1611 2583 1833 2663 ἒὸδομον
1860 2577 2010 2666 ἦμαρ
2039 2584 2254 2653 ὁδεύσας

849 2667 1060 2752 ἴφθιμος
1087 2670 1177 2729 καὶ
1201 2670 1456 2751 κραιπνὸς
1483 2672 1618 2753 ἀνὴρ
1643 2672 1883 2733 ἀνύσειεν
1911 2672 2108 2745 ὁδίτης.

680 2836 776 2891 ὕπὸ
792 2839 864 2901 D,
892 2838 1003 2891 ποτὶ
1030 2838 1150 2891 cod.
1186 2857 1228 2893 ε.
1262 2840 1285 2910 ΙΙ
1322 2868 1395 2881 —
1423 2839 1546 2909 963.
1575 2840 1775 2911 λυπρῶν
1800 2842 1879 2904 Β,-
1903 2840 2150 2911 δρεσκόων
2185 2843 2254 2901 B,-

679 2917 1007 2988 περιφαίνεται
1035 2936 1091 2985 g.
1129 2917 1388 2971 Erembos
1415 2917 1547 2972 dicit
1569 2917 1920 2991 Troglodytas
1963 2918 2019 2971 in
2053 2917 2260 2989 objecta

682 2994 932 3066 degentes
955 3013 1052 3050 ora
1089 2996 1286 3067 Libyca
1301 3036 1316 3063 ,
1340 3014 1460 3069 quoe
1485 3007 1543 3050 et·
1567 2998 1684 3072 ipsa
1717 3016 1840 3071 pars
1867 2996 2077 3051 Arabiae
2096 2996 2259 3050 habe·

682 3074 857 3129 batur.
882 3072 969 3151 ‚CR
1003 3091 1052 3129 v.
1082 3077 1199 3130 180.
1237 3073 1260 3144 ΙΙ
1289 3104 1364 3116 -
1388 3080 1514 3146 964.
1559 3076 1844 3149 ἔμπέτραισι
1875 3080 1931 3145 C,
1961 3074 2011 3129 ἔν
2043 3076 2258 3145 πέτροισι

681 3172 736 3218 ο,·
763 3155 1098 3225 κατωρύχεσιν
1136 3172 1186 3221 ο,
1224 3156 1622 3227 καταρρώγεσσιν
1645 3156 1677 3210 k
1695 3167 1748 3210 et
1800 3160 1847 3211 Y
1869 3155 1992 3219 (hic
2017 3152 2142 3208 add.
2170 3172 2254 3225 γρ.

679 3232 1068 3303 κατωρυχέεσσιν
1090 3233 1112 3301 )
1131 3242 1186 3285 et
1205 3232 1358 3285 Eust.
1391 3234 1414 3301 ΙΙ
1441 3261 1515 3274 -
1536 3236 1664 3303 966.
1692 3232 1809 3286 εἴδει
1833 3232 1917 3286 vel
1943 3229 2071 3285 εἴδεϊ
2089 3234 2262 3285 cUmt

680 3308 804 3365 Ald.
837 3310 861 3380 11
890 3339 963 3350 -
987 3314 1111 3379 967.
1134 3308 1292 3371 αὔτως
1314 3312 1532 3381 KLQY
1554 3321 1610 3364 et
1633 3328 1740 3365 sec.
1771 3327 1844 3363 m.
1881 3315 1956 3373 E,-
1975 3310 2019 3360 δ’
2039 3326 2146 3363 om.
2174 3326 2260 3381 οφ·

684 3382 858 3458 οἵαπερ
878 3404 929 3450 6,·
953 3386 1108 3449 αὕτως
1134 3384 1195 3453 δὴ
1215 3386 1300 3439 ἅτε
1322 3386 1370 3439 0.
1393 3391 1457 3440 L.
1489 3388 1513 3457 ΙΙ
1547 3418 1622 3429 --
1642 3391 1763 3457 968.
1802 3385 1998 3458 Ἆρραὸ.
2029 3390 2252 3459 CGceoq.

689 3468 946 3536 11-969.
968 3465 1067 3518 ἴσιν
1088 3473 1162 3529 A,
1191 3467 1372 3537 μοῖραν
1389 3462 1504 3534 ἴσην
1530 3466 1690 3530 avb,-
1717 3466 1869 3521 ἂπασὶ
1896 3466 2067 3539 μοίραν
2091 3484 2143 3529 o,-
2163 3463 2258 3535 ἐπ’]

683 3543 735 3599 ἓν
757 3546 943 3602 ΧίΚΟ
960 3546 1112 3601 Eust.
1132 3546 1378 3616 11-971.
1407 3544 1580 3617 Συρίας
1598 3544 1652 3609 h;
1673 3546 1960 3619 κυμαίνεται
1979 3548 2081 3608 HK.
2113 3568 2136 3595 ι
2153 3546 2255 3612 Τὴν

686 3623 853 3697 ἑτέρην
876 3624 1054 3697 Συρίαν
1083 3624 1192 3680 noli
1219 3626 1479 3679 accuratis
1511 3624 1770 3681 limitibus
1787 3667 1803 3693 ,
1837 3644 1974 3698 quos
2013 3626 2203 3681 Hillius
2225 3645 2258 3680 a

685 3706 996 3779 Palmyrene
1035 3704 1308 3778 profectus
1345 3703 1414 3759 ad
1462 3707 1694 3761 Pontum
1734 3724 1905 3779 usque
1947 3706 2220 3761 constituit
2235 3747 2252 3773 ,

682 3784 1006 3857 distinguere
1019 3826 1034 3852 ,
1060 3785 1315 3857 quoniam
1331 3784 1621 3841 verborum
1641 3787 1800 3841 series
1818 3804 1928 3840 non
1947 3786 2076 3841 alios
2096 3804 2254 3858 quam

683 3858 1022 3937 Cappadoces
1049 3866 1158 3920 sive
1197 3866 1529 3937 Leucosyros
1555 3864 1718 3919 debet
1752 3867 1992 3921 innuere.
2028 3892 2051 3913 ι
2084 3867 2257 3920 Bann-

685 3962 942 4001 uannrus
963 3987 979 4010 ,
1003 3943 1158 4016 cujus
1185 3945 1416 3999 rationes
1443 3963 1530 3999 me
1557 3963 1664 3999 non
1689 3948 1893 4019 assequi
1921 3945 2251 4001 samon-Cu:-

679 4023 870 4097 lesyria
889 4064 906 4090 ,
951 4026 1192 4097 quamvis
1226 4022 1570 4095 ex'Dionysii
1603 4036 1783 4080 mente
1815 4044 1986 4099 usque
2017 4024 2087 4080 ad
2122 4029 2253 4080 Ara·

679 4102 824 4158 biam
841 4104 1123 4177 pertineat,
1144 4103 1492 4158 nihilominus
1509 4104 1717 4159 Libano
1736 4114 1790 4160 et
1810 4106 1967 4160 Casio
1984 4104 2252 4159 montibus

677 4183 880 4239 includi
917 4182 1132 4247 dicitur,
1163 4184 1316 4255 quasi
1341 4182 1408 4237 de
1431 4183 1714 4257 Coelesyria
1738 4188 1956 4258 proprie
1997 4186 2074 4240 sic
2112 4184 2251 4240 dicta

676 4280 852 4318 sermo
897 4273 1053 4317 esset.
1099 4259 1262 4316 Unde
1313 4259 1463 4317 facilc
1503 4262 1814 4334 intelligitur
1856 4263 2130 4336 quomodo
2180 4265 2250 4319 ab

675 4340 895 4405 oriente,
923 4339 1041 4412 πρὸς
1064 4338 1244 4411 αὖγᾶς,
1265 4337 1426 4411 hujus
1448 4339 1745 4413 Coelesyriae
1770 4350 1927 4413 poeta
1949 4339 2126 4395 dicere
2149 4358 2248 4413 po-

675 4421 839 4475 tuerit
865 4420 1079 4474 alteram
1099 4437 1211 4474 esse
1238 4418 1443 4491 Syriam
1463 4419 1629 4488 (inter
1661 4421 2001 4494 Coelesyriam
2026 4430 2079 4475 et
2112 4424 2246 4476 Ara-

673 4498 818 4555 biam
891 4498 1152 4553 desertam
1216 4499 1756 4572 Mesapotamiamque
1845 4498 2168 4571 interjectam
2191 4503 2242 4571 );

677 4596 838 4650 quam
873 4580 916 4633 si
972 4578 1097 4633 hinc
1140 4577 1356 4632 boream
1389 4596 1570 4634 versus
1609 4597 1707 4652 per
1741 4578 2124 4652 Cappadociam
2175 4578 2244 4635 ad

674 4660 904 4712 Pontum
932 4674 1096 4729 usque
1122 4658 1320 4730 porrigi
1348 4659 1454 4725 ait,
1477 4660 1550 4713 ita
1576 4669 1733 4731 poeta
1749 4659 1988 4731 loquitur
2008 4660 2158 4731 quasi
2176 4660 2246 4714 de

674 4735 1019 4809 geographica
1045 4736 1219 4808 aliqua
1243 4735 1503 4791 divisione
1523 4737 1868 4809 cogitandum
1893 4748 2048 4804 esset,
2073 4756 2242 4809 quum

673 4822 854 4867 tamen
875 4832 961 4867 res
987 4832 1052 4869 eo
1077 4814 1287 4881 redeat,
1317 4826 1378 4869 ut
1399 4816 1653 4888 Syrorum
1678 4817 1896 4872 nomine
1928 4816 2055 4872 olim
2081 4818 2241 4871 etiam

672 4890 1012 4965 Cappadoces
1055 4894 1123 4950 ad
1167 4897 1400 4950 Pontum
1432 4914 1602 4969 usque
1640 4896 2236 4970 comprehenderentur.

663 4970 838 5043 Cujus
865 4990 994 5029 usus
1020 4993 1175 5029 causa
1198 4994 1308 5030 non
1332 4976 1390 5029 in
1419 4976 1831 5050 ethnographica
1863 4980 2069 5032 ratione
2093 4995 2240 5050 quae·

667 5049 835 5105 reuda
859 5052 1025 5120 (ham
1061 5053 1402 5127 Cappadoces
1424 5054 1492 5108 ad
1521 5056 1853 5111 Aramaieam
1878 5056 2101 5127 stirpem
2127 5074 2238 5111 non

669 5127 920 5185 videntur
939 5132 1306 5207 pertinuisse),
1324 5133 1417 5189 sed
1435 5132 1559 5189 inde
1580 5134 1787 5189 videtur
1803 5135 2089 5207 repetenda
2105 5153 2235 5201 esse,

665 5206 814 5279 quod
838 5210 1095 5280 Syrorum
1121 5210 1202 5264 vel
1224 5212 1564 5283 Assyriorum
1591 5211 1672 5266 vel
1695 5214 2118 5287 Leucosyrorum
2139 5231 2237 5267 uo·

665 5305 790 5341 man
814 5289 1222 5362 Cappadocibus
1248 5288 1482 5345 inditum
1519 5310 1550 5347 a
1577 5293 1774 5347 Graecis
1795 5294 1893 5359 sit,
1918 5294 2114 5366 quippe
2141 5294 2235 5365 qui

661 5381 772 5438 quo
796 5376 1037 5440 tempore
1059 5368 1392 5442 Cappadocia
1410 5370 1738 5425 innotescere
1755 5372 1820 5425 iis
1844 5374 2026 5444 coepit,
2041 5372 2238 5427 incolas

2145 517 2499 581 DIONYSll

2365 660 2641 716 horridum
2668 662 2837 717 solum
2874 673 3091 735 apparet
3132 676 3502 722 montanorum
3534 670 3921 741 Eremborum,

2365 750 2458 820 qui
2494 749 2653 804 vitam
2679 750 2735 804 in
2758 750 3018 823 specubus
3046 750 3269 809 defossis
3296 757 3711 826 constituerunt,

2364 834 2496 890 nudi
2520 846 2574 890 et
2588 839 2972 909 possessionum
3001 848 3271 911 expertes,
3301 851 3353 895 et
3374 841 3607 915 undique

2364 934 2493 979 aestu
2520 926 2745 998 perustis
2770 925 2919 981 arida
2936 928 3071 981 cutis
3098 928 3345 999 11th
3375 946 3391 985 ι

2363 1022 2559 1065 temere
2583 1030 2708 1066 vero
2730 1011 3015 1067 bestiarum
3041 1013 3208 1068 instar
3232 1015 3537 1070 oberrantes
3566 1030 3845 1087 vexantur,

2365 1116 2471 1152 non
2484 1108 2545 1153 ut
2562 1099 2796 1154 Arabum
2812 1098 3156 1155 delicatorum
3174 1119 3367 1172 genus:
3390 1120 3498 1156 non
3512 1104 3653 1158 enim
3666 1104 3924 1162 felicitatis

2362 1202 2563 1257 aequam
2585 1194 2779 1239 sortem
2805 1186 3054 1240 omnibus
3071 1186 3375 1241 hominibus
3396 1187 3527 1242 deus
3552 1193 3844 1263 proposuit.

2363 1276 2433 1328 At
2457 1274 2594 1328 ultra
2616 1272 2876 1329 Libanum
2899 1273 2966 1329 ad
2991 1286 3169 1329 ortum
3200 1274 3322 1329 solis

2360 1361 2571 1417 alterius
2596 1362 2755 1436 Syrioe
2774 1374 2915 1417 vasta
2936 1364 3081 1435 regio
3103 1364 3434 1438 producitur,

2362 1468 2477 1522 quae
2501 1450 2702 1505 accedit
2718 1468 2884 1522 usque
2912 1450 2979 1505 ad
2997 1452 3227 1523 Sinopen
3256 1469 3413 1523 quam
3438 1470 3585 1508 marc
3610 1455 3773 1511 alluit.

2358 1541 2475 1593 Jam
2488 1536 2646 1608 hujus
2666 1536 2837 1591 media
2864 1538 2921 1592 in
2939 1538 3242 1593 continente
3268 1538 3580 1595 fertilissima

2360 1623 2693 1697 Cappadoces
2714 1623 2980 1690 habitant,
3008 1624 3413 1695 equitationibus
3444 1628 3631 1699 periti,

2360 1720 2413 1764 ct
2435 1712 2633 1782 Assyrii
2662 1728 2827 1784 prope
2850 1728 2997 1765 mare
3015 1709 3082 1765 ad
3102 1712 3297 1765 ostium
3316 1712 3749 1767 Thermodontis.

2361 1796 2532 1869 Hujus
2551 1815 2677 1852 vero
2700 1799 2755 1851 in
2785 1808 2962 1854 ortum
2986 1797 3053 1852 ab
3092 1798 3307 1853 excelsis
3328 1800 3599 1853 montibus

2361 1884 2605 1939 immensi
2630 1885 2862 1938 fluminis
2892 1884 3174 1955 Euphratis
3201 1886 3521 1957 conspicitur
3555 1903 3740 1941 cursus
3756 1927 3773 1952 ,

2356 1971 2449 2044 qui
2479 1970 2695 2043 quidem
2725 1972 2959 2044 primum
2986 1970 3055 2025 ab
3090 1972 3345 2027 Armenio
3374 1983 3552 2027 moute

2358 2060 2543 2131 longus
2558 2059 2616 2113 in
2638 2069 2875 2113 austrum
2897 2059 3158 2123 decurrit,
3181 2077 3393 2114 rursum
3418 2060 3567 2114 flexis
3593 2061 3921 2117 anfractibus

2354 2144 2451 2201 soli
2475 2144 2754 2213 obversus,
2784 2162 2949 2218 quum
2974 2144 3293 2219 Babylonem
3328 2144 3556 2201 mediam
3588 2149 3917 2219 permeavit,

2354 2235 2407 2288 in
2430 2232 2623 2288 fluctus
2644 2233 2835 2288 Persici
2866 2232 3027 2287 maris
3055 2231 3287 2287 velocem
3312 2250 3553 2306 spumam
3582 2244 3815 2301 eructat,

2353 2320 2707 2392 extremisque
2731 2319 3017 2374 vorticibus
3038 2318 3369 2375 Teredonem
3400 2319 3804 2393 praeterlabitur.

2354 2410 2480 2465 Post
2505 2408 2653 2462 hunc
2674 2406 2729 2460 in
2756 2416 2935 2461 ortum
2960 2410 3205 2462 omnium
3230 2407 3513 2462 fluviorum
3540 2407 3847 2463 celerrimus

2352 2496 2524 2566 Tigris
2549 2493 2734 2569 pulcro
2759 2510 2919 2547 cursu
2941 2492 3127 2559 fertur,
3150 2512 3303 2567 aequo
3323 2494 3509 2549 itinere
3528 2504 3736 2561 vectus,

2350 2584 2441 2656 qui
2468 2592 2671 2637 tantum
2690 2580 2849 2635 distat
2873 2591 3131 2652 quantum
3154 2591 3349 2653 septem
3384 2579 3591 2635 dierum
3622 2583 3809 2635 itinere

2350 2670 2597 2725 robustus
2618 2668 2781 2723 bomo
2798 2677 2955 2739 atque
2977 2677 3255 2740 promptus
3281 2666 3563 2721 confecerit
3582 2669 3769 2723 viator.

2352 2836 2489 2908 ejus,
2524 2847 2708 2908 utpote
2751 2836 3088 2906 Assyriorum
3120 2834 3331 2905 regibus
3355 2844 3597 2906 parentes
3614 2873 3630 2899 ,
3656 2836 3919 2906 Syrorum,

2352 2916 2570 2971 nomine
2596 2913 2870 2985 designare
2891 2913 3015 2967 satis
3046 2912 3349 2968 habuerint.
3380 2912 3628 2967 Ceterum
3649 2932 3709 2970 ν.
3741 2914 3920 2968 Hero·

2348 2994 2464 3049 dot.
2490 2996 2539 3060 1,
2584 3009 2693 3064 72:
2741 2991 2790 3047 oi
2828 2992 2881 3047 ὃὶ
2904 2991 3226 3047 Καππαδόκαι
3264 2990 3358 3046 ὑπὸ
3388 2988 3914 3065 Ἑλλήνων-Σύριοι

2352 3073 2703 3145 ὀνομάζονται.
2750 3070 2937 3126 Strabo
2963 3088 3019 3143 p.
3062 3070 3170 3142 737.
3200 3088 3215 3127 z
3258 3068 3411 3125 Δοκεῖ
3426 3069 3479 3124 δὲ
3509 3069 3569 3125 rb
3610 3076 3708 3125 τῶν
3744 3072 3911 3145 Σύρων

2350 3151 2510 3223 ὄνομα
2530 3151 2767 3205 διατεῖναι
2792 3148 2889 3205 ἀπὸ
2913 3149 2999 3223 μὶν
3028 3154 3119 3219 τῆς
3139 3148 3451 3212 Βαὸυλωνίας
3475 3150 3621 3223 μέχρι
3642 3152 3731 3205 τοῦ
3762 3148 3919 3205 Ἴασι-

2350 3233 2441 3283 κοῦ
2475 3228 2662 3284 κόλπου
2675 3268 2691 3295 ,
2736 3227 2830 3284 ἀπὸ
2866 3229 2919 3285 δὲ
2945 3229 3134 3283 τούτων
3182 3229 3327 3301 μέχρι
3353 3231 3441 3283 τοῦ
3467 3228 3695 3291 Εὐξείνου
3727 3228 3787 3284 τδ
3815 3249 3918 3286 πα-

2348 3308 2513 3363 λαιόν·
2538 3308 2585 3362 οἳ
2604 3312 2723 3379 γοῦν
2744 3308 3060 3371 Καππάδοκες
3083 3307 3365 3380 ἀμφότεροι,
3382 3307 3431 3361 οἱ
3442 3306 3496 3361 zi
3512 3308 3629 3379 πρὸς
3645 3313 3718 3381 τῷ
3735 3309 3913 3382 Ταύρῳ

2350 3386 2435 3441 καὶ
2459 3388 2507 3441 οἳ
2542 3384 2659 3457 πρὸς
2683 3391 2757 3458 τῷ
2783 3384 2959 3459 Πόντῳ
2974 3424 2990 3453 ,
3021 3387 3167 3458 μέχρι
3194 3390 3278 3441 νῦν
3304 3385 3595 3458 Δευκόουροι
3620 3387 3906 3452 καλοῦνται,

2350 3465 2463 3521 κτλ.
2493 3466 2740 3536 11—972.
2770 3466 2915 3537 μέχρι
2947 3464 3294 3539 ΑΗΜᾰεοςζς
3324 3465 3683 3519 πολυκλύστοιο
3709 3469 3842 3529 Ησζ.
3878 3468 3901 3537 ΙΙ

2354 3574 2419 3585 -
2445 3543 2569 3615 973·
2601 3544 2748 3615 μέσης
2777 3547 2914 3616 Ceqs,
2961 3545 3142 3614 μέσσην
3172 3548 3235 3609 L,
3280 3560 3462 3614 margo
3506 3542 3559 3598 b·
3598 3544 3621 3615 ΙΙ
3653 3573 3727 3586 -
3774 3546 3901 3615 97⁵·

2348 3623 2460 3696 περὶ
2474 3640 2553 3698 eq.
2584 3624 2607 3697 ss
2652 3651 2705 3665 —
2740 3626 2863 3694 976.
2890 3622 3004 3695 τῆς]
3027 3625 3133 3687 τοῖς
3168 3628 3234 3689 B,·
3279 3622 3367 3677 ἀπ’·
3389 3621 3790 3678 ἀπαιπαλοὲντων
3832 3628 3905 3688 B,-

2350 3705 2554 3779 vulgata
2578 3707 2799 3777 margini
2819 3704 3103 3778 adscripta.
3138 3706 3161 3777 ΙΙ
3190 3736 3266 3748 -
3294 3722 3419 3777 977.
3446 3705 3669 3777 φαίνεται
3699 3709 3767 3771 G,
3791 3706 3912 3778 pal*

2347 3806 2482 3841 νεται
2502 3785 2549 3841 τ’
2571 3785 2655 3840 ἀπ’
2674 3784 2818 3851 Ald.;
2832 3783 3044 3858 Εὗφρατ.
3062 3789 3223 3841 ΗΚο.
3252 3784 3274 3856 ΙΙ
3297 3815 3371 3826 -
3386 3788 3512 3856 978.
3529 3784 3575 3837 δ’
3589 3782 3723 3855 ἤτοι]
3746 3784 3814 3853 δή
3828 3804 3905 3839 τοι

2345 3869 2620 3925 ABENO.
2652 3866 2759 3938 ΙΙ-
2775 3884 2899 3938 979.
2925 3870 3080 3919 νῶτον
3100 3868 3173 3928 6,·
3196 3862 3395 3937 ἀγκῶνα
3412 3882 3490 3939 eq,
3516 3863 3595 3917 ἀν’
3604 3863 3829 3937 ἀγκῶνας
3850 3883 3905 3929 c,-

2346 3944 2554 4001 ἓλίσσων
2576 3964 2626 4002 ο.
2660 3946 2777 4018 ΙΙ-
2800 3949 2923 4016 980.
2952 3946 3103 4017 μέσην
3126 3943 3208 3998 διὰ
3234 3942 3357 3999 Βαὸ.
3382 3944 3482 4000 Lb.
3508 3944 3727 3998 Flexum
3751 3944 3906 3999 intel·

2344 4024 2458 4097 ligit
2484 4024 2775 4079 maximum
2792 4023 2956 4077 ’illum
2969 4063 2987 4089 ,
3016 4040 3127 4096 quo
3156 4038 3323 4095 prope
3362 4022 3689 4095 Thapsacum
3724 4040 3911 4078 versus

2345 4106 2601 4160 orientem
2630 4104 2911 4177 Euphratis
2936 4120 3123 4158 cursus
3148 4100 3513 4174 detorquetur.
3551 4103 3573 4173 ΙΙ
3602 4132 3679 4145 -
3702 4105 3825 4174 981.
3856 4103 3905 4166 ἐς

2341 4184 2487 4254 Ald.;
2512 4185 2678 4258 ἅλμην
2705 4203 2757 4243 ο.
2784 4185 2899 4257 ΙΙ-
2925 4187 3049 4255 982.
3073 4183 3329 4255 Τεριδόνος
3352 4184 3405 4246 b,
3432 4182 3693 4255 Περιδόνος
3716 4186 3794 4239 Κ.
3819 4186 3902 4237 De

2340 4264 2617 4338 Euphratis
2645 4266 2779 4319 ostio
2814 4263 3003 4319 eodem
3042 4262 3206 4318 modo
3244 4262 3426 4318 statuit
3464 4279 3573 4334 quo
3596 4262 3905 4329 Nearchus,

2338 4346 2709 4401 Eratosthenes
2732 4360 3023 4417 eorumque
3048 4342 3273 4402 asseclae.
3287 4341 3429 4396 Vide
3450 4351 3563 4396 not.
3586 4341 3655 4396 ad
3682 4343 3895 4397 Arrian.

2336 4426 2457 4483 Ind.
2487 4429 2549 4487 ht
2577 4427 2735 4496 (tom.
2767 4441 2814 4490 1,
2844 4441 2900 4497 p.
2923 4422 3087 4497 366).
3122 4422 3143 4494 ΙΙ
3180 4452 3254 4465 —-
3280 4423 3403 4493 983.
3426 4420 3474 4485 ἐς
3497 4440 3549 4485 c,-
3569 4422 3789 4493 ποταμὸς
3814 4426 3901 4479 Hc

2335 4502 2578 4578 ᾰςΙῚιςιζς
2605 4504 2798 4559 πάντων
2824 4503 2881 4557 d.
2914 4504 2936 4577 11
2969 4533 3039 4545 -
3064 4504 3191 4575 984.
3225 4501 3408 4573 Τίγρης
3442 4505 3757 4575 CEGLaeoq
3772 4524 3796 4565 ,-
3818 4500 3897 4556 εὖ·

2336 4582 2493 4655 ρείτης
2514 4582 2726 4649 CLNde,
2753 4583 2965 4655 ἓΰρείτης
2993 4582 3136 4646 Kab,
3160 4580 3384 4655 Εὖφρήτῃ
3417 4599 3499 4655 eq,·
3525 4582 3718 4653 φέρεται
3744 4584 3899 4637 ABG-

2340 4664 2547 4736 MOQY
2552 4672 2603 4717 et
2616 4680 2752 4718 man.
2772 4680 2877 4719 sec.
2906 4661 3318 4735 E5eperegrinis
3332 4658 3490 4715 codd.
3517 4659 3733 4732 plurimi
3748 4658 3891 4713 idem

2335 4738 2525 4794 habere
2555 4740 2817 4806 videntur,
2848 4758 3013 4812 quum
3041 4740 3201 4812 φορέει
3224 4737 3497 4792 lectionem
3526 4734 3903 4806 Bernhardyus-

2334 4836 2363 4871 ε
2389 4817 2511 4873 solis
2534 4818 2751 4888 abcdskt
2775 4818 2991 4886 afferam
3016 4819 3174 4892 φορέει
3196 4818 3309 4891 ῥόον
3337 4813 3483 4888 ἔγγὺς
3514 4812 3698 4867 ὁδεύων
3724 4817 3779 4869 K
3784 4812 3819 4866 k
3840 4824 3893 4867 et

2332 4914 2514 4969 margo
2538 4897 2668 4953 edit.
2696 4900 2762 4954 R.
2778 4909 2830 4953 et
2846 4899 2913 4956 H.
2932 4898 3338 4970 Stephanorum.
3370 4895 3393 4966 ss
3421 4891 3638 4963 —985.
3665 4890 3761 4946 ἐὼν
3790 4896 3902 4949 AB·

2335 4976 3063 5050 OEGHKLMNOXdeoqet,
3093 4974 3179 5029 ἰὼν
3206 4983 3357 5039 cett.;
3378 4974 3526 5027 ὅσσον
3556 4970 3609 5036 k,
3636 4988 3744 5025 var.
3766 4970 3886 5026 leot.

2331 5054 2389 5108 in
2402 5054 2608 5127 Steph.;
2632 5054 2811 5109 ὁδεύων
2826 5072 2985 5127 supra
3000 5072 3102 5110 scr.
3128 5072 3235 5117 σας,
3264 5056 3318 5108 K
3316 5074 3342 5115 ,·
3360 5048 3539 5114 ἀνύσας
3560 5054 3617 5106 C.
3646 5048 3885 5105 Eandem

2332 5130 2630 5188 distantiam
2654 5144 2807 5205 poeta
2830 5132 3026 5186 iudicat
3052 5148 3209 5203 quam
3237 5145 3303 5183 ειι
3322 5128 3671 5185 Eratosthene
3692 5127 3893 5182 Strabo-

2330 5210 2511 5284 prodit
2533 5230 2589 5285 p.
2616 5216 2719 5285 747
2746 5211 2907 5287 (635,
2938 5210 3007 5265 3ο
3026 5208 3236 5281 Didot)
3270 5224 3285 5263 ι
3314 5207 3385 5261 ‘rb
3414 5207 3500 5280 μὲν
3526 5201 3615 5261 οὖν
3648 5206 3895 5280 μέγιστον.

2328 5292 2359 5345 ὃ
2386 5290 2671 5365 ἀφίστανται
2705 5292 2949 5363 διάστημα
2977 5287 3059 5345 ἀπ’
3088 5287 3327 5355 ἀλλήλων
3366 5286 3425 5342 τὸ
3444 5286 3565 5359 πρὸς
3591 5289 3697 5349 τοῖς
3721 5285 3882 5358 ὄρεσίν

2330 5370 2435 5427 ἔστι
2448 5392 2461 5405 ·
2488 5376 2634 5427 τοῦτο
2663 5371 2708 5425 δ’
2734 5372 2789 5427 ἂν
2820 5368 2897 5440 εἴη
2924 5368 2987 5424 rb
3014 5368 3162 5437 αὖτδ,
3212 5370 3329 5441 ὅπερ
3361 5364 3550 5439 εἴρηκεν
3590 5364 3888 5438 Ἐρατοσθέ-
