4584 6284
773 502 885 555 628

844 647 920 688 38.
965 623 1097 688 Ὅτι
1127 626 1338 708 ὕστερον
1371 624 1504 704 μετὰ
1527 625 1616 685 &bv
1653 628 1859 698 Μωσῆν
1887 629 1922 698 ἡ
1952 627 2327 707 δεισιδαιμονία

762 721 868 780 τοῖς
890 713 1157 783 Ἰουδαίοις
1185 713 1487 788 συνέπεσεν,
1511 703 1619 773 οἷον
1647 717 1683 786 ἡ
1714 713 1974 792 περιτομὴ
2013 715 2104 774 καὶ
2145 721 2181 788 ἡ
2221 721 2324 776 τῶν

761 804 926 880 κρεῶν
951 800 1150 881 ἄποχή.

841 907 916 950 ³⁹.
959 887 1092 950 “on
1119 894 1155 963 ἡ
1195 888 1535 968 Ἱεροσόλυμα
1564 887 1717 955 πόλις
1745 885 1814 946 τὰ
1854 885 1950 965 μὲν
1991 887 2096 948 έσω
2142 888 2329 969 ἔνυδρα

761 974 869 1056 ἔχει
886 1020 906 1055 ,
935 975 1004 1036 τὰ
1033 978 1081 1036 δ’
1109 975 1253 1044 ἐκτὸς
1286 977 1512 1056 ἄνυδρα·
1539 982 1573 1050 ἡ
1605 977 1660 1037 δὲ
1682 975 1874 1056 τάφρος
1898 981 1992 1050 τῆς
2017 976 2214 1046 πόλεως
2234 982 2327 1040 οὗκ

759 1063 983 1143 ὀρυκτὴ,
1006 1065 1146 1124 ἀλλὰ
1169 1065 1484 1142 λατομητὴ,
1513 1064 1681 1144 πέτρα
1720 1063 1931 1144 βαθεῖα·
1955 1067 1984 1123 ὁ
2008 1065 2053 1124 δ’
2075 1064 2128 1133 ἐξ
2166 1067 2328 1140 αὗτῆς

760 1153 934 1220 κοπείς
960 1153 1100 1222 λίθος
1126 1155 1222 1226 τὴν
1245 1153 1400 1215 πόλιν
1425 1151 1651 1214 ἔκτισεν.

837 1261 911 1303 40.
953 1237 1087 1303 Ὅτι
1125 1245 1162 1314 ἡ
1201 1239 1463 1323 Σι-ρὸωνὶς
1488 1239 1648 1316 λίμνη
1685 1239 1976 1321 ἀγχιὸαθής
2001 1243 2162 1320 ἔστιν,
2193 1235 2254 1315 ἧς
2288 1245 2324 1314 ἡ

759 1330 1067 1410 περίμετρος
1090 1328 1294 1389 στάδιοι
1317 1351 1392 1412 ια.
1477 1330 1563 1409 Τῇ
1601 1329 1658 1390 δὲ
1692 1327 1928 1411 παραλίᾳ
1966 1329 2326 1412 παρατέταται

760 1421 934 1498 μικρῷ
960 1441 1013 1476 τι
1053 1416 1214 1477 πλέον
1257 1419 1363 1475 τῶν
1403 1413 1454 1474 σ’
1493 1414 1716 1475 σταδίων
1752 1421 1935 1494 μῆκος.
2021 1417 2325 1499 Βαρότατον

759 1505 805 1563 δ’
832 1504 946 1584 ἔχει
987 1503 1158 1582 ὕδωρ,
1181 1502 1320 1563 ὥστε
1363 1503 1438 1582 μὴ
1473 1503 1577 1562 δεῖν
1608 1503 1904 1581 κολύμὸου,
1932 1503 2069 1564 ἀλλὰ
2096 1505 2186 1566 τὸν
2227 1508 2323 1584 ἐμ-

761 1589 928 1650 ὃάντα
955 1591 1048 1651 καὶ
1071 1589 1259 1672 μέχρις
1283 1591 1524 1670 ὀμφαλοῦ
1557 1590 1701 1660 εὐθὺς
1740 1591 2048 1673 ἐξαίρεσθαι.
2133 1591 2321 1666 Meo-rifi

761 1679 808 1738 δ’
833 1678 976 1742 ἔστὶν
1019 1680 1290 1760 ἀσφάλτου
1335 1676 1494 1751 αὕτη·
1535 1683 1684 1737 τοῦτο
1727 1678 1773 1738 δ’·
1809 1681 2139 1760 άναφυσᾶται
2183 1681 2324 1741 κατὰ

760 1767 976 1849 καιροὺς
999 1768 1254 1836 ἀτάκτους
1281 1770 1340 1827 ix
1364 1767 1522 1844 με’σου
1554 1772 1644 1828 τοῦ
1670 1767 1857 1848 βάθους
1885 1768 2020 1846 μετὰ
2051 1770 2326 1850 πομφολύ-

761 1879 892 1936 γων,
919 1858 989 1922 ὡς
1021 1855 1085 1914 ἂν
1114 1853 1315 1926 ζέοντος
1341 1853 1550 1922 ὓδατος·
1578 1855 1896 1936 κυρτουμένη
1926 1857 1971 1915 δ’
1991 1860 2025 1930 ἡ
2047 1857 2322 1938 ἐπιφάνεια

761 1943 924 2025 λόφου
951 1943 1242 2026 φαντασίαν
1265 1941 1512 2026 παρέχει·
1541 1939 1951 2025 συναναφέρεται
1971 1943 2026 2004 δὲ
2050 1945 2141 2004 καὶ
2161 1945 2320 2006 ἄσὸο·

761 2035 850 2102 λος
876 2031 1079 2106 πολλὴ,
1101 2031 1382 2106 καπνώδης
1405 2029 1519 2110 μὲν,
1539 2031 1665 2112 πρὸς
1680 2031 1734 2092 δὲ
1752 2031 1848 2106 τὴν
1866 2030 1982 2114 ὄψιν
2007 2032 2216 2107 ἄδηλος,
2235 2034 2320 2116 ὑφ’

759 2113 824 2194 ’ἧς
848 2126 1122 2182 κατιοῦται
1147 2117 1374 2200 χαλκὸς,
1409 2117 1658 2201 ἄργυρος,
1685 2127 1792 2180 πᾶν
1813 2119 1873 2179 τὸ
1895 2120 2144 2180 στιλπνὸν
2164 2123 2323 2202 μέχρι

761 2209 852 2271 καὶ
874 2213 1103 2291 χρυσοῦ·
1133 2209 1237 2269 ἀπὸ
1261 2207 1316 2268 δί
1339 2215 1430 2269 τοῦ
1450 2213 1751 2269 κατιοῦσθαι
1773 2207 1840 2269 τὰ
1868 2207 2028 2281 σκεύη
2047 2209 2321 2290 γνωρίζου-

762 2322 843 2360 σιν
887 2301 937 2359 οῑ
987 2301 1369 2378 περιοικοῦντες
1419 2293 1716 2376 ἀρχομένην
1776 2297 1872 2370 τὴν
1922 2296 2184 2370 ἅναὸολὴν
2229 2303 2321 2358 τοῦ

761 2387 1031 2468 ἀσφάλτου
1067 2385 1158 2446 καὶ
1191 2385 1675 2466 παρασκευάζονται
1702 2384 1832 2464 πρὸς
1863 2386 1960 2458 τὴν
2003 2386 2318 2466 μεταλλείαν

758 2481 953 2549 αὐτοῦ,
983 2474 1332 2548 ποιησάμενοι
1373 2472 1580 2554 σχεδίας
1623 2475 1938 2552 καλαμίνας.
2021 2474 2180 2536 Ἔστι
2211 2476 2256 2535 δ’
2280 2481 2317 2548 ἡ

759 2564 1023 2645 ἄσφαλτος
1065 2567 1165 2640 γῆς
1204 2562 1372 2639 βῶλος
1389 2604 1407 2637 ,
1451 2559 1792 2639 ὑγραινομένη
1836 2561 1942 2622 ὑπὸ
1989 2566 2182 2641 θερμοῦ
2227 2563 2335 2622 καὶ,

755 2649 1144 2732 ἁναφυσωμένη
1173 2648 1266 2709 καὶ
1295 2645 1633 2727 διαχεομένη·
1651 2647 1811 2708 πάλιν
1840 2646 1896 2707 δέ
1909 2647 2315 2724 μεταὸάλλουσα

753 2739 824 2805 εἷς
859 2737 1012 2810 πῆξιν
1045 2733 1264 2816 ἰσχυρὰν
1290 2735 1392 2796 ὑπὸ
1413 2739 1503 2793 τοῦ
1529 2736 1730 2816 ψυχροῦ
1759 2733 1974 2810 ὕδατος,
1991 2733 2132 2795 ὥστε
2150 2743 2315 2814 τομῆς

751 2824 842 2885 καὶ
864 2829 1032 2896 κοπῆς
1057 2826 1255 2883 δεῖσθαι
1269 2845 1283 2860 ·
1306 2812 1421 2882 εἶτα
1444 2822 1833 2892 ἐπιπολάζουσα
1873 2827 1906 2896 ἡ
1945 2823 2207 2904 ἄσφαλτος
2227 2826 2314 2884 διὰ

751 2911 844 2986 τὴν
867 2918 958 2972 τοῦ
982 2911 1168 2978 ὕδατος
1189 2909 1474 2991 παχύτητα
1498 2909 1748 2970 κόπτεται
1779 2909 1868 2970 καὶ
1889 2909 2228 2993 ἀποφέρεται.

839 3031 912 3072 ιι.
957 3007 1086 3070 Ὅτι
1124 3007 1194 3066 τὰ
1223 3010 1351 3086 παρ’
1387 3005 1656 3087 Ἑὸραίοις
1697 3006 1915 3084 Σόδομα
1946 3007 2096 3075 πόλις
2123 3007 2313 3090 ἑτέρων

750 3093 813 3173 ’ἦν
845 3099 915 3159 ιδ’
955 3099 1158 3158 πόλεων
1204 3094 1558 3178 μητρόπολις,
1588 3096 1680 3157 καὶ
1707 3096 1794 3156 διὰ
1824 3095 1885 3157 τὸ
1921 3087 2054 3156 εἶναι
2080 3096 2176 3171 τὴν
2213 3103 2315 3178 γῆν

749 3189 1012 3267 ἔμπυρον,
1041 3183 1334 3266 γενομένων
1365 3185 1594 3262 σεισμῶν
1629 3184 1721 3243 καὶ
1757 3185 2011 3264 πυρωδιῗιν
2039 3187 2315 3268 ἀναφυση-

735 3277 932 3350 ..αάτων
950 3322 967 3349 ,
999 3272 1442 3354 κατεστράφησαν
1484 3273 1576 3331 καὶ
1613 3271 1948 3346 κατεκάησαν
1973 3280 2144 3333 πᾶσαι
2162 3317 2181 3351 ‚
2223 3276 2315 3336 καὶ

751 3363 966 3434 ἀνεδόθη
1019 3366 1056 3434 ἡ
1100 3366 1188 3419 νῦν
1219 3361 1386 3438 λίμνη
1423 3357 1684 3439 Σιρόωνὶς
1725 3359 2058 3438 καλουμένη,
2103 3359 2317 3436 θειώδης

749 3441 878 3510 οῦσα
901 3450 994 3510 καὶ
1017 3447 1385 3531 ἀσφαλτώδης.

828 3559 902 3600 ⁴2.
943 3536 1078 3599 'Ort
1105 3535 1388 3616 Αἰγύπτιοι
1427 3539 1662 3620 χρῶνται
1689 3539 1756 3618 τῇ
1794 3535 2046 3619 ἀσφάλτῳ
2073 3531 2200 3616 πρὸς
2224 3532 2319 3601 τὰς

759 3630 857 3687 τῶν
884 3628 1084 3707 νεκρῶν
1106 3623 1399 3707 ταριχείας.

834 3734 910 3776 ιε.
953 3712 1087 3776 Ὀτι
1126 3711 1180 3784 ἐξ
1229 3712 1494 3792 Ἆρμόζων
1536 3721 1627 3775 τοῦ
1673 3713 1837 3796 ἄκρου
1872 3717 1965 3788 τῆς
2005 3710 2320 3793 Καρμανίας

757 3805 1016 3885 ἅφορᾶται
1058 3803 1119 3862 τὸ
1165 3803 1218 3860 ἓν
1251 3800 1469 3882 Ἀραὸία
1512 3802 1669 3882 ἄκρον
1721 3799 1826 3886 [τὸ]
1857 3805 1907 3862 ἐν
1941 3800 2181 3874 Μάκαις,
2223 3799 2314 3859 καὶ

755 3892 907 3953 τοῦτό
938 3893 1078 3954 ἐστιν
1108 3895 1143 3964 ἡ
1174 3889 1312 3971 ἀρχὴ
1341 3895 1433 3949 τοῦ
1466 3893 1726 3970 Περσικοῦ
1749 3890 1944 3950 κόλπου
1961 3913 1976 3928 ·
2001 3888 2061 3949 τὸ
2086 3886 2189 3970 γὰρ
2218 3889 2317 3947 ἕν-

753 3985 929 4040 τεῦθεν
979 3982 1189 4061 πρῶτον
1228 3977 1324 4056 μὲν
1354 3978 1482 4059 πρὸς
1518 3976 1773 4044 ἀνατολὰς
1811 3977 1904 4038 καὶ
1931 3975 2161 4054 δυσμὰς,
2200 3966 2313 4035 εἶτα

753 4069 881 4149 πρὸς
910 4072 1102 4149 βορρᾶν
1149 4066 1414 4147 ιῦρόνεται
1432 4071 1467 4141 ἡ
1499 4065 1740 4149 Περσικὴ
1769 4063 2009 4126 θάλασσα
2029 4063 2313 4143 ῖωςΤερη-

755 4157 895 4223 δόνος
942 4154 1143 4224 πόλεως
1188 4153 1280 4213 καὶ
1324 4157 1430 4213 τῶν
1477 4160 1567 4213 τοῦ
1611 4151 1893 4236 Εὐφράτου
1931 4155 2168 4229 ποταμοῦ
2220 4153 2314 4210 ἐκ·

756 4244 942 4304 ὅολῶν.

834 4351 906 4393 ιι.
949 4329 1078 4393 Ὅτι
1109 4334 1144 4403 ἡ
1173 4327 1415 4410 Περσικὴ
1446 4329 1700 4390 θάλασσα·
1728 4326 1933 4408 μεγάλη
1967 4326 2138 4402 ἐστὶν,
2173 4323 2309 4384 ὥστε

755 4423 924 4501 μικρῷ
956 4417 1190 4479 λείπεται
1219 4422 1292 4501 τῷ
1315 4417 1520 4497 μεγέθει
1545 4421 1637 4478 τοῦ
1667 4414 1910 4482 Εὐξείνου
1940 4413 2145 4475 πόντου.

831 4527 902 4568 ιε.
943 4505 1072 4566 Ὅτι
1093 4507 1146 4564 ἐν
1167 4507 1242 4585 τῷ
1269 4503 1568 4586 νοτιωτάτῳ
1586 4503 1679 4563 καὶ
1701 4500 2081 4583 δυσμικωτάτῳ
2104 4500 2309 4582 σημείῳ

753 4601 842 4657 τοῦ
890 4597 1153 4676 Περσικοῦ
1180 4592 1377 4653 κόλπου
1408 4592 1558 4660 πόλις
1587 4589 1698 4652 ἐστὶ
1738 4588 1912 4673 Γέρρα
1959 4592 2012 4650 ἐν
2041 4594 2111 4670 γῇ
2140 4588 2311 4668 ἁλμυ-

756 4685 858 4766 ρίδι
874 4728 892 4758 ,
917 4675 982 4758 ἧς
1005 4686 1061 4743 αἱ
1085 4681 1244 4742 οἰκίαι
1271 4679 1446 4742 άλιναί
1471 4683 1598 4742 εἰσιν
1617 4704 1633 4720 ·
1665 4678 1782 4738 ἐπεὶ
1807 4681 1854 4738 δ’
1885 4680 1942 4738 αἱ
1967 4676 2176 4744 λεπίδες
2200 4679 2306 4735 τῶν

750 4773 920 4847 ἁλῶν,
961 4769 1313 4852 ἀφιστάμεναι
1351 4768 1490 4830 κατὰ
1531 4769 1626 4843 τὴν
1669 4767 1944 4832 ἔπίκαυσιν
1985 4764 2080 4838 τὴν
2111 4767 2171 4824 ἐκ
2201 4769 2305 4826 τῶν

747 4859 944 4936 ἡλίων,
976 4861 1206 4938 συνεχεῖς
1244 4857 1598 4916 ἀποπίπτουσι
1615 4901 1634 4934 ,
1677 4853 2109 4936 καταρραίνοντες
2153 4852 2308 4912 ὕδασι

747 4947 917 5009 πυκνὰ
941 4945 1056 5016 τοὺς
1077 4951 1281 5027 τοίχους
1305 4943 1628 5026 συνέχουσιν.

749 5192 818 5244 R.
848 5195 976 5261 762,
1001 5195 1076 5247 D.
1107 5191 1231 5260 763,
1272 5195 1347 5247 A.
1399 5191 1422 5261 ΙΙ
1458 5217 1530 5232 -
1562 5191 1652 5250 4ο.
1705 5205 1760 5261 p.
1795 5187 1919 5257 763,
1963 5190 2018 5243 C.
2054 5189 2178 5256 764,
2222 5189 2300 5241 A.

751 5268 989 5342 ἅσὸολος]
1032 5269 1190 5341 βῶλος
1209 5269 1334 5326 cod.
1367 5271 1389 5340 ΙΙ
1415 5297 1491 5311 -
1524 5271 1590 5333 4ε
1616 5277 1670 5321 et
1689 5271 1779 5332 42.
1805 5285 1860 5339 p.
1887 5270 2012 5338 764,
2045 5269 2154 5322 CD.
2180 5265 2202 5336 ΙΙ
2231 5293 2307 5305 -

753 5341 840 5405 43.
868 5358 924 5414 p.
953 5343 1085 5412 765,
1110 5349 1178 5398 D.
1209 5341 1494 5414 Ἆρμόζων]
1527 5337 1756 5412 Ἆρμόζον
1777 5337 1901 5394 cod.
1920 5338 2106 5404 Palat.;
2135 5333 2305 5408 Ἁρμό-

2053 495 2615 560 οΗΒΕ8ΤοΜΑΤΗ
2622 501 2721 561 1AE

2480 641 2567 695 38.
2605 641 2729 695 Post
2748 643 2947 696 Mosem
2970 645 3305 716 sequentibus
3320 653 3643 721 temporibus
3668 660 3971 728 superstitio

2410 724 2547 779 inter
2566 729 2600 780 J
2602 726 2777 781 udaeos
2802 729 3047 797 invaluit,
3074 730 3218 787 velut
3240 735 3571 793 circumcisio
3588 751 3641 796 et
3658 742 3967 800 abstinentia

2409 828 2442 865 a
2461 813 2720 872 carnibus.

2480 900 2568 970 39.
2608 899 3088 975 Hierosolymorum
3128 905 3258 962 urbs
3303 909 3557 966 interiora
3598 917 3751 987 aquis
3780 918 3931 989 plena
3948 959 3965 984 ,

2410 986 2663 1041 exteriora
2683 997 2857 1042 autem
2884 990 3019 1044 sicca
3044 989 3220 1047 babet.
3294 995 3455 1050 Fossa
3480 999 3619 1072 circa
3644 1001 3832 1056 urbem
3857 1022 3970 1060 non

2411 1067 2621 1139 effossa,
2650 1072 2741 1127 sed
2778 1091 2810 1128 e
2846 1091 2970 1129 saxo
2993 1075 3258 1148 profunde
3296 1081 3469 1135 excisa
3506 1094 3611 1153 est;
3640 1085 3769 1158 lapis
3794 1099 3969 1146 autem

2410 1157 2611 1211 excisus
2632 1169 2906 1216 structurae
2930 1161 3077 1217 urbis
3100 1165 3374 1221 materiam
3400 1169 3645 1239 praebuit.

2481 1245 2570 1307 4ο.
2604 1243 2839 1300 Sirbonis
2864 1248 3003 1302 lacus
3025 1247 3323 1320 prohmdus
3369 1263 3451 1307 est
3486 1254 3744 1313 ambitum
3770 1259 3971 1317 babens

2410 1327 2697 1384 stadiorum
2734 1331 2899 1398 mille3
2927 1344 3116 1405 preter
3143 1338 3461 1392 maritimam
3492 1357 3642 1396 orum
3666 1347 3972 1404 extenditur

2410 1415 2465 1468 in
2492 1415 2814 1488 longitudine
2838 1421 2991 1492 paulo
3014 1423 3236 1496 amplius
3263 1425 3443 1480 stadiis
3480 1444 3605 1485 noo.
3679 1436 3829 1504 Aqua
3852 1435 3971 1508 ejus

2410 1506 2734 1574 gravissima,
2763 1507 2895 1564 adeo
2920 1519 2978 1564 ut
3004 1509 3299 1566 urinatores
3324 1515 3379 1568 in
3404 1532 3470 1570 eo
3510 1515 3689 1572 locum
3725 1536 3835 1573 non
3870 1523 3969 1578 ba·

2410 1591 2594 1662 beant;
2614 1612 2737 1649 nam
2764 1598 2857 1668 qui
2882 1607 3034 1652 tenus
3064 1599 3315 1656 umbilico
3338 1603 3395 1655 in
3420 1620 3543 1657 eum
3569 1604 3837 1676 procedit,
3865 1619 3974 1662 sta-

2410 1681 2504 1734 tim
2543 1681 2815 1740 attollitur.
2886 1684 3076 1740 Plenus
3099 1697 3179 1741 est
3202 1686 3490 1752 bitumine,
3526 1690 3672 1762 quod
3718 1710 3749 1745 e
3790 1693 3971 1748 medio

2410 1764 2575 1821 fundo
2589 1769 2911 1841 temporibus
2927 1788 3036 1825 non
3059 1774 3215 1828 certis
3234 1792 3357 1828 cum
3376 1773 3531 1830 bullis
3550 1779 3699 1848 quasi
3720 1777 3971 1835 ferventis

2407 1880 2555 1935 aqua
2571 1862 2803 1933 efflatur-3
2822 1883 2885 1920 ac
2908 1877 3023 1922 tum
3050 1870 3351 1941 superficies
3365 1870 3570 1944 paludis
3586 1885 3802 1930 curvata
3822 1876 3970 1931 collis

2406 1951 2629 2022 speciem
2652 1951 2876 2024 prebet,
2894 1953 3051 2010 simul
3073 1972 3201 2011 vero
3214 1957 3373 2012 etiam
3396 1957 3559 2028 fuligo
3580 1959 3747 2016 multa
3771 1963 3970 2017 emitti·

2406 2046 2516 2104 tur,
2544 2035 2746 2094 fumosa
2770 2040 2856 2095 illa
2881 2041 3128 2114 quidem,
3152 2041 3247 2096 sed
3275 2044 3444 2098 visum
3478 2045 3691 2114 laneus,
3720 2065 3837 2120 quae
3874 2051 3969 2103 εει-ἰ

2405 2135 2459 2180 et
2482 2137 2697 2197 argento
2722 2138 2775 2182 et
2799 2127 2979 2183 nitidis
3004 2127 3254 2184 omnibus
3276 2140 3331 2186 et
3356 2131 3457 2205 ipsi
3480 2131 3641 2186 etiam
3664 2151 3796 2188 auro
3826 2135 3973 2190 rubi-

2406 2211 2580 2282 gin-
2622 2213 2827 2269 inducit
2838 2235 2856 2283 ;
2892 2232 2957 2268 ex
2998 2233 3063 2269 eo
3114 2225 3288 2271 autem
3330 2215 3477 2288 quod
3506 2235 3627 2272 vasa
3668 2218 3967 2292 rubiginem

2406 2298 2750 2365 connubunt,
2794 2301 2979 2356 accolae
3030 2301 3329 2374 intelligunt
3391 2302 3667 2358 bituminis
3738 2307 3970 2380 eruptio-

2403 2403 2527 2441 nem
2556 2387 2813 2462 incipere,
2838 2406 2901 2444 ac
2929 2407 3039 2444 sese
3060 2390 3365 2445 arundineis
3386 2391 3587 2446 ratibus
3611 2389 3682 2446 ad
3705 2390 3763 2447 id
3786 2393 3968 2466 inqui·

2402 2471 2626 2527 rendum
2650 2475 2945 2546 accingunt.
3019 2476 3265 2531 Bitumcn
3304 2487 3383 2531 est
3426 2487 3583 2532 terrae
3633 2477 3810 2549 gleba,
3845 2497 3969 2552 quae

2403 2557 2573 2612 calore
2586 2557 2859 2631 liquefacta
2874 2559 3083 2616 efflatur
3100 2572 3259 2634 atque
3277 2561 3601 2618 diffunditur
3610 2583 3628 2631 ς
3642 2581 3969 2636 rursumque

2402 2645 2459 2697 in
2512 2661 2730 2698 massam
2778 2645 3141 2716 solidissimam
3196 2665 3331 2720 aqua
3382 2648 3577 2720 frigida
3628 2649 3963 2716 immutatur,

2401 2729 2535 2786 adeo
2562 2741 2622 2786 ut
2646 2732 2875 2786 sectione
2896 2742 2950 2787 et
2982 2733 3237 2788 incisione
3259 2750 3399 2806 opus
3425 2735 3513 2790 sit.
3588 2732 3653 2788 Id
3678 2746 3857 2806 postea
3892 2737 3966 2790 ol»

2400 2836 2550 2890 aquae
2586 2820 2871 2874 crassitiem
2904 2821 2961 2874 in
3002 2837 3217 2875 summo
3259 2821 3473 2876 fluitans
3516 2821 3737 2876 oeditur
3774 2833 3827 2876 et
3866 2841 3965 2876 au-

2400 2903 2585 2962 fertur.

2470 2996 2560 3058 4¹·
2602 2991 2944 3049 Hebraeorum
2984 2993 3113 3048 urbs
3143 2992 3376 3049 Sodoma
3418 2993 3634 3048 urbium
3676 2993 3961 3051 duodecim

2402 3076 2501 3132 fuit
2522 3077 2851 3151 metropolin
2894 3090 2949 3134 et
2972 3097 3141 3152 quum
3176 3090 3314 3135 terra
3356 3080 3545 3135 subtus
3573 3080 3783 3152 ignibus
3808 3082 3963 3156 plena

2402 3175 2569 3233 esset,
2622 3184 2687 3221 ex
2732 3176 2883 3221 terrae
2939 3167 3175 3222 motibus
3220 3178 3274 3223 et
3330 3169 3499 3239 igneis
3543 3167 3963 3225 exhalationibus

2402 3271 2594 3312 eversa
2618 3266 2744 3309 sunt
2766 3266 2821 3309 et
2842 3265 3035 3308 exustae
3063 3272 3249 3310 omnes
3264 3294 3281 3321 ,
3313 3253 3543 3326 indeque
3569 3257 3781 3309 emersit
3816 3257 3961 3310 lacus

2403 3343 2495 3414 qui
2524 3359 2667 3396 nunc
2690 3341 2928 3397 Sirbonis
2962 3341 3178 3408 dicitur,
3204 3340 3459 3414 sulphure
3484 3352 3539 3395 et
3560 3341 3820 3397 bitumine
3842 3343 3957 3415 ple·

2404 3446 2524 3483 nus.

2475 3519 2566 3579 42.
2604 3515 2833 3588 Egyptii
2861 3515 2929 3569 ad
2968 3525 3301 3570 mortuorum
3348 3513 3653 3570 condituras
3697 3515 3961 3570 bitumine

2403 3611 2643 3660 utuntur.

2478 3711 2569 3778 43.
2606 3713 2688 3766 Ex
2709 3711 3000 3777 Hannonis,
3026 3709 3312 3765 carmaniae
3336 3711 3726 3784 promontorio,
3751 3711 3959 3768 Arabiae

2406 3817 2829 3892 promontorium
2870 3815 3210 3888 conspicitur,
3254 3814 3403 3888 quod
3448 3825 3528 3870 est
3561 3813 3701 3888 apud
3748 3817 3948 3881 Macas3

2401 3936 2559 3998 atque
2589 3924 2691 3979 boc
2714 3933 2793 3978 est
2828 3923 3037 3977 initium
3075 3923 3226 3976 sinus
3247 3921 3442 3976 Persici
3457 3941 3474 3988 ς
3502 3939 3625 3976 nam
3651 3919 3719 3974 ab
3744 3939 3809 3975 co
3834 3919 3953 3976 loco

2400 4029 2469 4086 ad
2494 4041 2668 4085 ortum
2708 4039 2763 4084 et
2795 4045 3035 4082 ooeasum
3073 4027 3277 4100 primo,
3302 4024 3429 4080 inde
3449 4024 3521 4080 ad
3545 4028 3953 4099 septentrionem

2399 4133 2546 4187 sinus
2570 4132 2805 4186 Persicus
2844 4133 2899 4184 in
2926 4128 3091 4184 latum
3128 4127 3421 4200 porrigitur
3446 4143 3615 4200 usque
3635 4124 3706 4181 ad
3726 4123 3954 4181 Teredo-

2400 4251 2519 4287 nem
2546 4230 2731 4286 urbem
2755 4240 2807 4285 et
2824 4228 3107 4302 Euphratis
3132 4225 3281 4281 fluvii
3300 4226 3455 4284 ostia.

2467 4346 2554 4407 44.
2594 4341 2739 4395 Mare
2762 4339 3029 4394 Persicum
3056 4353 3306 4407 magnum
3332 4344 3444 4402 est,
3474 4333 3609 4390 adeo
3630 4344 3693 4388 ut
3720 4337 3947 4389 Pontum

2398 4431 2667 4484 Euxinum
2690 4425 3051 4498 magnitudine
3070 4423 3179 4480 sere
3195 4423 3455 4496 adaequet.

2468 4515 2555 4584 45.
2592 4511 2680 4570 Ad
2700 4523 2904 4586 partem
2938 4513 3086 4566 sinus
3117 4510 3314 4565 Persici
3334 4508 3563 4564 maxime
3587 4507 3862 4563 australem
3896 4517 3951 4563 et

2394 4601 2665 4656 occiduam
2702 4596 3198 4663 urhsest-Gerrba,
3238 4597 3297 4650 in
3324 4593 3454 4650 locis
3492 4593 3640 4648 salsis
3680 4594 3809 4659 sita,
3854 4593 3948 4649 ubi

2394 4687 2587 4742 domus
2628 4703 2693 4740 ex
2720 4684 2911 4739 salibus
2935 4693 3249 4738 constructo
3284 4690 3439 4749 sunt3
3480 4679 3609 4747 has,
3634 4697 3801 4752 quum
3829 4679 3947 4734 selis

2394 4790 2622 4847 squamae
2648 4781 2863 4844 propter
2886 4768 3010 4823 solis
3040 4767 3285 4824 ardorem
3314 4775 3564 4839 separate
3588 4767 3837 4822 continue
3860 4783 3944 4820 ce·

2392 4860 2553 4926 dant,
2612 4859 2799 4915 crebro
2859 4858 3007 4929 aquis
3056 4856 3401 4928 adspergunt,
3453 4864 3611 4926 atque
3662 4871 3727 4907 eo
3791 4864 3945 4926 pacto

2392 4950 2611 5022 parietes
2631 4955 2958 5002 conservant.

2398 5182 2573 5242 ζοντος
2600 5174 2723 5232 cod.
2773 5174 2939 5230 Paris.
2982 5174 3109 5244 11-
3144 5176 3236 5238 44.
3287 5190 3343 5244 p.
3387 5175 3513 5242 766,
3554 5175 3629 5226 A.
3668 5171 3694 5242 ΙΙ
3748 5199 3821 5212 -·—
3854 5169 3940 5234 45.

2393 5276 2452 5332 p.
2492 5260 2615 5330 766,
2643 5259 2744 5310 BC.
2783 5256 2887 5326 γῇ]
2916 5255 2980 5326 τῇ
3004 5250 3129 5308 cod.
3166 5253 3189 5322 11
3230 5279 3302 5292 -
3330 5253 3422 5314 46.
3449 5267 3507 5323 p.
3540 5253 3663 5320 766,
3702 5253 3773 5304 D.
3810 5249 3831 5316 ΙΙ
3874 5276 3945 5288 -

2397 5347 2485 5408 47.
2516 5356 2571 5411 p.
2619 5339 2742 5406 766,
2790 5338 2862 5391 D.
2897 5329 3076 5386 Verba
3113 5330 3209 5385 ὅλα
3246 5328 3397 5389 καὶ...
3429 5327 3791 5402 πλημμυρίσιν,
3830 5343 3942 5398 quae
