<?xml version="1.0" encoding="UTF-8"?>
<!DOCTYPE html PUBLIC "-//W3C//DTD XHTML 1.0 Transitional//EN"
    "http://www.w3.org/TR/xhtml1/DTD/xhtml1-transitional.dtd">
<html xmlns="http://www.w3.org/1999/xhtml" xml:lang="en" lang="en">
 <head>
  <title>
</title>
<meta http-equiv="Content-Type" content="text/html;charset=utf-8" />
  <meta name='ocr-system' content='tesseract 3.04.00' />
  <meta name='ocr-capabilities' content='ocr_page ocr_carea ocr_par ocr_line ocrx_word'/>
</head>
<body>
  <div class='ocr_page' id='page_1' title='image "./geographigraeci05mlgoog_0183.png"; bbox 0 0 4584 6284; ppageno 0'>
   <div class='ocr_carea' id='block_1_1' title="bbox 1884 521 2624 587">
    <p class='ocr_par' dir='ltr' id='par_1_1' title="bbox 1884 521 2624 587">
     <span class='ocr_line' id='line_1_1' title="bbox 1884 521 2624 587; baseline 0 -4"><span class='ocrx_word' id='word_1_1' title='bbox 1884 521 2105 585; x_wconf 78' lang='lat' dir='ltr'>omns</span> <span class='ocrx_word' id='word_1_2' title='bbox 2147 523 2624 587; x_wconf 69' lang='lat' dir='ltr'>DESCRIPTIO.</span> 
     </span>
    </p>
   </div>
   <div class='ocr_carea' id='block_1_2' title="bbox 844 651 2155 733">
    <p class='ocr_par' dir='ltr' id='par_1_2' title="bbox 844 651 2155 733">
     <span class='ocr_line' id='line_1_2' title="bbox 844 651 2155 733; baseline 0.001 -19"><span class='ocrx_word' id='word_1_3' title='bbox 844 654 1021 714; x_wconf 80' lang='grc' dir='ltr'><strong>Κεῖθεν</strong></span> <span class='ocrx_word' id='word_1_4' title='bbox 1054 652 1099 711; x_wconf 74' lang='grc' dir='ltr'>δ’</span> <span class='ocrx_word' id='word_1_5' title='bbox 1129 654 1430 731; x_wconf 83' lang='grc' dir='ltr'><strong>εὖρυνθεῖσα</strong></span> <span class='ocrx_word' id='word_1_6' title='bbox 1459 652 1745 712; x_wconf 85' lang='grc' dir='ltr'><strong>τιταίνεται</strong></span> <span class='ocrx_word' id='word_1_7' title='bbox 1774 651 1979 732; x_wconf 70' lang='grc' dir='ltr'><strong>Ἀδριὰς</strong></span> <span class='ocrx_word' id='word_1_8' title='bbox 2009 654 2155 733; x_wconf 75' lang='grc' dir='ltr'><strong>ἅλμη</strong></span> 
     </span>
    </p>
   </div>
   <div class='ocr_carea' id='block_1_3' title="bbox 3769 536 3880 593">
    <p class='ocr_par' dir='ltr' id='par_1_3' title="bbox 3769 536 3880 593">
     <span class='ocr_line' id='line_1_3' title="bbox 3769 536 3880 593; baseline 0 -1"><span class='ocrx_word' id='word_1_9' title='bbox 3769 536 3880 593; x_wconf 77' lang='grc'>109</span> 
     </span>
    </p>
   </div>
   <div class='ocr_carea' id='block_1_4' title="bbox 2332 655 3631 717">
    <p class='ocr_par' dir='ltr' id='par_1_4' title="bbox 2332 655 3631 717">
     <span class='ocr_line' id='line_1_4' title="bbox 2332 655 3631 717; baseline 0.005 -8"><span class='ocrx_word' id='word_1_10' title='bbox 2332 655 2462 712; x_wconf 81' lang='lat' dir='ltr'>Inde</span> <span class='ocrx_word' id='word_1_11' title='bbox 2487 675 2611 711; x_wconf 78' lang='lat' dir='ltr'>vero</span> <span class='ocrx_word' id='word_1_12' title='bbox 2633 656 2908 712; x_wconf 85' lang='lat' dir='ltr'>dilatatum</span> <span class='ocrx_word' id='word_1_13' title='bbox 2938 658 3114 713; x_wconf 76' lang='lat' dir='ltr'>Adriae</span> <span class='ocrx_word' id='word_1_14' title='bbox 3141 658 3304 713; x_wconf 81' lang='lat' dir='ltr'>salum</span> <span class='ocrx_word' id='word_1_15' title='bbox 3331 660 3631 717; x_wconf 85' lang='lat' dir='ltr'>extenditur</span> 
     </span>
    </p>
   </div>
   <div class='ocr_carea' id='block_1_5' title="bbox 837 730 3893 825">
    <p class='ocr_par' dir='ltr' id='par_1_5' title="bbox 837 730 3893 825">
     <span class='ocr_line' id='line_1_5' title="bbox 837 730 3893 825; baseline 0.003 -28"><span class='ocrx_word' id='word_1_16' title='bbox 837 738 962 819; x_wconf 75' lang='grc' dir='ltr'><strong>πρὸς</strong></span> <span class='ocrx_word' id='word_1_17' title='bbox 989 738 1192 819; x_wconf 78' lang='grc' dir='ltr'><strong>βορέην,</strong></span> <span class='ocrx_word' id='word_1_18' title='bbox 1220 730 1361 806; x_wconf 59' lang='grc' dir='ltr'><strong>αὖθις</strong></span> <span class='ocrx_word' id='word_1_19' title='bbox 1382 739 1435 798; x_wconf 80' lang='grc' dir='ltr'>δὲ</span> <span class='ocrx_word' id='word_1_20' title='bbox 1456 736 1581 819; x_wconf 76' lang='grc' dir='ltr'><strong>πρὸς</strong></span> <span class='ocrx_word' id='word_1_21' title='bbox 1613 739 1855 819; x_wconf 68' lang='grc' dir='ltr'><strong>ἑσπέριον</strong></span> <span class='ocrx_word' id='word_1_22' title='bbox 1881 740 2050 823; x_wconf 72' lang='grc' dir='ltr'><strong>μυχὸν</strong></span> <span class='ocrx_word' id='word_1_23' title='bbox 2078 740 2245 825; x_wconf 75' lang='grc' dir='ltr'><strong>ἷρπει,</strong></span> <span class='ocrx_word' id='word_1_24' title='bbox 2333 743 2386 797; x_wconf 91' lang='lat' dir='ltr'>in</span> <span class='ocrx_word' id='word_1_25' title='bbox 2415 744 2820 815; x_wconf 71' lang='lat' dir='ltr'>septentriones,</span> <span class='ocrx_word' id='word_1_26' title='bbox 2851 762 3036 799; x_wconf 85' lang='lat' dir='ltr'>rursus</span> <span class='ocrx_word' id='word_1_27' title='bbox 3068 764 3192 800; x_wconf 76' lang='lat' dir='ltr'>vero</span> <span class='ocrx_word' id='word_1_28' title='bbox 3217 744 3284 799; x_wconf 92' lang='lat' dir='ltr'>ad</span> <span class='ocrx_word' id='word_1_29' title='bbox 3317 746 3596 803; x_wconf 87' lang='lat' dir='ltr'>occiduum</span> <span class='ocrx_word' id='word_1_30' title='bbox 3633 766 3893 807; x_wconf 79' lang='lat' dir='ltr'><strong>recessum</strong></span> 
     </span>
    </p>
   </div>
   <div class='ocr_carea' id='block_1_6' title="bbox 832 824 1985 906">
    <p class='ocr_par' dir='ltr' id='par_1_6' title="bbox 832 824 1985 906">
     <span class='ocr_line' id='line_1_6' title="bbox 832 824 1985 906; baseline 0.001 -20"><span class='ocrx_word' id='word_1_31' title='bbox 832 824 956 902; x_wconf 64' lang='grc' dir='ltr'>Ιἱίντε</span> <span class='ocrx_word' id='word_1_32' title='bbox 984 828 1076 886; x_wconf 82' lang='grc' dir='ltr'>καὶ</span> <span class='ocrx_word' id='word_1_33' title='bbox 1105 827 1297 901; x_wconf 77' lang='grc' dir='ltr'><strong>Ἰονίην</strong></span> <span class='ocrx_word' id='word_1_34' title='bbox 1326 826 1646 906; x_wconf 67' lang='grc' dir='ltr'><strong>περιναιέται</strong></span> <span class='ocrx_word' id='word_1_35' title='bbox 1672 828 1985 900; x_wconf 75' lang='grc' dir='ltr'><strong>ηὐδάξαντο.</strong></span> 
     </span>
    </p>
   </div>
   <div class='ocr_carea' id='block_1_7' title="bbox 750 914 2143 1077">
    <p class='ocr_par' dir='ltr' id='par_1_7' title="bbox 750 914 2143 1077">
     <span class='ocr_line' id='line_1_7' title="bbox 750 914 2139 995; baseline -0.002 -18"><span class='ocrx_word' id='word_1_36' title='bbox 750 934 808 977; x_wconf 68' lang='grc' dir='ltr'><strong>οῦ</strong></span> <span class='ocrx_word' id='word_1_37' title='bbox 833 916 1033 984; x_wconf 67' lang='grc' dir='ltr'><strong>Δισσὰς</strong></span> <span class='ocrx_word' id='word_1_38' title='bbox 1064 916 1112 974; x_wconf 83' lang='grc' dir='ltr'>δ’</span> <span class='ocrx_word' id='word_1_39' title='bbox 1140 915 1387 995; x_wconf 72' lang='grc' dir='ltr'>ἠπείρους</span> <span class='ocrx_word' id='word_1_40' title='bbox 1420 914 1781 995; x_wconf 70' lang='grc' dir='ltr'><strong>ίπερεῦγεται·</strong></span> <span class='ocrx_word' id='word_1_41' title='bbox 1810 918 1861 983; x_wconf 66' lang='grc' dir='ltr'>ἐς</span> <span class='ocrx_word' id='word_1_42' title='bbox 1892 917 1985 993; x_wconf 79' lang='grc' dir='ltr'>μὲν</span> <span class='ocrx_word' id='word_1_43' title='bbox 2012 915 2139 976; x_wconf 80' lang='grc' dir='ltr'><strong>ἰόντι</strong></span> 
     </span>
     <span class='ocr_line' id='line_1_8' title="bbox 831 984 2143 1077; baseline -0.003 -20"><span class='ocrx_word' id='word_1_44' title='bbox 831 994 1096 1075; x_wconf 78' lang='grc' dir='ltr'><strong>δεξιτερὴν</strong></span> <span class='ocrx_word' id='word_1_45' title='bbox 1126 992 1267 1053; x_wconf 76' lang='grc' dir='ltr'><strong>κατὰ</strong></span> <span class='ocrx_word' id='word_1_46' title='bbox 1296 1004 1453 1075; x_wconf 78' lang='grc' dir='ltr'><strong>χεῖρα</strong></span> <span class='ocrx_word' id='word_1_47' title='bbox 1480 994 1743 1077; x_wconf 77' lang='grc' dir='ltr'><strong>φαείνεται</strong></span> <span class='ocrx_word' id='word_1_48' title='bbox 1774 994 1989 1075; x_wconf 79' lang='grc' dir='ltr'><strong>Ἰλλυρὶς</strong></span> <span class='ocrx_word' id='word_1_49' title='bbox 2020 984 2109 1053; x_wconf 73' lang='grc' dir='ltr'>αἶα</span> <span class='ocrx_word' id='word_1_50' title='bbox 2128 1044 2143 1069; x_wconf 97' lang='grc'>,</span> 
     </span>
    </p>
   </div>
   <div class='ocr_carea' id='block_1_8' title="bbox 830 1086 2213 1168">
    <p class='ocr_par' dir='ltr' id='par_1_8' title="bbox 830 1086 2213 1168">
     <span class='ocr_line' id='line_1_9' title="bbox 830 1086 2213 1168; baseline -0.003 -17"><span class='ocrx_word' id='word_1_51' title='bbox 830 1088 1117 1167; x_wconf 83' lang='grc' dir='ltr'><strong>Δαλματίη</strong></span> <span class='ocrx_word' id='word_1_52' title='bbox 1146 1088 1191 1147; x_wconf 83' lang='grc' dir='ltr'>δ’</span> <span class='ocrx_word' id='word_1_53' title='bbox 1214 1086 1513 1167; x_wconf 66' lang='grc' dir='ltr'><strong>ἐφύπερθεν,</strong></span> <span class='ocrx_word' id='word_1_54' title='bbox 1540 1088 1791 1149; x_wconf 68' lang='grc' dir='ltr'><strong>ἔνυαλίων</strong></span> <span class='ocrx_word' id='word_1_55' title='bbox 1818 1089 1971 1149; x_wconf 76' lang='grc' dir='ltr'><strong>πέδον</strong></span> <span class='ocrx_word' id='word_1_56' title='bbox 1996 1090 2213 1168; x_wconf 78' lang='grc' dir='ltr'><strong>ἀνδρῶν·</strong></span> 
     </span>
    </p>
   </div>
   <div class='ocr_carea' id='block_1_9' title="bbox 2329 830 3888 1165">
    <p class='ocr_par' dir='ltr' id='par_1_9' title="bbox 2329 830 3888 1165">
     <span class='ocr_line' id='line_1_10' title="bbox 2331 830 3888 912; baseline 0.008 -27"><span class='ocrx_word' id='word_1_57' title='bbox 2331 830 2474 904; x_wconf 87' lang='lat' dir='ltr'>quod</span> <span class='ocrx_word' id='word_1_58' title='bbox 2501 834 2658 887; x_wconf 87' lang='lat' dir='ltr'>etiam</span> <span class='ocrx_word' id='word_1_59' title='bbox 2677 850 2822 887; x_wconf 89' lang='lat' dir='ltr'>mare</span> <span class='ocrx_word' id='word_1_60' title='bbox 2841 832 3054 887; x_wconf 86' lang='lat' dir='ltr'>Ionium</span> <span class='ocrx_word' id='word_1_61' title='bbox 3077 834 3264 889; x_wconf 76' lang='lat' dir='ltr'>accolae</span> <span class='ocrx_word' id='word_1_62' title='bbox 3288 834 3556 891; x_wconf 81' lang='lat' dir='ltr'>dixerunt.</span> <span class='ocrx_word' id='word_1_63' title='bbox 3665 842 3847 912; x_wconf 80' lang='lat' dir='ltr'>[serpit</span> <span class='ocrx_word' id='word_1_64' title='bbox 3871 856 3888 898; x_wconf 86' lang='lat'>:</span> 
     </span>
     <span class='ocr_line' id='line_1_11' title="bbox 2331 918 3746 992; baseline 0.005 -21"><span class='ocrx_word' id='word_1_65' title='bbox 2331 918 2549 972; x_wconf 84' lang='lat' dir='ltr'>Duabus</span> <span class='ocrx_word' id='word_1_66' title='bbox 2577 918 2630 973; x_wconf 86' lang='lat' dir='ltr'>id</span> <span class='ocrx_word' id='word_1_67' title='bbox 2659 918 3052 975; x_wconf 86' lang='lat' dir='ltr'>continentibus</span> <span class='ocrx_word' id='word_1_68' title='bbox 3077 919 3364 992; x_wconf 85' lang='lat' dir='ltr'>obstrepit;</span> <span class='ocrx_word' id='word_1_69' title='bbox 3391 939 3512 975; x_wconf 87' lang='lat' dir='ltr'>nam</span> <span class='ocrx_word' id='word_1_70' title='bbox 3537 923 3746 978; x_wconf 83' lang='lat' dir='ltr'>intranti</span> 
     </span>
     <span class='ocr_line' id='line_1_12' title="bbox 2329 1003 3560 1078; baseline 0.003 -21"><span class='ocrx_word' id='word_1_71' title='bbox 2329 1004 2566 1059; x_wconf 71' lang='lat' dir='ltr'>dextmm</span> <span class='ocrx_word' id='word_1_72' title='bbox 2591 1004 2657 1059; x_wconf 86' lang='lat' dir='ltr'>ad</span> <span class='ocrx_word' id='word_1_73' title='bbox 2689 1022 2900 1059; x_wconf 82' lang='lat' dir='ltr'>manum</span> <span class='ocrx_word' id='word_1_74' title='bbox 2925 1003 3130 1077; x_wconf 76' lang='lat' dir='ltr'>Illyrica</span> <span class='ocrx_word' id='word_1_75' title='bbox 3150 1006 3294 1077; x_wconf 76' lang='lat' dir='ltr'>regio</span> <span class='ocrx_word' id='word_1_76' title='bbox 3315 1018 3560 1078; x_wconf 83' lang='lat' dir='ltr'>apparet,</span> 
     </span>
     <span class='ocr_line' id='line_1_13' title="bbox 2331 1092 3776 1165; baseline 0.003 -18"><span class='ocrx_word' id='word_1_77' title='bbox 2331 1093 2648 1165; x_wconf 89' lang='lat' dir='ltr'>ulteriorque</span> <span class='ocrx_word' id='word_1_78' title='bbox 2676 1092 2956 1156; x_wconf 87' lang='lat' dir='ltr'>Dalmatia,</span> <span class='ocrx_word' id='word_1_79' title='bbox 2981 1094 3294 1148; x_wconf 74' lang='lat' dir='ltr'>Mat-tiorum</span> <span class='ocrx_word' id='word_1_80' title='bbox 3315 1092 3485 1147; x_wconf 87' lang='lat' dir='ltr'>solum</span> <span class='ocrx_word' id='word_1_81' title='bbox 3513 1097 3776 1164; x_wconf 80' lang='lat' dir='ltr'>virorum3</span> 
     </span>
    </p>
   </div>
   <div class='ocr_carea' id='block_1_10' title="bbox 832 1175 3884 1257">
    <p class='ocr_par' dir='ltr' id='par_1_10' title="bbox 832 1175 3884 1257">
     <span class='ocr_line' id='line_1_14' title="bbox 832 1175 3884 1257; baseline 0.003 -25"><span class='ocrx_word' id='word_1_82' title='bbox 832 1180 995 1257; x_wconf 81' lang='grc' dir='ltr'><strong>σκαιῇ</strong></span> <span class='ocrx_word' id='word_1_83' title='bbox 1016 1176 1061 1235; x_wconf 80' lang='grc' dir='ltr'>δ’</span> <span class='ocrx_word' id='word_1_84' title='bbox 1078 1176 1349 1237; x_wconf 80' lang='grc' dir='ltr'><strong>Αὐσονίων</strong></span> <span class='ocrx_word' id='word_1_85' title='bbox 1372 1175 1779 1256; x_wconf 77' lang='grc' dir='ltr'><strong>παραπίπταται</strong></span> <span class='ocrx_word' id='word_1_86' title='bbox 1798 1176 2019 1245; x_wconf 74' lang='grc' dir='ltr'><strong>ἄσπετος</strong></span> <span class='ocrx_word' id='word_1_87' title='bbox 2040 1177 2237 1255; x_wconf 78' lang='grc' dir='ltr'><strong>ἰσθμός,</strong></span> <span class='ocrx_word' id='word_1_88' title='bbox 2326 1179 2392 1234; x_wconf 88' lang='lat' dir='ltr'>ad</span> <span class='ocrx_word' id='word_1_89' title='bbox 2414 1183 2593 1235; x_wconf 73' lang='lat' dir='ltr'>laevam</span> <span class='ocrx_word' id='word_1_90' title='bbox 2617 1198 2740 1235; x_wconf 80' lang='lat' dir='ltr'>vero</span> <span class='ocrx_word' id='word_1_91' title='bbox 2757 1182 2941 1251; x_wconf 80' lang='lat' dir='ltr'>ingens</span> <span class='ocrx_word' id='word_1_92' title='bbox 2960 1184 3234 1235; x_wconf 78' lang='lat' dir='ltr'>Ausonum</span> <span class='ocrx_word' id='word_1_93' title='bbox 3263 1182 3486 1236; x_wconf 86' lang='lat' dir='ltr'>isthmu&#39;s</span> <span class='ocrx_word' id='word_1_94' title='bbox 3508 1200 3767 1256; x_wconf 81' lang='lat' dir='ltr'>expansus</span> <span class='ocrx_word' id='word_1_95' title='bbox 3786 1196 3884 1253; x_wconf 76' lang='lat' dir='ltr'>cst,</span> 
     </span>
    </p>
   </div>
   <div class='ocr_carea' id='block_1_11' title="bbox 710 1263 2237 2397">
    <p class='ocr_par' dir='ltr' id='par_1_11' title="bbox 710 1263 2237 2397">
     <span class='ocr_line' id='line_1_15' title="bbox 828 1263 2159 1345; baseline 0 -22"><span class='ocrx_word' id='word_1_96' title='bbox 828 1263 1175 1336; x_wconf 81' lang='grc' dir='ltr'><strong>πουλυτενὴς,</strong></span> <span class='ocrx_word' id='word_1_97' title='bbox 1206 1267 1445 1343; x_wconf 80' lang='grc' dir='ltr'><strong>τρισσῇσι</strong></span> <span class='ocrx_word' id='word_1_98' title='bbox 1480 1264 1789 1344; x_wconf 76' lang='grc' dir='ltr'><strong>περίδρομος</strong></span> <span class='ocrx_word' id='word_1_99' title='bbox 1815 1264 2159 1345; x_wconf 68' lang='grc' dir='ltr'><strong>ἀμφιτρίτῃς,</strong></span> 
     </span>
     <span class='ocr_line' id='line_1_16' title="bbox 728 1350 2092 1433; baseline -0.001 -18"><span class='ocrx_word' id='word_1_100' title='bbox 728 1374 808 1415; x_wconf 74' lang='lat' dir='ltr'>tou</span> <span class='ocrx_word' id='word_1_101' title='bbox 836 1356 1087 1432; x_wconf 79' lang='grc' dir='ltr'><strong>Τυρσηνῇ</strong></span> <span class='ocrx_word' id='word_1_102' title='bbox 1114 1353 1314 1432; x_wconf 82' lang='grc' dir='ltr'><strong>Σικελῇ</strong></span> <span class='ocrx_word' id='word_1_103' title='bbox 1342 1374 1399 1409; x_wconf 90' lang='grc' dir='ltr'>τε</span> <span class='ocrx_word' id='word_1_104' title='bbox 1425 1350 1513 1410; x_wconf 76' lang='grc' dir='ltr'>καὶ</span> <span class='ocrx_word' id='word_1_105' title='bbox 1546 1350 1775 1433; x_wconf 56' lang='lat' dir='ltr'>’emptast</span> <span class='ocrx_word' id='word_1_106' title='bbox 1800 1352 2092 1433; x_wconf 74' lang='grc' dir='ltr'><strong>πληθοόσῃ·</strong></span> 
     </span>
     <span class='ocr_line' id='line_1_17' title="bbox 838 1430 2203 1510; baseline 0 -19"><span class='ocrx_word' id='word_1_107' title='bbox 838 1440 872 1507; x_wconf 84' lang='grc' dir='ltr'><strong>ἠ</strong></span> <span class='ocrx_word' id='word_1_108' title='bbox 904 1430 1003 1509; x_wconf 90' lang='grc' dir='ltr'>μία</span> <span class='ocrx_word' id='word_1_109' title='bbox 1032 1432 1078 1491; x_wconf 87' lang='grc' dir='ltr'>δ’</span> <span class='ocrx_word' id='word_1_110' title='bbox 1104 1434 1174 1499; x_wconf 77' lang='grc' dir='ltr'>εἰς</span> <span class='ocrx_word' id='word_1_111' title='bbox 1201 1430 1393 1509; x_wconf 76' lang='grc' dir='ltr'><strong>ἄνεμον</strong></span> <span class='ocrx_word' id='word_1_112' title='bbox 1419 1430 1755 1510; x_wconf 76' lang='grc' dir='ltr'><strong>τεκμαίρεται</strong></span> <span class='ocrx_word' id='word_1_113' title='bbox 1784 1430 1939 1491; x_wconf 74' lang='grc' dir='ltr'><strong>ὁλκὸν</strong></span> <span class='ocrx_word' id='word_1_114' title='bbox 1970 1434 2167 1507; x_wconf 74' lang='grc' dir='ltr'><strong>ίκάστη</strong></span> <span class='ocrx_word' id='word_1_115' title='bbox 2186 1478 2203 1504; x_wconf 96' lang='grc'>,</span> 
     </span>
     <span class='ocr_line' id='line_1_18' title="bbox 829 1512 2191 1602; baseline -0.002 -22"><span class='ocrx_word' id='word_1_116' title='bbox 829 1520 1077 1599; x_wconf 77' lang='grc' dir='ltr'><strong>Τυρσηνὴ</strong></span> <span class='ocrx_word' id='word_1_117' title='bbox 1110 1521 1349 1601; x_wconf 75' lang='grc' dir='ltr'><strong>ζέφυρον,</strong></span> <span class='ocrx_word' id='word_1_118' title='bbox 1378 1520 1572 1591; x_wconf 79' lang='grc' dir='ltr'><strong>Σικελὴ</strong></span> <span class='ocrx_word' id='word_1_119' title='bbox 1606 1520 1775 1595; x_wconf 80' lang='grc' dir='ltr'><strong>νότον,</strong></span> <span class='ocrx_word' id='word_1_120' title='bbox 1798 1519 1999 1599; x_wconf 74' lang='grc' dir='ltr'><strong>Ἀδριᾶς</strong></span> <span class='ocrx_word' id='word_1_121' title='bbox 2028 1512 2191 1602; x_wconf 69' lang='grc' dir='ltr'><strong>εὗρον.</strong></span> 
     </span>
     <span class='ocr_line' id='line_1_19' title="bbox 828 1600 2237 1689; baseline 0 -20"><span class='ocrx_word' id='word_1_122' title='bbox 828 1608 1015 1687; x_wconf 74' lang='grc' dir='ltr'><strong>Αὐτὰρ</strong></span> <span class='ocrx_word' id='word_1_123' title='bbox 1040 1608 1170 1688; x_wconf 74' lang='grc' dir='ltr'><strong>ὑπὲρ</strong></span> <span class='ocrx_word' id='word_1_124' title='bbox 1192 1610 1414 1675; x_wconf 77' lang='grc' dir='ltr'><strong>Σικελῆς</strong></span> <span class='ocrx_word' id='word_1_125' title='bbox 1432 1606 1611 1685; x_wconf 78' lang='grc' dir='ltr'><strong>χθονὸς</strong></span> <span class='ocrx_word' id='word_1_126' title='bbox 1640 1604 1851 1669; x_wconf 63' lang='grc' dir='ltr'><strong>ἕλκεται</strong></span> <span class='ocrx_word' id='word_1_127' title='bbox 1870 1600 2027 1686; x_wconf 75' lang='grc' dir='ltr'><strong>οἶδμα</strong></span> <span class='ocrx_word' id='word_1_128' title='bbox 2050 1608 2237 1689; x_wconf 75' lang='grc' dir='ltr'><strong>κορύσ-</strong></span> 
     </span>
     <span class='ocr_line' id='line_1_20' title="bbox 825 1693 2235 1778; baseline 0.001 -23"><span class='ocrx_word' id='word_1_129' title='bbox 825 1696 1007 1761; x_wconf 85' lang='grc' dir='ltr'><strong>πόντος</strong></span> <span class='ocrx_word' id='word_1_130' title='bbox 1017 1693 1121 1755; x_wconf 71' lang='grc' dir='ltr'>ἔσω</span> <span class='ocrx_word' id='word_1_131' title='bbox 1135 1694 1528 1767; x_wconf 81' lang='grc' dir='ltr'><strong>Λι6ύης,νοτίην</strong></span> <span class='ocrx_word' id='word_1_132' title='bbox 1542 1694 1659 1775; x_wconf 83' lang='grc' dir='ltr'><strong>περὶ</strong></span> <span class='ocrx_word' id='word_1_133' title='bbox 1673 1696 1864 1776; x_wconf 78' lang='grc' dir='ltr'><strong>Σύρτιν</strong></span> <span class='ocrx_word' id='word_1_134' title='bbox 1875 1696 2093 1757; x_wconf 67' lang='grc' dir='ltr'><strong>ἑλίσσων</strong></span> <span class='ocrx_word' id='word_1_135' title='bbox 2106 1698 2235 1778; x_wconf 88' lang='grc' dir='ltr'><strong>[σων</strong></span> 
     </span>
     <span class='ocr_line' id='line_1_21' title="bbox 724 1780 2161 1862; baseline -0.001 -19"><span class='ocrx_word' id='word_1_136' title='bbox 724 1804 797 1843; x_wconf 79' lang='lat' dir='ltr'>tus</span> <span class='ocrx_word' id='word_1_137' title='bbox 823 1782 915 1854; x_wconf 72' lang='grc' dir='ltr'>τὴν</span> <span class='ocrx_word' id='word_1_138' title='bbox 942 1784 1145 1861; x_wconf 67' lang='grc' dir='ltr'><strong>ἑτέρην,</strong></span> <span class='ocrx_word' id='word_1_139' title='bbox 1170 1782 1337 1862; x_wconf 82' lang='grc' dir='ltr'><strong>ἥνπερ</strong></span> <span class='ocrx_word' id='word_1_140' title='bbox 1364 1804 1419 1840; x_wconf 86' lang='grc' dir='ltr'>τε</span> <span class='ocrx_word' id='word_1_141' title='bbox 1450 1782 1541 1841; x_wconf 81' lang='grc' dir='ltr'>καὶ</span> <span class='ocrx_word' id='word_1_142' title='bbox 1567 1780 1849 1861; x_wconf 74' lang='grc' dir='ltr'><strong>εὖρυτὲρην</strong></span> <span class='ocrx_word' id='word_1_143' title='bbox 1874 1783 2161 1843; x_wconf 63' lang='grc' dir='ltr'><strong>ἐνέπουσιν·</strong></span> 
     </span>
     <span class='ocr_line' id='line_1_22' title="bbox 820 1866 2189 1949; baseline 0.001 -19"><span class='ocrx_word' id='word_1_144' title='bbox 820 1870 953 1942; x_wconf 71' lang='grc' dir='ltr'><strong>ἄλλη</strong></span> <span class='ocrx_word' id='word_1_145' title='bbox 980 1872 1041 1943; x_wconf 84' lang='grc' dir='ltr'>δ’,</span> <span class='ocrx_word' id='word_1_146' title='bbox 1071 1870 1185 1943; x_wconf 74' lang='grc' dir='ltr'><strong>ἥτις</strong></span> <span class='ocrx_word' id='word_1_147' title='bbox 1216 1868 1445 1949; x_wconf 74' lang='grc' dir='ltr'><strong>ἀφαυρὸν</strong></span> <span class='ocrx_word' id='word_1_148' title='bbox 1473 1866 1586 1949; x_wconf 65' lang='grc' dir='ltr'><strong>ἔχει</strong></span> <span class='ocrx_word' id='word_1_149' title='bbox 1613 1870 1797 1949; x_wconf 84' lang='grc' dir='ltr'><strong>πόρον,</strong></span> <span class='ocrx_word' id='word_1_150' title='bbox 1829 1868 1973 1929; x_wconf 71' lang='grc' dir='ltr'><strong>ἶνδον</strong></span> <span class='ocrx_word' id='word_1_151' title='bbox 2002 1872 2189 1945; x_wconf 69' lang='grc' dir='ltr'><strong>ἰοῦσα,</strong></span> 
     </span>
     <span class='ocr_line' id='line_1_23' title="bbox 818 1960 2207 2044; baseline 0.004 -24"><span class='ocrx_word' id='word_1_152' title='bbox 818 1962 1032 2036; x_wconf 82' lang='grc' dir='ltr'><strong>τηλόθεν</strong></span> <span class='ocrx_word' id='word_1_153' title='bbox 1062 1960 1355 2043; x_wconf 70' lang='grc' dir='ltr'><strong>ἐρχομένην</strong></span> <span class='ocrx_word' id='word_1_154' title='bbox 1385 1960 1596 2041; x_wconf 71' lang='grc' dir='ltr'><strong>δέχεται</strong></span> <span class='ocrx_word' id='word_1_155' title='bbox 1620 1962 1971 2044; x_wconf 79' lang='grc' dir='ltr'><strong>πλημμύριδα</strong></span> <span class='ocrx_word' id='word_1_156' title='bbox 1996 1962 2207 2027; x_wconf 82' lang='grc' dir='ltr'><strong>πόντου.</strong></span> 
     </span>
     <span class='ocr_line' id='line_1_24' title="bbox 814 2048 2073 2130; baseline -0.002 -18"><span class='ocrx_word' id='word_1_157' title='bbox 814 2050 922 2119; x_wconf 80' lang='grc' dir='ltr'>Ὧς</span> <span class='ocrx_word' id='word_1_158' title='bbox 946 2054 993 2113; x_wconf 80' lang='lat' dir='ltr'>ol</span> <span class='ocrx_word' id='word_1_159' title='bbox 1022 2050 1120 2129; x_wconf 72' lang='grc' dir='ltr'>μὶν</span> <span class='ocrx_word' id='word_1_160' title='bbox 1152 2050 1373 2130; x_wconf 84' lang='grc' dir='ltr'><strong>βοόωσιν</strong></span> <span class='ocrx_word' id='word_1_161' title='bbox 1401 2049 1729 2127; x_wconf 67' lang='grc' dir='ltr'><strong>ἑλισσόμενοι</strong></span> <span class='ocrx_word' id='word_1_162' title='bbox 1751 2048 1841 2110; x_wconf 78' lang='grc' dir='ltr'>δύο</span> <span class='ocrx_word' id='word_1_163' title='bbox 1863 2050 2073 2111; x_wconf 83' lang='grc' dir='ltr'><strong>κόλποι·</strong></span> 
     </span>
     <span class='ocr_line' id='line_1_25' title="bbox 815 2129 2230 2221; baseline -0.001 -21"><span class='ocrx_word' id='word_1_164' title='bbox 815 2142 875 2200; x_wconf 65' lang='grc' dir='ltr'><strong>ἐκ</strong></span> <span class='ocrx_word' id='word_1_165' title='bbox 900 2138 956 2200; x_wconf 59' lang='grc' dir='ltr'>δὲ</span> <span class='ocrx_word' id='word_1_166' title='bbox 986 2139 1118 2221; x_wconf 78' lang='grc' dir='ltr'><strong>ῥόων</strong></span> <span class='ocrx_word' id='word_1_167' title='bbox 1151 2142 1389 2202; x_wconf 76' lang='grc' dir='ltr'><strong>Σικελῶν</strong></span> <span class='ocrx_word' id='word_1_168' title='bbox 1422 2138 1633 2219; x_wconf 73' lang='grc' dir='ltr'><strong>Κρήτης</strong></span> <span class='ocrx_word' id='word_1_169' title='bbox 1672 2138 2040 2199; x_wconf 71' lang='grc' dir='ltr'><strong>ἀναπέπταται</strong></span> <span class='ocrx_word' id='word_1_170' title='bbox 2074 2129 2230 2217; x_wconf 69' lang='grc' dir='ltr'><strong>οἶδμα</strong></span> 
     </span>
     <span class='ocr_line' id='line_1_26' title="bbox 710 2225 2223 2309; baseline -0.003 -20"><span class='ocrx_word' id='word_1_171' title='bbox 710 2250 787 2289; x_wconf 78' lang='lat' dir='ltr'>tto</span> <span class='ocrx_word' id='word_1_172' title='bbox 818 2225 1018 2309; x_wconf 75' lang='grc' dir='ltr'><strong>μακρὸν</strong></span> <span class='ocrx_word' id='word_1_173' title='bbox 1044 2230 1129 2287; x_wconf 81' lang='grc' dir='ltr'>ἐπ’</span> <span class='ocrx_word' id='word_1_174' title='bbox 1167 2226 1411 2299; x_wconf 78' lang='grc' dir='ltr'><strong>ἀντολίην</strong></span> <span class='ocrx_word' id='word_1_175' title='bbox 1442 2226 1785 2305; x_wconf 75' lang='grc' dir='ltr'><strong>Σαλμωνίδος</strong></span> <span class='ocrx_word' id='word_1_176' title='bbox 1812 2226 1937 2307; x_wconf 79' lang='grc' dir='ltr'><strong>ἄχρι</strong></span> <span class='ocrx_word' id='word_1_177' title='bbox 1959 2228 2187 2306; x_wconf 78' lang='grc' dir='ltr'><strong>καρήνου</strong></span> <span class='ocrx_word' id='word_1_178' title='bbox 2206 2272 2223 2300; x_wconf 86' lang='grc'>,</span> 
     </span>
     <span class='ocr_line' id='line_1_27' title="bbox 812 2312 2067 2397; baseline 0.002 -24"><span class='ocrx_word' id='word_1_179' title='bbox 812 2318 877 2391; x_wconf 78' lang='grc' dir='ltr'>ἣν</span> <span class='ocrx_word' id='word_1_180' title='bbox 912 2315 1123 2397; x_wconf 76' lang='grc' dir='ltr'><strong>Κρήτης</strong></span> <span class='ocrx_word' id='word_1_181' title='bbox 1151 2314 1421 2375; x_wconf 74' lang='grc' dir='ltr'><strong>ίνὲπουσιν</strong></span> <span class='ocrx_word' id='word_1_182' title='bbox 1449 2314 1597 2374; x_wconf 52' lang='lat' dir='ltr'>tostos·</span> <span class='ocrx_word' id='word_1_183' title='bbox 1623 2312 1853 2393; x_wconf 81' lang='grc' dir='ltr'><strong>ἔμμεναι</strong></span> <span class='ocrx_word' id='word_1_184' title='bbox 1881 2314 2067 2394; x_wconf 77' lang='grc' dir='ltr'><strong>ἄκρην.</strong></span> 
     </span>
    </p>
   </div>
   <div class='ocr_carea' id='block_1_12' title="bbox 673 2482 2237 2556">
    <p class='ocr_par' dir='ltr' id='par_1_12' title="bbox 673 2482 2237 2556">
     <span class='ocr_line' id='line_1_28' title="bbox 673 2482 2237 2556; baseline -0.003 -17"><span class='ocrx_word' id='word_1_185' title='bbox 673 2489 733 2539; x_wconf 69' lang='lat' dir='ltr'>[n</span> <span class='ocrx_word' id='word_1_186' title='bbox 756 2497 881 2541; x_wconf 88' lang='lat' dir='ltr'>cett.</span> <span class='ocrx_word' id='word_1_187' title='bbox 907 2484 1196 2549; x_wconf 74' lang='lat' dir='ltr'><strong>codicibus,</strong></span> <span class='ocrx_word' id='word_1_188' title='bbox 1225 2486 1359 2538; x_wconf 88' lang='lat' dir='ltr'>sicut</span> <span class='ocrx_word' id='word_1_189' title='bbox 1382 2484 1434 2538; x_wconf 88' lang='lat' dir='ltr'>in</span> <span class='ocrx_word' id='word_1_190' title='bbox 1461 2484 1634 2547; x_wconf 76' lang='lat' dir='ltr'>editt„</span> <span class='ocrx_word' id='word_1_191' title='bbox 1663 2484 1852 2555; x_wconf 79' lang='lat' dir='ltr'>legitur</span> <span class='ocrx_word' id='word_1_192' title='bbox 1886 2504 1967 2556; x_wconf 92' lang='grc' dir='ltr'>μιν</span> <span class='ocrx_word' id='word_1_193' title='bbox 2000 2482 2081 2537; x_wconf 75' lang='grc' dir='ltr'>καὶ</span> <span class='ocrx_word' id='word_1_194' title='bbox 2101 2486 2237 2555; x_wconf 72' lang='grc' dir='ltr'>κριοῦ</span> 
     </span>
    </p>
   </div>
   <div class='ocr_carea' id='block_1_13' title="bbox 669 2534 2285 2635">
    <p class='ocr_par' dir='ltr' id='par_1_13' title="bbox 669 2534 2285 2635">
     <span class='ocr_line' id='line_1_29' title="bbox 669 2534 2285 2635; baseline 0.001 -19"><span class='ocrx_word' id='word_1_195' title='bbox 669 2594 741 2605; x_wconf 91' lang='grc'>-</span> <span class='ocrx_word' id='word_1_196' title='bbox 760 2564 1005 2635; x_wconf 70' lang='grc' dir='ltr'><strong>μέτωπον]</strong></span> <span class='ocrx_word' id='word_1_197' title='bbox 1026 2564 1238 2633; x_wconf 81' lang='grc' dir='ltr'><strong>κάρηνον</strong></span> <span class='ocrx_word' id='word_1_198' title='bbox 1261 2566 1445 2634; x_wconf 81' lang='lat' dir='ltr'>Gcoqe.</span> <span class='ocrx_word' id='word_1_199' title='bbox 1472 2562 1493 2628; x_wconf 92' lang='grc' dir='ltr'>ΙΙ</span> <span class='ocrx_word' id='word_1_200' title='bbox 1514 2592 1587 2603; x_wconf 86' lang='lat'>--</span> <span class='ocrx_word' id='word_1_201' title='bbox 1604 2578 1691 2632; x_wconf 84' lang='lat'>91.</span> <span class='ocrx_word' id='word_1_202' title='bbox 1716 2562 1799 2615; x_wconf 80' lang='grc' dir='ltr'>καὶ</span> <span class='ocrx_word' id='word_1_203' title='bbox 1816 2560 1913 2633; x_wconf 80' lang='grc' dir='ltr'>μὴν</span> <span class='ocrx_word' id='word_1_204' title='bbox 1934 2562 1985 2618; x_wconf 80' lang='lat' dir='ltr'>b.</span> <span class='ocrx_word' id='word_1_205' title='bbox 2014 2564 2035 2631; x_wconf 81' lang='grc' dir='ltr'>ΙΙ</span> <span class='ocrx_word' id='word_1_206' title='bbox 2057 2564 2231 2631; x_wconf 76' lang='grc' dir='ltr'><strong>-9ίι.</strong></span> <span class='ocrx_word' id='word_1_207' title='bbox 2276 2534 2285 2580; x_wconf 62' lang='grc' dir='ltr'>Ι</span> 
     </span>
    </p>
   </div>
   <div class='ocr_carea' id='block_1_14' title="bbox 660 2639 2235 3186">
    <p class='ocr_par' dir='ltr' id='par_1_14' title="bbox 660 2639 2235 3186">
     <span class='ocr_line' id='line_1_30' title="bbox 666 2639 2233 2715; baseline -0.002 -20"><span class='ocrx_word' id='word_1_208' title='bbox 666 2642 943 2713; x_wconf 81' lang='grc' dir='ltr'><strong>περινάεται</strong></span> <span class='ocrx_word' id='word_1_209' title='bbox 979 2660 1043 2715; x_wconf 89' lang='lat' dir='ltr'>q,</span> <span class='ocrx_word' id='word_1_210' title='bbox 1084 2642 1355 2713; x_wconf 71' lang='grc' dir='ltr'><strong>περιναιέται</strong></span> <span class='ocrx_word' id='word_1_211' title='bbox 1381 2658 1441 2704; x_wconf 86' lang='lat' dir='ltr'>e,·</span> <span class='ocrx_word' id='word_1_212' title='bbox 1487 2639 1678 2709; x_wconf 81' lang='grc' dir='ltr'><strong>Ἰωνίην</strong></span> <span class='ocrx_word' id='word_1_213' title='bbox 1718 2646 1807 2697; x_wconf 74' lang='lat' dir='ltr'>Ce.</span> <span class='ocrx_word' id='word_1_214' title='bbox 1840 2643 2027 2695; x_wconf 83' lang='lat' dir='ltr'>Forma</span> <span class='ocrx_word' id='word_1_215' title='bbox 2061 2639 2233 2693; x_wconf 81' lang='grc' dir='ltr'><strong>Ἰόνιον</strong></span> 
     </span>
     <span class='ocr_line' id='line_1_31' title="bbox 668 2718 2228 2792; baseline 0 -19"><span class='ocrx_word' id='word_1_216' title='bbox 668 2720 983 2789; x_wconf 74' lang='lat' dir='ltr'>Pet-iegetarn</span> <span class='ocrx_word' id='word_1_217' title='bbox 1003 2721 1081 2773; x_wconf 91' lang='lat' dir='ltr'>uti</span> <span class='ocrx_word' id='word_1_218' title='bbox 1100 2728 1279 2773; x_wconf 90' lang='lat' dir='ltr'>monet</span> <span class='ocrx_word' id='word_1_219' title='bbox 1294 2720 1503 2773; x_wconf 62' lang='grc' dir='ltr'><strong>Τισίεω</strong></span> <span class='ocrx_word' id='word_1_220' title='bbox 1520 2720 1681 2790; x_wconf 74' lang='lat' dir='ltr'>Exeg.</span> <span class='ocrx_word' id='word_1_221' title='bbox 1705 2719 1767 2775; x_wconf 85' lang='grc' dir='ltr'>ΙΙ.</span> <span class='ocrx_word' id='word_1_222' title='bbox 1790 2737 1845 2792; x_wconf 92' lang='lat' dir='ltr'>p.</span> <span class='ocrx_word' id='word_1_223' title='bbox 1870 2720 1985 2776; x_wconf 83' lang='lat'>135.</span> <span class='ocrx_word' id='word_1_224' title='bbox 2010 2720 2031 2790; x_wconf 82' lang='grc' dir='ltr'>ΙΙ</span> <span class='ocrx_word' id='word_1_225' title='bbox 2054 2750 2122 2761; x_wconf 92' lang='grc'>-</span> <span class='ocrx_word' id='word_1_226' title='bbox 2144 2718 2228 2790; x_wconf 82' lang='grc'>95.</span> 
     </span>
     <span class='ocr_line' id='line_1_32' title="bbox 668 2796 2235 2870; baseline 0.003 -21"><span class='ocrx_word' id='word_1_227' title='bbox 668 2796 971 2869; x_wconf 75' lang='grc' dir='ltr'><strong>ἐπερεύγεται</strong></span> <span class='ocrx_word' id='word_1_228' title='bbox 996 2796 1533 2862; x_wconf 64' lang='grc' dir='ltr'>ΑΒΕῙΜΟΩὸιώ-ις</span> <span class='ocrx_word' id='word_1_229' title='bbox 1561 2797 1876 2870; x_wconf 67' lang='grc' dir='ltr'><strong>«ἐπερεύγεται</strong></span> <span class='ocrx_word' id='word_1_230' title='bbox 1906 2799 2081 2853; x_wconf 85' lang='lat' dir='ltr'>ceteri.</span> <span class='ocrx_word' id='word_1_231' title='bbox 2119 2799 2139 2867; x_wconf 89' lang='grc' dir='ltr'>ΙΙ</span> <span class='ocrx_word' id='word_1_232' title='bbox 2162 2826 2235 2838; x_wconf 93' lang='grc'><strong>-</strong></span> 
     </span>
     <span class='ocr_line' id='line_1_33' title="bbox 663 2876 2233 2949; baseline 0 -18"><span class='ocrx_word' id='word_1_233' title='bbox 663 2882 754 2947; x_wconf 82' lang='grc'>96.</span> <span class='ocrx_word' id='word_1_234' title='bbox 788 2876 867 2931; x_wconf 69' lang='grc' dir='ltr'>ἐπὶ</span> <span class='ocrx_word' id='word_1_235' title='bbox 905 2880 1053 2949; x_wconf 78' lang='grc' dir='ltr'><strong>χεῖρα</strong></span> <span class='ocrx_word' id='word_1_236' title='bbox 1094 2877 1227 2933; x_wconf 76' lang='grc' dir='ltr'>ΚΗ.</span> <span class='ocrx_word' id='word_1_237' title='bbox 1266 2878 1289 2947; x_wconf 83' lang='grc' dir='ltr'>ΙΙ</span> <span class='ocrx_word' id='word_1_238' title='bbox 1320 2906 1392 2917; x_wconf 93' lang='grc'>-</span> <span class='ocrx_word' id='word_1_239' title='bbox 1420 2894 1507 2947; x_wconf 87' lang='lat'>97.</span> <span class='ocrx_word' id='word_1_240' title='bbox 1540 2877 1884 2944; x_wconf 74' lang='lat' dir='ltr'><strong>Dalmatiam,</strong></span> <span class='ocrx_word' id='word_1_241' title='bbox 1924 2894 2079 2948; x_wconf 86' lang='lat' dir='ltr'>quam</span> <span class='ocrx_word' id='word_1_242' title='bbox 2116 2886 2233 2948; x_wconf 87' lang='lat' dir='ltr'>post</span> 
     </span>
     <span class='ocr_line' id='line_1_34' title="bbox 664 2955 2232 3029; baseline 0 -20"><span class='ocrx_word' id='word_1_243' title='bbox 664 2956 925 3029; x_wconf 75' lang='lat' dir='ltr'>Illyricum</span> <span class='ocrx_word' id='word_1_244' title='bbox 942 2967 1224 3022; x_wconf 84' lang='lat' dir='ltr'>memorat,</span> <span class='ocrx_word' id='word_1_245' title='bbox 1247 2974 1363 3009; x_wconf 82' lang='lat' dir='ltr'>eam</span> <span class='ocrx_word' id='word_1_246' title='bbox 1382 2956 1605 3027; x_wconf 72' lang='lat' dir='ltr'>intellige</span> <span class='ocrx_word' id='word_1_247' title='bbox 1620 2967 1845 3011; x_wconf 86' lang='lat' dir='ltr'>tractum</span> <span class='ocrx_word' id='word_1_248' title='bbox 1859 2956 1951 3029; x_wconf 87' lang='lat' dir='ltr'>qui</span> <span class='ocrx_word' id='word_1_249' title='bbox 1967 2974 1998 3010; x_wconf 88' lang='lat' dir='ltr'>a</span> <span class='ocrx_word' id='word_1_250' title='bbox 2016 2955 2232 3009; x_wconf 87' lang='lat' dir='ltr'>Drilone</span> 
     </span>
     <span class='ocr_line' id='line_1_35' title="bbox 664 3034 2230 3109; baseline 0 -20"><span class='ocrx_word' id='word_1_251' title='bbox 664 3036 823 3089; x_wconf 82' lang='lat' dir='ltr'>fluvio</span> <span class='ocrx_word' id='word_1_252' title='bbox 844 3034 913 3089; x_wconf 88' lang='lat' dir='ltr'>ad</span> <span class='ocrx_word' id='word_1_253' title='bbox 935 3036 1136 3089; x_wconf 86' lang='lat' dir='ltr'>Titium</span> <span class='ocrx_word' id='word_1_254' title='bbox 1160 3036 1403 3108; x_wconf 90' lang='lat' dir='ltr'>pertinet.</span> <span class='ocrx_word' id='word_1_255' title='bbox 1432 3036 1583 3089; x_wconf 85' lang='lat' dir='ltr'>Utin</span> <span class='ocrx_word' id='word_1_256' title='bbox 1609 3036 1691 3089; x_wconf 79' lang='lat' dir='ltr'>his</span> <span class='ocrx_word' id='word_1_257' title='bbox 1712 3046 1867 3109; x_wconf 83' lang='lat' dir='ltr'>poeta</span> <span class='ocrx_word' id='word_1_258' title='bbox 1885 3038 1964 3090; x_wconf 88' lang='lat' dir='ltr'>sui</span> <span class='ocrx_word' id='word_1_259' title='bbox 1988 3036 2083 3089; x_wconf 81' lang='lat' dir='ltr'>aevi</span> <span class='ocrx_word' id='word_1_260' title='bbox 2112 3052 2230 3105; x_wconf 79' lang='lat' dir='ltr'>geo·</span> 
     </span>
     <span class='ocr_line' id='line_1_36' title="bbox 660 3112 2229 3186; baseline 0 -19"><span class='ocrx_word' id='word_1_261' title='bbox 660 3114 929 3185; x_wconf 63' lang='lat' dir='ltr'>mphiam</span> <span class='ocrx_word' id='word_1_262' title='bbox 952 3112 1159 3177; x_wconf 85' lang='lat' dir='ltr'>reddit,</span> <span class='ocrx_word' id='word_1_263' title='bbox 1200 3114 1277 3167; x_wconf 85' lang='lat' dir='ltr'>sic</span> <span class='ocrx_word' id='word_1_264' title='bbox 1308 3130 1373 3167; x_wconf 80' lang='lat' dir='ltr'>ex</span> <span class='ocrx_word' id='word_1_265' title='bbox 1414 3114 1571 3185; x_wconf 86' lang='lat' dir='ltr'>prisci</span> <span class='ocrx_word' id='word_1_266' title='bbox 1598 3115 1849 3186; x_wconf 87' lang='lat' dir='ltr'>temporis</span> <span class='ocrx_word' id='word_1_267' title='bbox 1886 3114 2229 3185; x_wconf 71' lang='lat' dir='ltr'>scriptoribus</span> 
     </span>
    </p>
   </div>
   <div class='ocr_carea' id='block_1_15' title="bbox 2316 1265 3890 2386">
    <p class='ocr_par' dir='ltr' id='par_1_15' title="bbox 2324 1265 3657 1427">
     <span class='ocr_line' id='line_1_37' title="bbox 2328 1265 3657 1340; baseline 0.002 -21"><span class='ocrx_word' id='word_1_268' title='bbox 2328 1265 2478 1337; x_wconf 75' lang='lat' dir='ltr'>longe</span> <span class='ocrx_word' id='word_1_269' title='bbox 2501 1276 2774 1340; x_wconf 85' lang='lat' dir='ltr'>porrectus</span> <span class='ocrx_word' id='word_1_270' title='bbox 2791 1306 2806 1332; x_wconf 90' lang='lat'>,</span> <span class='ocrx_word' id='word_1_271' title='bbox 2835 1266 3004 1320; x_wconf 88' lang='lat' dir='ltr'>tribus</span> <span class='ocrx_word' id='word_1_272' title='bbox 3031 1267 3372 1321; x_wconf 82' lang='lat' dir='ltr'>circumfluus</span> <span class='ocrx_word' id='word_1_273' title='bbox 3397 1268 3627 1321; x_wconf 82' lang='lat' dir='ltr'>maribus</span> <span class='ocrx_word' id='word_1_274' title='bbox 3643 1310 3657 1334; x_wconf 88' lang='lat'>,</span> 
     </span>
     <span class='ocr_line' id='line_1_38' title="bbox 2324 1353 3443 1427; baseline 0.003 -20"><span class='ocrx_word' id='word_1_275' title='bbox 2324 1353 2600 1425; x_wconf 81' lang='lat' dir='ltr'>Tyrrheno</span> <span class='ocrx_word' id='word_1_276' title='bbox 2626 1365 2679 1409; x_wconf 91' lang='lat' dir='ltr'>et</span> <span class='ocrx_word' id='word_1_277' title='bbox 2700 1354 2874 1409; x_wconf 88' lang='lat' dir='ltr'>Siculo</span> <span class='ocrx_word' id='word_1_278' title='bbox 2902 1354 3170 1427; x_wconf 85' lang='lat' dir='ltr'>Adriaque</span> <span class='ocrx_word' id='word_1_279' title='bbox 3197 1356 3443 1427; x_wconf 74' lang='lat' dir='ltr'>turgid03</span> 
     </span>
    </p>

    <p class='ocr_par' dir='ltr' id='par_1_16' title="bbox 2320 1439 3890 1861">
     <span class='ocr_line' id='line_1_39' title="bbox 2325 1439 3883 1514; baseline 0.004 -19"><span class='ocrx_word' id='word_1_280' title='bbox 2325 1444 2570 1511; x_wconf 89' lang='lat' dir='ltr'>Quorum</span> <span class='ocrx_word' id='word_1_281' title='bbox 2595 1441 2798 1513; x_wconf 74' lang='lat' dir='ltr'>singula</span> <span class='ocrx_word' id='word_1_282' title='bbox 2829 1450 3054 1495; x_wconf 88' lang='lat' dir='ltr'>tractum</span> <span class='ocrx_word' id='word_1_283' title='bbox 3092 1439 3158 1495; x_wconf 88' lang='lat' dir='ltr'>ad</span> <span class='ocrx_word' id='word_1_284' title='bbox 3184 1460 3339 1496; x_wconf 87' lang='lat' dir='ltr'>suum</span> <span class='ocrx_word' id='word_1_285' title='bbox 3375 1440 3612 1513; x_wconf 78' lang='lat' dir='ltr'>dirigunt</span> <span class='ocrx_word' id='word_1_286' title='bbox 3651 1455 3883 1514; x_wconf 77' lang='lat' dir='ltr'>ventum,</span> 
     </span>
     <span class='ocr_line' id='line_1_40' title="bbox 2321 1528 3885 1595; baseline 0.004 -12"><span class='ocrx_word' id='word_1_287' title='bbox 2321 1530 2552 1584; x_wconf 87' lang='lat' dir='ltr'>Tuscum</span> <span class='ocrx_word' id='word_1_288' title='bbox 2583 1528 2653 1583; x_wconf 89' lang='lat' dir='ltr'>ad</span> <span class='ocrx_word' id='word_1_289' title='bbox 2689 1530 2988 1595; x_wconf 75' lang='lat' dir='ltr'>favonium,</span> <span class='ocrx_word' id='word_1_290' title='bbox 3027 1528 3257 1584; x_wconf 88' lang='lat' dir='ltr'>Siculum</span> <span class='ocrx_word' id='word_1_291' title='bbox 3283 1528 3350 1583; x_wconf 87' lang='lat' dir='ltr'>ad</span> <span class='ocrx_word' id='word_1_292' title='bbox 3381 1542 3594 1592; x_wconf 84' lang='lat' dir='ltr'>notum,</span> <span class='ocrx_word' id='word_1_293' title='bbox 3629 1530 3791 1586; x_wconf 78' lang='lat' dir='ltr'>Adria</span> <span class='ocrx_word' id='word_1_294' title='bbox 3815 1530 3885 1589; x_wconf 84' lang='lat' dir='ltr'>ad</span> 
     </span>
     <span class='ocr_line' id='line_1_41' title="bbox 2322 1615 3890 1675; baseline 0.003 -6"><span class='ocrx_word' id='word_1_295' title='bbox 2322 1632 2530 1670; x_wconf 85' lang='lat' dir='ltr'>eurum.</span> <span class='ocrx_word' id='word_1_296' title='bbox 2557 1618 2624 1671; x_wconf 82' lang='lat' dir='ltr'>At</span> <span class='ocrx_word' id='word_1_297' title='bbox 2641 1615 2776 1671; x_wconf 85' lang='lat' dir='ltr'>ultra</span> <span class='ocrx_word' id='word_1_298' title='bbox 2801 1615 3030 1670; x_wconf 88' lang='lat' dir='ltr'>Siculam</span> <span class='ocrx_word' id='word_1_299' title='bbox 3053 1625 3247 1670; x_wconf 84' lang='lat' dir='ltr'>terram</span> <span class='ocrx_word' id='word_1_300' title='bbox 3272 1616 3496 1670; x_wconf 81' lang='lat' dir='ltr'>trabitur</span> <span class='ocrx_word' id='word_1_301' title='bbox 3517 1616 3710 1670; x_wconf 76' lang='lat' dir='ltr'>unzlam</span> <span class='ocrx_word' id='word_1_302' title='bbox 3737 1616 3890 1675; x_wconf 89' lang='lat' dir='ltr'>attol-</span> 
     </span>
     <span class='ocr_line' id='line_1_42' title="bbox 2321 1702 3886 1775; baseline 0.001 -18"><span class='ocrx_word' id='word_1_303' title='bbox 2321 1720 2464 1757; x_wconf 85' lang='lat' dir='ltr'>mare</span> <span class='ocrx_word' id='word_1_304' title='bbox 2489 1702 2628 1757; x_wconf 90' lang='lat' dir='ltr'>intra</span> <span class='ocrx_word' id='word_1_305' title='bbox 2655 1702 2896 1775; x_wconf 76' lang='lat' dir='ltr'>Libyam,</span> <span class='ocrx_word' id='word_1_306' title='bbox 2925 1702 3201 1756; x_wconf 87' lang='lat' dir='ltr'>australem</span> <span class='ocrx_word' id='word_1_307' title='bbox 3227 1703 3402 1775; x_wconf 71' lang='lat' dir='ltr'>Syrtin</span> <span class='ocrx_word' id='word_1_308' title='bbox 3428 1702 3686 1765; x_wconf 75' lang='lat' dir='ltr'>alludens,</span> <span class='ocrx_word' id='word_1_309' title='bbox 3743 1702 3886 1774; x_wconf 84' lang='lat' dir='ltr'>[lens</span> 
     </span>
     <span class='ocr_line' id='line_1_43' title="bbox 2320 1786 3534 1861; baseline -0.002 -18"><span class='ocrx_word' id='word_1_310' title='bbox 2320 1788 2558 1856; x_wconf 85' lang='lat' dir='ltr'>alteram,</span> <span class='ocrx_word' id='word_1_311' title='bbox 2589 1806 2749 1861; x_wconf 82' lang='lat' dir='ltr'>quam</span> <span class='ocrx_word' id='word_1_312' title='bbox 2773 1789 2930 1841; x_wconf 84' lang='lat' dir='ltr'>etiam</span> <span class='ocrx_word' id='word_1_313' title='bbox 2955 1786 3203 1859; x_wconf 80' lang='lat' dir='ltr'>majorem</span> <span class='ocrx_word' id='word_1_314' title='bbox 3227 1788 3534 1852; x_wconf 88' lang='lat' dir='ltr'>nominant;</span> 
     </span>
    </p>

    <p class='ocr_par' dir='ltr' id='par_1_17' title="bbox 2317 1875 3806 2034">
     <span class='ocr_line' id='line_1_44' title="bbox 2317 1875 3806 1949; baseline 0 -18"><span class='ocrx_word' id='word_1_315' title='bbox 2317 1876 2474 1931; x_wconf 85' lang='lat' dir='ltr'>altera</span> <span class='ocrx_word' id='word_1_316' title='bbox 2504 1894 2660 1941; x_wconf 80' lang='lat' dir='ltr'>vere,</span> <span class='ocrx_word' id='word_1_317' title='bbox 2695 1894 2814 1949; x_wconf 75' lang='lat' dir='ltr'>quae</span> <span class='ocrx_word' id='word_1_318' title='bbox 2850 1894 3071 1949; x_wconf 85' lang='lat' dir='ltr'>parvum</span> <span class='ocrx_word' id='word_1_319' title='bbox 3087 1876 3246 1930; x_wconf 84' lang='lat' dir='ltr'>habet</span> <span class='ocrx_word' id='word_1_320' title='bbox 3269 1878 3444 1929; x_wconf 87' lang='lat' dir='ltr'>sinum</span> <span class='ocrx_word' id='word_1_321' title='bbox 3485 1875 3806 1943; x_wconf 85' lang='lat' dir='ltr'>interiorem,</span> 
     </span>
     <span class='ocr_line' id='line_1_45' title="bbox 2319 1960 3544 2034; baseline -0.001 -16"><span class='ocrx_word' id='word_1_322' title='bbox 2319 1964 2522 2019; x_wconf 86' lang='lat' dir='ltr'>eminus</span> <span class='ocrx_word' id='word_1_323' title='bbox 2548 1960 2882 2017; x_wconf 73' lang='lat' dir='ltr'>accedentem</span> <span class='ocrx_word' id='word_1_324' title='bbox 2910 1962 3128 2034; x_wconf 73' lang='lat' dir='ltr'>suscipit</span> <span class='ocrx_word' id='word_1_325' title='bbox 3153 1960 3312 2015; x_wconf 84' lang='lat' dir='ltr'>maris</span> <span class='ocrx_word' id='word_1_326' title='bbox 3340 1972 3544 2017; x_wconf 80' lang='lat' dir='ltr'>aestum.</span> 
     </span>
    </p>

    <p class='ocr_par' dir='ltr' id='par_1_18' title="bbox 2317 2047 3324 2105">
     <span class='ocr_line' id='line_1_46' title="bbox 2317 2047 3324 2105; baseline 0 -1"><span class='ocrx_word' id='word_1_327' title='bbox 2317 2050 2405 2105; x_wconf 90' lang='lat' dir='ltr'>Sic</span> <span class='ocrx_word' id='word_1_328' title='bbox 2430 2049 2650 2104; x_wconf 75' lang='lat' dir='ltr'>reboant</span> <span class='ocrx_word' id='word_1_329' title='bbox 2673 2048 2916 2102; x_wconf 80' lang='lat' dir='ltr'>vorticosi</span> <span class='ocrx_word' id='word_1_330' title='bbox 2945 2048 3000 2101; x_wconf 84' lang='lat' dir='ltr'>hi</span> <span class='ocrx_word' id='word_1_331' title='bbox 3024 2047 3136 2102; x_wconf 90' lang='lat' dir='ltr'>duo</span> <span class='ocrx_word' id='word_1_332' title='bbox 3160 2048 3324 2104; x_wconf 85' lang='lat' dir='ltr'>sinus.</span> 
     </span>
    </p>

    <p class='ocr_par' dir='ltr' id='par_1_19' title="bbox 2318 2136 3518 2209">
     <span class='ocr_line' id='line_1_47' title="bbox 2318 2136 3518 2209; baseline -0.003 -15"><span class='ocrx_word' id='word_1_333' title='bbox 2318 2141 2389 2194; x_wconf 86' lang='lat' dir='ltr'>At</span> <span class='ocrx_word' id='word_1_334' title='bbox 2410 2154 2443 2192; x_wconf 78' lang='lat' dir='ltr'>a</span> <span class='ocrx_word' id='word_1_335' title='bbox 2465 2137 2649 2192; x_wconf 75' lang='lat' dir='ltr'>Siculis</span> <span class='ocrx_word' id='word_1_336' title='bbox 2675 2137 2883 2191; x_wconf 82' lang='lat' dir='ltr'>fluentis</span> <span class='ocrx_word' id='word_1_337' title='bbox 2911 2136 3174 2190; x_wconf 87' lang='lat' dir='ltr'>Creticum</span> <span class='ocrx_word' id='word_1_338' title='bbox 3203 2154 3346 2190; x_wconf 89' lang='lat' dir='ltr'>mare</span> <span class='ocrx_word' id='word_1_339' title='bbox 3375 2146 3518 2209; x_wconf 86' lang='lat' dir='ltr'>patet</span> 
     </span>
    </p>

    <p class='ocr_par' dir='ltr' id='par_1_20' title="bbox 2316 2223 3876 2386">
     <span class='ocr_line' id='line_1_48' title="bbox 2316 2223 3876 2297; baseline 0.001 -17"><span class='ocrx_word' id='word_1_340' title='bbox 2316 2226 2467 2297; x_wconf 67' lang='lat' dir='ltr'>longe</span> <span class='ocrx_word' id='word_1_341' title='bbox 2501 2226 2556 2280; x_wconf 90' lang='lat' dir='ltr'>in</span> <span class='ocrx_word' id='word_1_342' title='bbox 2582 2236 2763 2280; x_wconf 90' lang='lat' dir='ltr'>ortum</span> <span class='ocrx_word' id='word_1_343' title='bbox 2787 2224 2854 2279; x_wconf 87' lang='lat' dir='ltr'>ad</span> <span class='ocrx_word' id='word_1_344' title='bbox 2879 2223 3200 2279; x_wconf 84' lang='lat' dir='ltr'>Salmonium</span> <span class='ocrx_word' id='word_1_345' title='bbox 3229 2242 3396 2296; x_wconf 86' lang='lat' dir='ltr'>usquc</span> <span class='ocrx_word' id='word_1_346' title='bbox 3423 2228 3876 2297; x_wconf 75' lang='lat' dir='ltr'>promontorium,</span> 
     </span>
     <span class='ocr_line' id='line_1_49' title="bbox 2317 2311 3476 2386; baseline -0.001 -19"><span class='ocrx_word' id='word_1_347' title='bbox 2317 2312 2458 2386; x_wconf 87' lang='lat' dir='ltr'>quod</span> <span class='ocrx_word' id='word_1_348' title='bbox 2482 2312 2669 2367; x_wconf 88' lang='lat' dir='ltr'>dicunt</span> <span class='ocrx_word' id='word_1_349' title='bbox 2692 2330 2803 2366; x_wconf 72' lang='lat' dir='ltr'>esse</span> <span class='ocrx_word' id='word_1_350' title='bbox 2829 2313 3000 2367; x_wconf 84' lang='lat' dir='ltr'>Cretae</span> <span class='ocrx_word' id='word_1_351' title='bbox 3022 2321 3180 2383; x_wconf 85' lang='lat' dir='ltr'>caput</span> <span class='ocrx_word' id='word_1_352' title='bbox 3205 2311 3476 2366; x_wconf 77' lang='lat' dir='ltr'>orientale.</span> 
     </span>
    </p>
   </div>
   <div class='ocr_carea' id='block_1_16' title="bbox 2318 2481 3888 3187">
    <p class='ocr_par' dir='ltr' id='par_1_21' title="bbox 2318 2481 3888 3187">
     <span class='ocr_line' id='line_1_50' title="bbox 2323 2481 3879 2553; baseline 0.003 -17"><span class='ocrx_word' id='word_1_353' title='bbox 2323 2482 2549 2537; x_wconf 82' lang='lat' dir='ltr'>indicare</span> <span class='ocrx_word' id='word_1_354' title='bbox 2569 2481 2781 2537; x_wconf 79' lang='lat' dir='ltr'>solebat.</span> <span class='ocrx_word' id='word_1_355' title='bbox 2796 2482 3018 2551; x_wconf 69' lang='grc' dir='ltr'><strong>ΙΙ-ιο4,</strong></span> <span class='ocrx_word' id='word_1_356' title='bbox 3037 2481 3232 2551; x_wconf 79' lang='grc' dir='ltr'><strong>πόντος]</strong></span> <span class='ocrx_word' id='word_1_357' title='bbox 3254 2482 3434 2544; x_wconf 75' lang='grc' dir='ltr'><strong>κόλπος</strong></span> <span class='ocrx_word' id='word_1_358' title='bbox 3455 2486 3559 2535; x_wconf 73' lang='grc' dir='ltr'>ΒΗ</span> <span class='ocrx_word' id='word_1_359' title='bbox 3565 2486 3622 2537; x_wconf 84' lang='lat' dir='ltr'><em>K</em></span> <span class='ocrx_word' id='word_1_360' title='bbox 3623 2502 3686 2553; x_wconf 80' lang='grc' dir='ltr'><strong>γκ</strong></span> <span class='ocrx_word' id='word_1_361' title='bbox 3705 2484 3879 2543; x_wconf 72' lang='lat' dir='ltr'>Eust.3</span> 
     </span>
     <span class='ocr_line' id='line_1_51' title="bbox 2331 2558 3880 2633; baseline 0.001 -17"><span class='ocrx_word' id='word_1_362' title='bbox 2331 2562 2496 2633; x_wconf 73' lang='grc' dir='ltr'><strong>ΙΙπερὶ]</strong></span> <span class='ocrx_word' id='word_1_363' title='bbox 2517 2560 2648 2633; x_wconf 78' lang='grc' dir='ltr'><strong>παρὰ</strong></span> <span class='ocrx_word' id='word_1_364' title='bbox 2679 2565 2740 2628; x_wconf 79' lang='grc' dir='ltr'>Υ,</span> <span class='ocrx_word' id='word_1_365' title='bbox 2759 2560 2837 2615; x_wconf 70' lang='grc' dir='ltr'>ἐπὶ</span> <span class='ocrx_word' id='word_1_366' title='bbox 2857 2565 2905 2628; x_wconf 87' lang='lat' dir='ltr'><em>Q</em></span> <span class='ocrx_word' id='word_1_367' title='bbox 2920 2562 3040 2614; x_wconf 86' lang='lat' dir='ltr'>etin</span> <span class='ocrx_word' id='word_1_368' title='bbox 3061 2560 3171 2613; x_wconf 83' lang='lat' dir='ltr'>aliis</span> <span class='ocrx_word' id='word_1_369' title='bbox 3194 2558 3506 2631; x_wconf 82' lang='lat' dir='ltr'>quibusdam</span> <span class='ocrx_word' id='word_1_370' title='bbox 3525 2558 3716 2633; x_wconf 86' lang='lat' dir='ltr'>pejoris</span> <span class='ocrx_word' id='word_1_371' title='bbox 3743 2572 3880 2618; x_wconf 78' lang='lat' dir='ltr'>notae</span> 
     </span>
     <span class='ocr_line' id='line_1_52' title="bbox 2322 2638 3881 2710; baseline 0.001 -16"><span class='ocrx_word' id='word_1_372' title='bbox 2322 2639 2485 2699; x_wconf 85' lang='lat' dir='ltr'>libris.</span> <span class='ocrx_word' id='word_1_373' title='bbox 2527 2638 2758 2710; x_wconf 69' lang='grc' dir='ltr'><strong>ἑλίσσων]</strong></span> <span class='ocrx_word' id='word_1_374' title='bbox 2793 2638 3012 2694; x_wconf 67' lang='grc' dir='ltr'><strong>ἐλαύνων</strong></span> <span class='ocrx_word' id='word_1_375' title='bbox 3037 2642 3170 2707; x_wconf 67' lang='lat' dir='ltr'>Cro,</span> <span class='ocrx_word' id='word_1_376' title='bbox 3191 2638 3372 2693; x_wconf 72' lang='grc' dir='ltr'><strong>ὁδεύων</strong></span> <span class='ocrx_word' id='word_1_377' title='bbox 3397 2640 3537 2703; x_wconf 66' lang='grc' dir='ltr'><strong>Ηλζ.</strong></span> <span class='ocrx_word' id='word_1_378' title='bbox 3569 2642 3694 2695; x_wconf 68' lang='lat' dir='ltr'>Haec</span> <span class='ocrx_word' id='word_1_379' title='bbox 3721 2643 3881 2696; x_wconf 87' lang='lat' dir='ltr'>maris</span> 
     </span>
     <span class='ocr_line' id='line_1_53' title="bbox 2321 2717 3877 2793; baseline 0.003 -22"><span class='ocrx_word' id='word_1_380' title='bbox 2321 2718 2511 2774; x_wconf 87' lang='lat' dir='ltr'>interni</span> <span class='ocrx_word' id='word_1_381' title='bbox 2523 2736 2644 2793; x_wconf 87' lang='lat' dir='ltr'>pars</span> <span class='ocrx_word' id='word_1_382' title='bbox 2657 2728 2872 2773; x_wconf 79' lang='lat' dir='ltr'>vocatur</span> <span class='ocrx_word' id='word_1_383' title='bbox 2883 2734 3029 2773; x_wconf 88' lang='lat' dir='ltr'>mare</span> <span class='ocrx_word' id='word_1_384' title='bbox 3041 2718 3296 2791; x_wconf 78' lang='lat' dir='ltr'>Libycum</span> <span class='ocrx_word' id='word_1_385' title='bbox 3301 2738 3318 2785; x_wconf 65' lang='grc' dir='ltr'><strong>ς</strong></span> <span class='ocrx_word' id='word_1_386' title='bbox 3333 2717 3479 2791; x_wconf 89' lang='lat' dir='ltr'>quod</span> <span class='ocrx_word' id='word_1_387' title='bbox 3492 2721 3662 2791; x_wconf 84' lang='lat' dir='ltr'>ipsum</span> <span class='ocrx_word' id='word_1_388' title='bbox 3684 2737 3877 2776; x_wconf 88' lang='lat' dir='ltr'>nomen</span> 
     </span>
     <span class='ocr_line' id='line_1_54' title="bbox 2321 2797 3874 2874; baseline 0.001 -23"><span class='ocrx_word' id='word_1_389' title='bbox 2321 2799 2604 2872; x_wconf 79' lang='lat' dir='ltr'>Dionysius</span> <span class='ocrx_word' id='word_1_390' title='bbox 2621 2816 2728 2854; x_wconf 90' lang='lat' dir='ltr'>non</span> <span class='ocrx_word' id='word_1_391' title='bbox 2749 2798 3010 2873; x_wconf 80' lang='lat' dir='ltr'>apposuit.</span> <span class='ocrx_word' id='word_1_392' title='bbox 3045 2797 3069 2871; x_wconf 74' lang='grc' dir='ltr'>ΙΙ</span> <span class='ocrx_word' id='word_1_393' title='bbox 3092 2828 3166 2841; x_wconf 91' lang='grc'>-</span> <span class='ocrx_word' id='word_1_394' title='bbox 3197 2798 3315 2856; x_wconf 80' lang='lat'>105.</span> <span class='ocrx_word' id='word_1_395' title='bbox 3335 2802 3411 2869; x_wconf 88' lang='grc' dir='ltr'>τε]</span> <span class='ocrx_word' id='word_1_396' title='bbox 3438 2817 3546 2854; x_wconf 89' lang='lat' dir='ltr'>om.</span> <span class='ocrx_word' id='word_1_397' title='bbox 3570 2799 3874 2874; x_wconf 67' lang='lat' dir='ltr'>HNXfiqt3</span> 
     </span>
     <span class='ocr_line' id='line_1_55' title="bbox 2322 2875 3888 2951; baseline 0.001 -20"><span class='ocrx_word' id='word_1_398' title='bbox 2322 2877 2483 2949; x_wconf 74' lang='grc' dir='ltr'><strong>ἶνδον]</strong></span> <span class='ocrx_word' id='word_1_399' title='bbox 2510 2877 2646 2943; x_wconf 66' lang='grc' dir='ltr'><strong>ἐντὸς</strong></span> <span class='ocrx_word' id='word_1_400' title='bbox 2671 2878 2858 2951; x_wconf 65' lang='lat' dir='ltr'>Bkt-(3</span> <span class='ocrx_word' id='word_1_401' title='bbox 2885 2877 3182 2951; x_wconf 64' lang='grc' dir='ltr'><strong>ἐρχομένην]</strong></span> <span class='ocrx_word' id='word_1_402' title='bbox 3212 2875 3482 2951; x_wconf 72' lang='grc' dir='ltr'><strong>Ιρχομένου</strong></span> <span class='ocrx_word' id='word_1_403' title='bbox 3510 2879 3888 2951; x_wconf 72' lang='lat' dir='ltr'>BCKLuUcf</span> 
     </span>
     <span class='ocr_line' id='line_1_56' title="bbox 2320 2954 3877 3028; baseline 0.001 -18"><span class='ocrx_word' id='word_1_404' title='bbox 2320 2976 2434 3011; x_wconf 80' lang='lat' dir='ltr'>mm</span> <span class='ocrx_word' id='word_1_405' title='bbox 2446 2978 2465 3021; x_wconf 89' lang='lat'>‚·</span> <span class='ocrx_word' id='word_1_406' title='bbox 2479 2955 2710 3028; x_wconf 79' lang='grc' dir='ltr'><strong>τηλόθεν]</strong></span> <span class='ocrx_word' id='word_1_407' title='bbox 2731 2975 2762 3012; x_wconf 92' lang='lat' dir='ltr'>e</span> <span class='ocrx_word' id='word_1_408' title='bbox 2779 2958 2913 3011; x_wconf 87' lang='lat' dir='ltr'>mari</span> <span class='ocrx_word' id='word_1_409' title='bbox 2938 2956 3249 3028; x_wconf 64' lang='lat' dir='ltr'>‘Pyrrheum</span> <span class='ocrx_word' id='word_1_410' title='bbox 3271 2974 3394 3011; x_wconf 84' lang='lat' dir='ltr'>nam</span> <span class='ocrx_word' id='word_1_411' title='bbox 3423 2974 3499 3011; x_wconf 80' lang='lat' dir='ltr'>vs.</span> <span class='ocrx_word' id='word_1_412' title='bbox 3523 2972 3620 3010; x_wconf 85' lang='lat'>201</span> <span class='ocrx_word' id='word_1_413' title='bbox 3652 2954 3720 3010; x_wconf 89' lang='lat' dir='ltr'>de</span> <span class='ocrx_word' id='word_1_414' title='bbox 3740 2957 3877 3028; x_wconf 76' lang='lat' dir='ltr'>Syrti</span> 
     </span>
     <span class='ocr_line' id='line_1_57' title="bbox 2318 3030 3877 3111; baseline 0 -22"><span class='ocrx_word' id='word_1_415' title='bbox 2318 3034 2500 3107; x_wconf 79' lang='lat' dir='ltr'>majori</span> <span class='ocrx_word' id='word_1_416' title='bbox 2524 3036 2742 3109; x_wconf 82' lang='lat' dir='ltr'>loquens</span> <span class='ocrx_word' id='word_1_417' title='bbox 2762 3046 2917 3111; x_wconf 73' lang='lat' dir='ltr'>poeta</span> <span class='ocrx_word' id='word_1_418' title='bbox 2936 3030 2966 3090; x_wconf 66' lang='grc' dir='ltr'>ζ’</span> <span class='ocrx_word' id='word_1_419' title='bbox 2985 3034 3128 3100; x_wconf 66' lang='grc' dir='ltr'><strong>ἔνθα,</strong></span> <span class='ocrx_word' id='word_1_420' title='bbox 3147 3036 3346 3108; x_wconf 84' lang='lat' dir='ltr'>inquit,</span> <span class='ocrx_word' id='word_1_421' title='bbox 3377 3036 3733 3107; x_wconf 68' lang='grc' dir='ltr'><strong>κορυσσομένης</strong></span> <span class='ocrx_word' id='word_1_422' title='bbox 3753 3036 3877 3106; x_wconf 79' lang='grc' dir='ltr'><strong>Τυρ-</strong></span> 
     </span>
     <span class='ocr_line' id='line_1_58' title="bbox 2318 3111 3878 3187; baseline -0.001 -20"><span class='ocrx_word' id='word_1_423' title='bbox 2318 3114 2510 3182; x_wconf 79' lang='grc' dir='ltr'><strong>σηνίδος</strong></span> <span class='ocrx_word' id='word_1_424' title='bbox 2551 3113 2899 3187; x_wconf 65' lang='grc' dir='ltr'><strong>ἀμφιτρίτηςμ.</strong></span> <span class='ocrx_word' id='word_1_425' title='bbox 2934 3114 3215 3186; x_wconf 80' lang='grc' dir='ltr'><strong>πλημμυρὶς</strong></span> <span class='ocrx_word' id='word_1_426' title='bbox 3247 3111 3505 3187; x_wconf 66' lang='grc' dir='ltr'><strong>ἐγείρεται.</strong></span> <span class='ocrx_word' id='word_1_427' title='bbox 3539 3115 3559 3183; x_wconf 65' lang='grc' dir='ltr'>ΙΙ</span> <span class='ocrx_word' id='word_1_428' title='bbox 3585 3144 3657 3155; x_wconf 92' lang='grc'>-</span> <span class='ocrx_word' id='word_1_429' title='bbox 3681 3130 3798 3184; x_wconf 83' lang='lat'>109.</span> <span class='ocrx_word' id='word_1_430' title='bbox 3825 3113 3878 3170; x_wconf 68' lang='lat' dir='ltr'>in</span> 
     </span>
    </p>
   </div>
   <div class='ocr_carea' id='block_1_17' title="bbox 664 3190 3878 3578">
    <p class='ocr_par' dir='ltr' id='par_1_22' title="bbox 664 3190 3878 3578">
     <span class='ocr_line' id='line_1_59' title="bbox 664 3190 3878 3267; baseline 0 -22"><span class='ocrx_word' id='word_1_431' title='bbox 664 3192 879 3246; x_wconf 90' lang='lat' dir='ltr'>eandem</span> <span class='ocrx_word' id='word_1_432' title='bbox 919 3211 1067 3248; x_wconf 83' lang='lat' dir='ltr'>oram</span> <span class='ocrx_word' id='word_1_433' title='bbox 1109 3192 1361 3247; x_wconf 71' lang='lat' dir='ltr'>describit</span> <span class='ocrx_word' id='word_1_434' title='bbox 1386 3210 1435 3247; x_wconf 82' lang='grc' dir='ltr'>ν.</span> <span class='ocrx_word' id='word_1_435' title='bbox 1470 3192 1571 3246; x_wconf 83' lang='grc'>388</span> <span class='ocrx_word' id='word_1_436' title='bbox 1598 3210 1715 3264; x_wconf 85' lang='lat' dir='ltr'>sqq.</span> <span class='ocrx_word' id='word_1_437' title='bbox 1759 3194 1993 3249; x_wconf 83' lang='lat' dir='ltr'>Avienus</span> <span class='ocrx_word' id='word_1_438' title='bbox 2030 3210 2079 3249; x_wconf 81' lang='grc' dir='ltr'>ν.</span> <span class='ocrx_word' id='word_1_439' title='bbox 2128 3198 2227 3257; x_wconf 74' lang='grc' dir='ltr'><strong>ι46</strong></span> <span class='ocrx_word' id='word_1_440' title='bbox 2316 3193 2361 3246; x_wconf 80' lang='grc' dir='ltr'>δ’</span> <span class='ocrx_word' id='word_1_441' title='bbox 2385 3192 2536 3267; x_wconf 77' lang='grc' dir='ltr'><strong>ὁρίων</strong></span> <span class='ocrx_word' id='word_1_442' title='bbox 2566 3194 2782 3249; x_wconf 79' lang='grc' dir='ltr'><strong>Σικελῶν</strong></span> <span class='ocrx_word' id='word_1_443' title='bbox 2806 3192 2928 3248; x_wconf 84' lang='lat' dir='ltr'>libri</span> <span class='ocrx_word' id='word_1_444' title='bbox 2953 3210 3136 3247; x_wconf 82' lang='lat' dir='ltr'>omnes</span> <span class='ocrx_word' id='word_1_445' title='bbox 3161 3202 3352 3265; x_wconf 70' lang='lat' dir='ltr'>preter</span> <span class='ocrx_word' id='word_1_446' title='bbox 3377 3190 3498 3245; x_wconf 91' lang='lat' dir='ltr'>cod.</span> <span class='ocrx_word' id='word_1_447' title='bbox 3528 3209 3582 3257; x_wconf 89' lang='lat' dir='ltr'>e,</span> <span class='ocrx_word' id='word_1_448' title='bbox 3609 3192 3664 3244; x_wconf 88' lang='lat' dir='ltr'>in</span> <span class='ocrx_word' id='word_1_449' title='bbox 3688 3209 3796 3264; x_wconf 91' lang='lat' dir='ltr'>quo</span> <span class='ocrx_word' id='word_1_450' title='bbox 3825 3190 3878 3247; x_wconf 71' lang='lat' dir='ltr'>lx</span> 
     </span>
     <span class='ocr_line' id='line_1_60' title="bbox 666 3268 3878 3346; baseline 0.001 -23"><span class='ocrx_word' id='word_1_451' title='bbox 666 3270 1107 3343; x_wconf 69' lang='lat' dir='ltr'>(Emathiamque</span> <span class='ocrx_word' id='word_1_452' title='bbox 1118 3288 1279 3346; x_wconf 80' lang='lat' dir='ltr'>super</span> <span class='ocrx_word' id='word_1_453' title='bbox 1292 3270 1468 3325; x_wconf 78' lang='lat' dir='ltr'>sulcat</span> <span class='ocrx_word' id='word_1_454' title='bbox 1483 3288 1644 3339; x_wconf 71' lang='lat' dir='ltr'>genus</span> <span class='ocrx_word' id='word_1_455' title='bbox 1660 3289 1759 3325; x_wconf 71' lang='grc' dir='ltr'>αντ</span> <span class='ocrx_word' id='word_1_456' title='bbox 1776 3271 2031 3341; x_wconf 76' lang='lat' dir='ltr'>virorum)</span> <span class='ocrx_word' id='word_1_457' title='bbox 2046 3289 2225 3325; x_wconf 82' lang='lat' dir='ltr'>vocem</span> <span class='ocrx_word' id='word_1_458' title='bbox 2315 3271 2367 3325; x_wconf 71' lang='grc' dir='ltr'>δὶ</span> <span class='ocrx_word' id='word_1_459' title='bbox 2404 3272 2529 3345; x_wconf 77' lang='grc' dir='ltr'><strong>ῥόων</strong></span> <span class='ocrx_word' id='word_1_460' title='bbox 2565 3272 2623 3328; x_wconf 85' lang='grc' dir='ltr'>Σ.</span> <span class='ocrx_word' id='word_1_461' title='bbox 2653 3272 2888 3328; x_wconf 87' lang='lat' dir='ltr'>Siculum</span> <span class='ocrx_word' id='word_1_462' title='bbox 2921 3288 3069 3342; x_wconf 79' lang='lat' dir='ltr'>mare</span> <span class='ocrx_word' id='word_1_463' title='bbox 3107 3288 3138 3323; x_wconf 99' lang='lat' dir='ltr'>a</span> <span class='ocrx_word' id='word_1_464' title='bbox 3181 3270 3354 3325; x_wconf 89' lang='lat' dir='ltr'>Sicilia</span> <span class='ocrx_word' id='word_1_465' title='bbox 3403 3287 3570 3345; x_wconf 72' lang='lat' dir='ltr'>usque</span> <span class='ocrx_word' id='word_1_466' title='bbox 3607 3268 3672 3323; x_wconf 83' lang='lat' dir='ltr'>ad</span> <span class='ocrx_word' id='word_1_467' title='bbox 3713 3272 3878 3327; x_wconf 71' lang='lat' dir='ltr'>Cretae</span> 
     </span>
     <span class='ocr_line' id='line_1_61' title="bbox 670 3346 3878 3422; baseline 0.001 -23"><span class='ocrx_word' id='word_1_468' title='bbox 670 3346 919 3417; x_wconf 65' lang='grc' dir='ltr'><strong>ἐφύπερθεν</strong></span> <span class='ocrx_word' id='word_1_469' title='bbox 948 3350 1017 3401; x_wconf 89' lang='lat' dir='ltr'>ita</span> <span class='ocrx_word' id='word_1_470' title='bbox 1042 3348 1295 3401; x_wconf 77' lang='lat' dir='ltr'>intellexit</span> <span class='ocrx_word' id='word_1_471' title='bbox 1334 3357 1395 3401; x_wconf 90' lang='lat' dir='ltr'>ut</span> <span class='ocrx_word' id='word_1_472' title='bbox 1436 3348 1503 3401; x_wconf 87' lang='lat' dir='ltr'>sit</span> <span class='ocrx_word' id='word_1_473' title='bbox 1540 3366 1705 3417; x_wconf 77' lang='lat' dir='ltr'>supra</span> <span class='ocrx_word' id='word_1_474' title='bbox 1728 3347 1942 3420; x_wconf 71' lang='lat' dir='ltr'>Illyrios</span> <span class='ocrx_word' id='word_1_475' title='bbox 1979 3350 2033 3403; x_wconf 91' lang='lat' dir='ltr'>in</span> <span class='ocrx_word' id='word_1_476' title='bbox 2066 3349 2225 3402; x_wconf 86' lang='lat' dir='ltr'>medi·</span> <span class='ocrx_word' id='word_1_477' title='bbox 2313 3350 2732 3422; x_wconf 81' lang='lat' dir='ltr'>promontorium</span> <span class='ocrx_word' id='word_1_478' title='bbox 2757 3350 3139 3420; x_wconf 85' lang='lat' dir='ltr'>Criumetopon</span> <span class='ocrx_word' id='word_1_479' title='bbox 3169 3346 3433 3419; x_wconf 83' lang='lat' dir='ltr'>pertinere</span> <span class='ocrx_word' id='word_1_480' title='bbox 3457 3365 3507 3402; x_wconf 77' lang='grc' dir='ltr'>ν.</span> <span class='ocrx_word' id='word_1_481' title='bbox 3553 3350 3620 3402; x_wconf 87' lang='grc'>86</span> <span class='ocrx_word' id='word_1_482' title='bbox 3655 3364 3770 3419; x_wconf 85' lang='lat' dir='ltr'>sqq.</span> <span class='ocrx_word' id='word_1_483' title='bbox 3809 3348 3878 3401; x_wconf 90' lang='lat' dir='ltr'>le·</span> 
     </span>
     <span class='ocr_line' id='line_1_62' title="bbox 671 3422 3876 3498; baseline 0 -20"><span class='ocrx_word' id='word_1_484' title='bbox 671 3426 947 3491; x_wconf 82' lang='lat' dir='ltr'>terraneis,</span> <span class='ocrx_word' id='word_1_485' title='bbox 976 3424 1201 3496; x_wconf 82' lang='lat' dir='ltr'>ideoque</span> <span class='ocrx_word' id='word_1_486' title='bbox 1227 3443 1325 3498; x_wconf 83' lang='lat' dir='ltr'>pro</span> <span class='ocrx_word' id='word_1_487' title='bbox 1358 3426 1613 3497; x_wconf 76' lang='grc' dir='ltr'><strong>Δαλματίη</strong></span> <span class='ocrx_word' id='word_1_488' title='bbox 1656 3426 1781 3498; x_wconf 77' lang='lat' dir='ltr'>legit</span> <span class='ocrx_word' id='word_1_489' title='bbox 1828 3425 2064 3498; x_wconf 68' lang='grc' dir='ltr'><strong>Ἠμαθίῃ.</strong></span> <span class='ocrx_word' id='word_1_490' title='bbox 2106 3428 2128 3497; x_wconf 84' lang='grc' dir='ltr'>ΙΙ</span> <span class='ocrx_word' id='word_1_491' title='bbox 2154 3458 2229 3469; x_wconf 91' lang='lat'><em>-</em></span> <span class='ocrx_word' id='word_1_492' title='bbox 2266 3462 2274 3493; x_wconf 88' lang='grc'><strong>,</strong></span> <span class='ocrx_word' id='word_1_493' title='bbox 2313 3428 2500 3497; x_wconf 75' lang='lat' dir='ltr'>gimus.</span> <span class='ocrx_word' id='word_1_494' title='bbox 2529 3428 2699 3498; x_wconf 78' lang='lat' dir='ltr'>Igitur</span> <span class='ocrx_word' id='word_1_495' title='bbox 2733 3429 3000 3483; x_wconf 89' lang='lat' dir='ltr'>Creticum</span> <span class='ocrx_word' id='word_1_496' title='bbox 3039 3442 3214 3490; x_wconf 88' lang='lat' dir='ltr'>mare,</span> <span class='ocrx_word' id='word_1_497' title='bbox 3257 3422 3404 3495; x_wconf 89' lang='lat' dir='ltr'>quod</span> <span class='ocrx_word' id='word_1_498' title='bbox 3447 3422 3692 3495; x_wconf 85' lang='lat' dir='ltr'>deinceps</span> <span class='ocrx_word' id='word_1_499' title='bbox 3725 3422 3876 3495; x_wconf 82' lang='lat' dir='ltr'>juxta</span> 
     </span>
     <span class='ocr_line' id='line_1_63' title="bbox 668 3496 3876 3578; baseline 0 -21"><span class='ocrx_word' id='word_1_500' title='bbox 668 3506 757 3572; x_wconf 85' lang='lat'>98.</span> <span class='ocrx_word' id='word_1_501' title='bbox 793 3502 997 3565; x_wconf 69' lang='grc' dir='ltr'><strong>ἄπλετος</strong></span> <span class='ocrx_word' id='word_1_502' title='bbox 1036 3502 1349 3575; x_wconf 78' lang='lat' dir='ltr'>Acaqtghs,</span> <span class='ocrx_word' id='word_1_503' title='bbox 1384 3521 1494 3559; x_wconf 78' lang='lat' dir='ltr'>var.</span> <span class='ocrx_word' id='word_1_504' title='bbox 1540 3503 1659 3558; x_wconf 88' lang='lat' dir='ltr'>lect.</span> <span class='ocrx_word' id='word_1_505' title='bbox 1688 3504 1745 3557; x_wconf 90' lang='lat' dir='ltr'>in</span> <span class='ocrx_word' id='word_1_506' title='bbox 1796 3507 1864 3568; x_wconf 60' lang='lat'>12·</span> <span class='ocrx_word' id='word_1_507' title='bbox 1907 3504 2226 3575; x_wconf 73' lang='grc' dir='ltr'><strong>παρατέταται</strong></span> <span class='ocrx_word' id='word_1_508' title='bbox 2265 3496 2273 3575; x_wconf 84' lang='grc' dir='ltr'>Ι</span> <span class='ocrx_word' id='word_1_509' title='bbox 2312 3505 2516 3561; x_wconf 87' lang='lat' dir='ltr'>boreale</span> <span class='ocrx_word' id='word_1_510' title='bbox 2529 3508 2697 3561; x_wconf 80' lang='lat' dir='ltr'>Cretoe</span> <span class='ocrx_word' id='word_1_511' title='bbox 2708 3505 2845 3560; x_wconf 83' lang='lat' dir='ltr'>latus</span> <span class='ocrx_word' id='word_1_512' title='bbox 2861 3504 3248 3578; x_wconf 72' lang='lat' dir='ltr'>porrigebatur,</span> <span class='ocrx_word' id='word_1_513' title='bbox 3266 3503 3476 3557; x_wconf 87' lang='lat' dir='ltr'>initium</span> <span class='ocrx_word' id='word_1_514' title='bbox 3493 3518 3699 3555; x_wconf 85' lang='lat' dir='ltr'>sumere</span> <span class='ocrx_word' id='word_1_515' title='bbox 3716 3501 3876 3557; x_wconf 87' lang='lat' dir='ltr'>debet</span> 
     </span>
    </p>
   </div>
   <div class='ocr_carea' id='block_1_18' title="bbox 668 3582 2225 3895">
    <p class='ocr_par' dir='ltr' id='par_1_23' title="bbox 668 3582 2225 3895">
     <span class='ocr_line' id='line_1_64' title="bbox 679 3582 2225 3655; baseline -0.004 -15"><span class='ocrx_word' id='word_1_516' title='bbox 679 3588 722 3640; x_wconf 80' lang='grc' dir='ltr'><em>Υ</em></span> <span class='ocrx_word' id='word_1_517' title='bbox 742 3594 795 3637; x_wconf 87' lang='lat' dir='ltr'>ct</span> <span class='ocrx_word' id='word_1_518' title='bbox 824 3584 959 3637; x_wconf 89' lang='lat' dir='ltr'>inter</span> <span class='ocrx_word' id='word_1_519' title='bbox 986 3600 1163 3637; x_wconf 83' lang='lat' dir='ltr'>versus</span> <span class='ocrx_word' id='word_1_520' title='bbox 1182 3601 1245 3647; x_wconf 79' lang='lat' dir='ltr'>s,-</span> <span class='ocrx_word' id='word_1_521' title='bbox 1268 3583 1611 3655; x_wconf 67' lang='grc' dir='ltr'><strong>παρακέκλιται</strong></span> <span class='ocrx_word' id='word_1_522' title='bbox 1639 3582 1767 3651; x_wconf 76' lang='lat' dir='ltr'>cbg.</span> <span class='ocrx_word' id='word_1_523' title='bbox 1796 3586 1819 3655; x_wconf 85' lang='grc' dir='ltr'>ΙΙ</span> <span class='ocrx_word' id='word_1_524' title='bbox 1840 3612 1914 3624; x_wconf 94' lang='grc'>--</span> <span class='ocrx_word' id='word_1_525' title='bbox 1931 3602 2017 3653; x_wconf 87' lang='lat'>99.</span> <span class='ocrx_word' id='word_1_526' title='bbox 2041 3582 2225 3637; x_wconf 83' lang='grc' dir='ltr'><strong>πολλυ-</strong></span> 
     </span>
     <span class='ocr_line' id='line_1_65' title="bbox 668 3658 2223 3729; baseline 0 -13"><span class='ocrx_word' id='word_1_527' title='bbox 668 3660 807 3729; x_wconf 83' lang='grc' dir='ltr'><strong>τενὴς</strong></span> <span class='ocrx_word' id='word_1_528' title='bbox 838 3674 878 3728; x_wconf 79' lang='lat' dir='ltr'>t,</span> <span class='ocrx_word' id='word_1_529' title='bbox 902 3658 1171 3729; x_wconf 79' lang='grc' dir='ltr'><strong>πολυτενῆς</strong></span> <span class='ocrx_word' id='word_1_530' title='bbox 1210 3664 1621 3729; x_wconf 75' lang='lat' dir='ltr'>BDHLMXcor,</span> <span class='ocrx_word' id='word_1_531' title='bbox 1650 3660 1955 3729; x_wconf 79' lang='grc' dir='ltr'><strong>πουλυτανὴς</strong></span> <span class='ocrx_word' id='word_1_532' title='bbox 1985 3666 2063 3725; x_wconf 88' lang='lat' dir='ltr'>K,</span> <span class='ocrx_word' id='word_1_533' title='bbox 2104 3682 2223 3716; x_wconf 71' lang='lat' dir='ltr'>mu-</span> 
     </span>
     <span class='ocr_line' id='line_1_66' title="bbox 668 3740 2225 3813; baseline 0.003 -20"><span class='ocrx_word' id='word_1_534' title='bbox 668 3740 875 3808; x_wconf 73' lang='grc' dir='ltr'><strong>λυτελὴς</strong></span> <span class='ocrx_word' id='word_1_535' title='bbox 920 3742 986 3805; x_wconf 80' lang='grc' dir='ltr'><strong>Ιι,·</strong></span> <span class='ocrx_word' id='word_1_536' title='bbox 1035 3742 1293 3813; x_wconf 68' lang='grc' dir='ltr'><strong>ἔπίδρῡμθς</strong></span> <span class='ocrx_word' id='word_1_537' title='bbox 1352 3741 1487 3805; x_wconf 77' lang='lat' dir='ltr'><em>Hk1‚·</em></span> <span class='ocrx_word' id='word_1_538' title='bbox 1530 3742 1818 3813; x_wconf 75' lang='grc' dir='ltr'><strong>περίδρομος</strong></span> <span class='ocrx_word' id='word_1_539' title='bbox 1872 3744 2091 3813; x_wconf 79' lang='grc' dir='ltr'><strong>τρισσῇσι</strong></span> <span class='ocrx_word' id='word_1_540' title='bbox 2144 3747 2225 3805; x_wconf 84' lang='lat' dir='ltr'>D,-</span> 
     </span>
     <span class='ocr_line' id='line_1_67' title="bbox 670 3818 2222 3895; baseline 0.001 -21"><span class='ocrx_word' id='word_1_541' title='bbox 670 3820 955 3895; x_wconf 69' lang='grc' dir='ltr'><strong>ἀμφιτρίτῃς</strong></span> <span class='ocrx_word' id='word_1_542' title='bbox 982 3823 1047 3885; x_wconf 90' lang='grc' dir='ltr'>Ο,</span> <span class='ocrx_word' id='word_1_543' title='bbox 1076 3820 1384 3893; x_wconf 70' lang='grc' dir='ltr'><strong>ἀμφιτρίτῃσι</strong></span> <span class='ocrx_word' id='word_1_544' title='bbox 1424 3824 1512 3885; x_wconf 83' lang='lat' dir='ltr'>Ce,</span> <span class='ocrx_word' id='word_1_545' title='bbox 1545 3818 1846 3891; x_wconf 71' lang='grc' dir='ltr'><strong>ἀμφιτρίταις</strong></span> <span class='ocrx_word' id='word_1_546' title='bbox 1888 3829 2011 3875; x_wconf 87' lang='lat' dir='ltr'>cett.</span> <span class='ocrx_word' id='word_1_547' title='bbox 2041 3820 2222 3887; x_wconf 88' lang='lat' dir='ltr'>codd.,</span> 
     </span>
    </p>
   </div>
   <div class='ocr_carea' id='block_1_19' title="bbox 2311 3578 3876 3903">
    <p class='ocr_par' dir='ltr' id='par_1_24' title="bbox 2311 3578 3876 3903">
     <span class='ocr_line' id='line_1_68' title="bbox 2313 3578 3876 3653; baseline -0.003 -13"><span class='ocrx_word' id='word_1_548' title='bbox 2313 3603 2344 3640; x_wconf 85' lang='lat' dir='ltr'>a</span> <span class='ocrx_word' id='word_1_549' title='bbox 2369 3585 2637 3641; x_wconf 85' lang='lat' dir='ltr'>montibus</span> <span class='ocrx_word' id='word_1_550' title='bbox 2664 3586 2831 3640; x_wconf 82' lang='lat' dir='ltr'>Cretae</span> <span class='ocrx_word' id='word_1_551' title='bbox 2853 3581 3106 3639; x_wconf 86' lang='lat' dir='ltr'>occiduis.</span> <span class='ocrx_word' id='word_1_552' title='bbox 3145 3584 3355 3652; x_wconf 87' lang='lat' dir='ltr'>Quare,</span> <span class='ocrx_word' id='word_1_553' title='bbox 3381 3580 3424 3635; x_wconf 92' lang='lat' dir='ltr'>si</span> <span class='ocrx_word' id='word_1_554' title='bbox 3444 3578 3597 3653; x_wconf 73' lang='grc' dir='ltr'><strong>ὀρέων</strong></span> <span class='ocrx_word' id='word_1_555' title='bbox 3617 3596 3718 3635; x_wconf 77' lang='lat' dir='ltr'>vox</span> <span class='ocrx_word' id='word_1_556' title='bbox 3735 3591 3876 3635; x_wconf 81' lang='lat' dir='ltr'>recte</span> 
     </span>
     <span class='ocr_line' id='line_1_69' title="bbox 2313 3656 3871 3737; baseline -0.006 -17"><span class='ocrx_word' id='word_1_557' title='bbox 2313 3664 2551 3732; x_wconf 82' lang='lat' dir='ltr'>baberet,</span> <span class='ocrx_word' id='word_1_558' title='bbox 2581 3662 3008 3737; x_wconf 73' lang='lat' dir='ltr'>exspectabamus</span> <span class='ocrx_word' id='word_1_559' title='bbox 3034 3678 3049 3717; x_wconf 75' lang='grc' dir='ltr'><strong>τ</strong></span> <span class='ocrx_word' id='word_1_560' title='bbox 3081 3660 3134 3717; x_wconf 82' lang='grc' dir='ltr'><strong>ἔκ</strong></span> <span class='ocrx_word' id='word_1_561' title='bbox 3160 3662 3205 3715; x_wconf 86' lang='grc' dir='ltr'>δ’</span> <span class='ocrx_word' id='word_1_562' title='bbox 3228 3660 3379 3733; x_wconf 76' lang='grc' dir='ltr'><strong>ὁρίων</strong></span> <span class='ocrx_word' id='word_1_563' title='bbox 3409 3660 3615 3714; x_wconf 76' lang='grc' dir='ltr'><strong>ὃυτυιῶν</strong></span> <span class='ocrx_word' id='word_1_564' title='bbox 3653 3656 3871 3730; x_wconf 77' lang='grc' dir='ltr'><strong>Κρήτης,</strong></span> 
     </span>
     <span class='ocr_line' id='line_1_70' title="bbox 2313 3746 3873 3825; baseline -0.003 -22"><span class='ocrx_word' id='word_1_565' title='bbox 2313 3751 2391 3805; x_wconf 81' lang='lat' dir='ltr'>vel</span> <span class='ocrx_word' id='word_1_566' title='bbox 2412 3749 2466 3805; x_wconf 77' lang='grc' dir='ltr'><strong>ἔκ</strong></span> <span class='ocrx_word' id='word_1_567' title='bbox 2488 3752 2532 3803; x_wconf 85' lang='grc' dir='ltr'>δ’</span> <span class='ocrx_word' id='word_1_568' title='bbox 2558 3750 2708 3825; x_wconf 78' lang='grc' dir='ltr'><strong>ὁρίων</strong></span> <span class='ocrx_word' id='word_1_569' title='bbox 2732 3750 2962 3823; x_wconf 62' lang='grc' dir='ltr'><strong>Κισαμῦν</strong></span> <span class='ocrx_word' id='word_1_570' title='bbox 2978 3751 3142 3819; x_wconf 89' lang='lat' dir='ltr'>(certe</span> <span class='ocrx_word' id='word_1_571' title='bbox 3160 3748 3426 3803; x_wconf 83' lang='lat' dir='ltr'>Cisamum</span> <span class='ocrx_word' id='word_1_572' title='bbox 3447 3746 3873 3819; x_wconf 87' lang='lat' dir='ltr'>promontorium</span> 
     </span>
     <span class='ocr_line' id='line_1_71' title="bbox 2311 3824 3871 3903; baseline -0.003 -18"><span class='ocrx_word' id='word_1_573' title='bbox 2311 3840 2364 3885; x_wconf 89' lang='lat' dir='ltr'>et</span> <span class='ocrx_word' id='word_1_574' title='bbox 2387 3830 2496 3885; x_wconf 87' lang='lat' dir='ltr'>duo</span> <span class='ocrx_word' id='word_1_575' title='bbox 2521 3831 2714 3885; x_wconf 87' lang='lat' dir='ltr'>Cisami</span> <span class='ocrx_word' id='word_1_576' title='bbox 2737 3828 2932 3903; x_wconf 81' lang='lat' dir='ltr'>oppida</span> <span class='ocrx_word' id='word_1_577' title='bbox 2959 3830 3014 3883; x_wconf 90' lang='lat' dir='ltr'>in</span> <span class='ocrx_word' id='word_1_578' title='bbox 3041 3828 3146 3883; x_wconf 87' lang='lat' dir='ltr'>hoc</span> <span class='ocrx_word' id='word_1_579' title='bbox 3169 3825 3351 3881; x_wconf 77' lang='lat' dir='ltr'>insulae</span> <span class='ocrx_word' id='word_1_580' title='bbox 3378 3834 3550 3879; x_wconf 90' lang='lat' dir='ltr'>tractu</span> <span class='ocrx_word' id='word_1_581' title='bbox 3573 3824 3871 3893; x_wconf 78' lang='lat' dir='ltr'>novimus).</span> 
     </span>
    </p>
   </div>
   <div class='ocr_carea' id='block_1_20' title="bbox 668 3898 3868 3983">
    <p class='ocr_par' dir='ltr' id='par_1_25' title="bbox 668 3898 3868 3983">
     <span class='ocr_line' id='line_1_72' title="bbox 668 3898 3868 3983; baseline -0.003 -17"><span class='ocrx_word' id='word_1_582' title='bbox 668 3902 769 3956; x_wconf 74' lang='lat' dir='ltr'>nisi</span> <span class='ocrx_word' id='word_1_583' title='bbox 794 3899 940 3973; x_wconf 84' lang='lat' dir='ltr'>quod</span> <span class='ocrx_word' id='word_1_584' title='bbox 966 3900 1089 3973; x_wconf 68' lang='grc' dir='ltr'>ἀμφὶ</span> <span class='ocrx_word' id='word_1_585' title='bbox 1115 3900 1295 3973; x_wconf 77' lang='grc' dir='ltr'><strong>τρίταις</strong></span> <span class='ocrx_word' id='word_1_586' title='bbox 1315 3898 1511 3971; x_wconf 61' lang='lat' dir='ltr'>Pffbet</span> <span class='ocrx_word' id='word_1_587' title='bbox 1528 3918 1577 3953; x_wconf 86' lang='lat'>⁰·</span> <span class='ocrx_word' id='word_1_588' title='bbox 1608 3902 1630 3971; x_wconf 82' lang='lat' dir='ltr'>n</span> <span class='ocrx_word' id='word_1_589' title='bbox 1653 3930 1725 3941; x_wconf 89' lang='lat'><em>-</em></span> <span class='ocrx_word' id='word_1_590' title='bbox 1751 3917 1869 3955; x_wconf 85' lang='lat'><strong>¹00·</strong></span> <span class='ocrx_word' id='word_1_591' title='bbox 1892 3916 1941 3953; x_wconf 65' lang='grc' dir='ltr'>τ*</span> <span class='ocrx_word' id='word_1_592' title='bbox 1958 3900 2151 3954; x_wconf 77' lang='lat' dir='ltr'>excidit</span> <span class='ocrx_word' id='word_1_593' title='bbox 2170 3902 2225 3955; x_wconf 85' lang='lat' dir='ltr'>in</span> <span class='ocrx_word' id='word_1_594' title='bbox 2311 3908 2586 3982; x_wconf 67' lang='lat' dir='ltr'>Vulgatam</span> <span class='ocrx_word' id='word_1_595' title='bbox 2600 3912 2854 3983; x_wconf 68' lang='lat' dir='ltr'>expmsit</span> <span class='ocrx_word' id='word_1_596' title='bbox 2863 3910 3096 3965; x_wconf 75' lang='lat' dir='ltr'>Avienus</span> <span class='ocrx_word' id='word_1_597' title='bbox 3117 3910 3212 3962; x_wconf 84' lang='lat'>161</span> <span class='ocrx_word' id='word_1_598' title='bbox 3242 3902 3537 3981; x_wconf 70' lang='lat' dir='ltr'>(Montibus</span> <span class='ocrx_word' id='word_1_599' title='bbox 3550 3902 3620 3957; x_wconf 80' lang='lat' dir='ltr'>ab</span> <span class='ocrx_word' id='word_1_600' title='bbox 3633 3901 3868 3973; x_wconf 74' lang='lat' dir='ltr'>Siculis),</span> 
     </span>
    </p>
   </div>
   <div class='ocr_carea' id='block_1_21' title="bbox 670 3977 2271 4053">
    <p class='ocr_par' dir='ltr' id='par_1_26' title="bbox 670 3977 2271 4053">
     <span class='ocr_line' id='line_1_73' title="bbox 670 3977 2271 4053; baseline -0.001 -17"><span class='ocrx_word' id='word_1_601' title='bbox 670 3980 1047 4053; x_wconf 69' lang='grc' dir='ltr'><strong>ΗΧςΤυρρηνῇ</strong></span> <span class='ocrx_word' id='word_1_602' title='bbox 1062 3997 1184 4050; x_wconf 72' lang='lat' dir='ltr'>mgo</span> <span class='ocrx_word' id='word_1_603' title='bbox 1207 3983 1313 4041; x_wconf 85' lang='lat' dir='ltr'>Uu,·</span> <span class='ocrx_word' id='word_1_604' title='bbox 1332 3977 1633 4051; x_wconf 75' lang='grc' dir='ltr'><strong>πληθυοΰσῃ]</strong></span> <span class='ocrx_word' id='word_1_605' title='bbox 1654 3977 1805 4033; x_wconf 87' lang='lat' dir='ltr'>Solus</span> <span class='ocrx_word' id='word_1_606' title='bbox 1818 3978 1905 4033; x_wconf 85' lang='lat' dir='ltr'>bic</span> <span class='ocrx_word' id='word_1_607' title='bbox 1924 3980 2069 4031; x_wconf 86' lang='lat' dir='ltr'>sinus</span> <span class='ocrx_word' id='word_1_608' title='bbox 2092 3980 2227 4034; x_wconf 89' lang='lat' dir='ltr'>inter</span> <span class='ocrx_word' id='word_1_609' title='bbox 2267 4020 2271 4025; x_wconf 83' lang='lat'>-</span> 
     </span>
    </p>
   </div>
   <div class='ocr_carea' id='block_1_22' title="bbox 659 4058 2229 4293">
    <p class='ocr_par' dir='ltr' id='par_1_27' title="bbox 659 4058 2229 4293">
     <span class='ocr_line' id='line_1_74' title="bbox 662 4058 2223 4133; baseline -0.001 -19"><span class='ocrx_word' id='word_1_610' title='bbox 662 4078 851 4115; x_wconf 89' lang='lat' dir='ltr'>omnes</span> <span class='ocrx_word' id='word_1_611' title='bbox 874 4062 1034 4116; x_wconf 88' lang='lat' dir='ltr'>maris</span> <span class='ocrx_word' id='word_1_612' title='bbox 1058 4060 1254 4115; x_wconf 90' lang='lat' dir='ltr'>interni</span> <span class='ocrx_word' id='word_1_613' title='bbox 1290 4069 1461 4133; x_wconf 82' lang='lat' dir='ltr'>partes</span> <span class='ocrx_word' id='word_1_614' title='bbox 1491 4067 1617 4112; x_wconf 81' lang='lat' dir='ltr'>aestu</span> <span class='ocrx_word' id='word_1_615' title='bbox 1635 4098 1652 4125; x_wconf 93' lang='lat'>,</span> <span class='ocrx_word' id='word_1_616' title='bbox 1683 4059 1879 4113; x_wconf 69' lang='lat' dir='ltr'>Oceani</span> <span class='ocrx_word' id='word_1_617' title='bbox 1902 4059 1957 4112; x_wconf 91' lang='lat' dir='ltr'>in</span> <span class='ocrx_word' id='word_1_618' title='bbox 1986 4058 2223 4127; x_wconf 88' lang='lat' dir='ltr'>modum,</span> 
     </span>
     <span class='ocr_line' id='line_1_75' title="bbox 664 4136 2227 4211; baseline 0 -18"><span class='ocrx_word' id='word_1_619' title='bbox 664 4138 911 4206; x_wconf 78' lang='lat' dir='ltr'>afficitur,</span> <span class='ocrx_word' id='word_1_620' title='bbox 944 4150 1074 4195; x_wconf 81' lang='lat' dir='ltr'>teste</span> <span class='ocrx_word' id='word_1_621' title='bbox 1105 4140 1391 4205; x_wconf 84' lang='lat' dir='ltr'>Strabone;</span> <span class='ocrx_word' id='word_1_622' title='bbox 1418 4138 1559 4194; x_wconf 86' lang='lat' dir='ltr'>unde</span> <span class='ocrx_word' id='word_1_623' title='bbox 1596 4136 1739 4211; x_wconf 84' lang='lat' dir='ltr'>apud</span> <span class='ocrx_word' id='word_1_624' title='bbox 1764 4138 2038 4193; x_wconf 79' lang='lat' dir='ltr'>Horatium</span> <span class='ocrx_word' id='word_1_625' title='bbox 2064 4156 2077 4193; x_wconf 74' lang='grc' dir='ltr'><strong><em>ε</em></strong></span> <span class='ocrx_word' id='word_1_626' title='bbox 2112 4143 2227 4193; x_wconf 77' lang='lat' dir='ltr'>Ira·</span> 
     </span>
     <span class='ocr_line' id='line_1_76' title="bbox 659 4218 2229 4293; baseline 0 -21"><span class='ocrx_word' id='word_1_627' title='bbox 659 4218 885 4275; x_wconf 69' lang='lat' dir='ltr'>canello:-</span> <span class='ocrx_word' id='word_1_628' title='bbox 906 4218 1103 4275; x_wconf 76' lang='lat' dir='ltr'>Adria.</span> <span class='ocrx_word' id='word_1_629' title='bbox 1142 4220 1167 4291; x_wconf 81' lang='grc' dir='ltr'>ΙΙ</span> <span class='ocrx_word' id='word_1_630' title='bbox 1198 4250 1275 4263; x_wconf 92' lang='lat'>--</span> <span class='ocrx_word' id='word_1_631' title='bbox 1304 4237 1421 4277; x_wconf 84' lang='lat'>101.</span> <span class='ocrx_word' id='word_1_632' title='bbox 1451 4218 1483 4288; x_wconf 72' lang='grc' dir='ltr'><strong>ἡ</strong></span> <span class='ocrx_word' id='word_1_633' title='bbox 1508 4219 1617 4293; x_wconf 83' lang='grc' dir='ltr'><strong>μία]</strong></span> <span class='ocrx_word' id='word_1_634' title='bbox 1657 4244 1680 4265; x_wconf 75' lang='grc' dir='ltr'>ι</span> <span class='ocrx_word' id='word_1_635' title='bbox 1714 4218 1961 4290; x_wconf 84' lang='lat' dir='ltr'>Suspicor</span> <span class='ocrx_word' id='word_1_636' title='bbox 1982 4218 2229 4291; x_wconf 87' lang='lat' dir='ltr'>inoppor-</span> 
     </span>
    </p>
   </div>
   <div class='ocr_carea' id='block_1_23' title="bbox 2266 4030 2275 4174">
    <p class='ocr_par' dir='ltr' id='par_1_28' title="bbox 2266 4030 2275 4174">
     <span class='ocr_line' id='line_1_77' title="bbox 2266 4030 2275 4174; baseline 0 0"><span class='ocrx_word' id='word_1_637' title='bbox 2266 4030 2275 4174; x_wconf 95' lang='lat' dir='ltr'> </span> 
     </span>
    </p>
   </div>
   <div class='ocr_carea' id='block_1_24' title="bbox 2311 3980 3874 4299">
    <p class='ocr_par' dir='ltr' id='par_1_29' title="bbox 2311 3980 3874 4299">
     <span class='ocr_line' id='line_1_78' title="bbox 2311 3980 3874 4063; baseline -0.006 -19"><span class='ocrx_word' id='word_1_638' title='bbox 2311 3988 2402 4043; x_wconf 84' lang='lat' dir='ltr'>sed</span> <span class='ocrx_word' id='word_1_639' title='bbox 2427 3991 2498 4043; x_wconf 85' lang='lat' dir='ltr'>ita</span> <span class='ocrx_word' id='word_1_640' title='bbox 2525 4000 2584 4044; x_wconf 90' lang='lat' dir='ltr'>ut</span> <span class='ocrx_word' id='word_1_641' title='bbox 2611 3988 2708 4044; x_wconf 81' lang='lat' dir='ltr'>alin</span> <span class='ocrx_word' id='word_1_642' title='bbox 2738 4006 2953 4063; x_wconf 86' lang='lat' dir='ltr'>prorsus</span> <span class='ocrx_word' id='word_1_643' title='bbox 2987 4005 3146 4059; x_wconf 83' lang='lat' dir='ltr'>quam</span> <span class='ocrx_word' id='word_1_644' title='bbox 3179 3984 3463 4057; x_wconf 74' lang='lat' dir='ltr'>Dionysius</span> <span class='ocrx_word' id='word_1_645' title='bbox 3483 3980 3712 4039; x_wconf 76' lang='lat' dir='ltr'>efferret.</span> <span class='ocrx_word' id='word_1_646' title='bbox 3759 3984 3874 4037; x_wconf 83' lang='lat' dir='ltr'>Pri-</span> 
     </span>
     <span class='ocr_line' id='line_1_79' title="bbox 2315 4062 3869 4139; baseline -0.005 -16"><span class='ocrx_word' id='word_1_647' title='bbox 2315 4068 2518 4123; x_wconf 84' lang='lat' dir='ltr'>scianus</span> <span class='ocrx_word' id='word_1_648' title='bbox 2540 4069 2768 4124; x_wconf 79' lang='lat' dir='ltr'>correxit</span> <span class='ocrx_word' id='word_1_649' title='bbox 2782 4066 2860 4121; x_wconf 79' lang='lat' dir='ltr'>vel</span> <span class='ocrx_word' id='word_1_650' title='bbox 2869 4066 2982 4139; x_wconf 84' lang='lat' dir='ltr'>jam</span> <span class='ocrx_word' id='word_1_651' title='bbox 3000 4075 3294 4121; x_wconf 86' lang='lat' dir='ltr'>correctum</span> <span class='ocrx_word' id='word_1_652' title='bbox 3314 4062 3382 4117; x_wconf 91' lang='lat' dir='ltr'>ab</span> <span class='ocrx_word' id='word_1_653' title='bbox 3403 4062 3580 4133; x_wconf 87' lang='lat' dir='ltr'>aliquo</span> <span class='ocrx_word' id='word_1_654' title='bbox 3601 4062 3829 4133; x_wconf 87' lang='lat' dir='ltr'>repperit</span> <span class='ocrx_word' id='word_1_655' title='bbox 3854 4078 3869 4116; x_wconf 75' lang='lat' dir='ltr'><strong><em>z</em></strong></span> 
     </span>
     <span class='ocr_line' id='line_1_80' title="bbox 2321 4140 3873 4219; baseline -0.003 -20"><span class='ocrx_word' id='word_1_656' title='bbox 2321 4144 2411 4203; x_wconf 83' lang='grc' dir='ltr'><strong>Ἐκ</strong></span> <span class='ocrx_word' id='word_1_657' title='bbox 2453 4146 2499 4200; x_wconf 82' lang='grc' dir='ltr'>δ’</span> <span class='ocrx_word' id='word_1_658' title='bbox 2541 4146 2698 4219; x_wconf 71' lang='grc' dir='ltr'><strong>οὔρων</strong></span> <span class='ocrx_word' id='word_1_659' title='bbox 2738 4145 2986 4211; x_wconf 72' lang='grc' dir='ltr'><strong>Σικελῶνς</strong></span> <span class='ocrx_word' id='word_1_660' title='bbox 3025 4162 3149 4200; x_wconf 82' lang='lat' dir='ltr'>nam</span> <span class='ocrx_word' id='word_1_661' title='bbox 3179 4144 3334 4198; x_wconf 81' lang='lat' dir='ltr'>vertit</span> <span class='ocrx_word' id='word_1_662' title='bbox 3360 4142 3586 4197; x_wconf 78' lang='lat' dir='ltr'>Finibus</span> <span class='ocrx_word' id='word_1_663' title='bbox 3611 4158 3650 4194; x_wconf 84' lang='lat' dir='ltr'>a</span> <span class='ocrx_word' id='word_1_664' title='bbox 3674 4140 3873 4197; x_wconf 77' lang='lat' dir='ltr'>Siculis</span> 
     </span>
     <span class='ocr_line' id='line_1_81' title="bbox 2315 4219 3874 4299; baseline -0.004 -17"><span class='ocrx_word' id='word_1_665' title='bbox 2315 4230 2566 4284; x_wconf 80' lang='lat' dir='ltr'>Cretoeum</span> <span class='ocrx_word' id='word_1_666' title='bbox 2607 4226 2842 4281; x_wconf 76' lang='lat' dir='ltr'>tenditur</span> <span class='ocrx_word' id='word_1_667' title='bbox 2872 4243 3049 4299; x_wconf 77' lang='lat' dir='ltr'>oequoe·</span> <span class='ocrx_word' id='word_1_668' title='bbox 3079 4224 3253 4292; x_wconf 75' lang='lat' dir='ltr'>(Fines</span> <span class='ocrx_word' id='word_1_669' title='bbox 3299 4239 3426 4276; x_wconf 79' lang='lat' dir='ltr'>vero</span> <span class='ocrx_word' id='word_1_670' title='bbox 3465 4219 3682 4292; x_wconf 66' lang='lat' dir='ltr'>intelligi</span> <span class='ocrx_word' id='word_1_671' title='bbox 3709 4220 3874 4275; x_wconf 84' lang='lat' dir='ltr'>voluit</span> 
     </span>
    </p>
   </div>
   <div class='ocr_carea' id='block_1_25' title="bbox 664 4266 3873 4375">
    <p class='ocr_par' dir='ltr' id='par_1_30' title="bbox 664 4266 3873 4375">
     <span class='ocr_line' id='line_1_82' title="bbox 664 4266 3873 4375; baseline -0.002 -13"><span class='ocrx_word' id='word_1_672' title='bbox 664 4309 851 4353; x_wconf 77' lang='lat' dir='ltr'>tanum</span> <span class='ocrx_word' id='word_1_673' title='bbox 870 4298 1011 4353; x_wconf 73' lang='lat' dir='ltr'>istud</span> <span class='ocrx_word' id='word_1_674' title='bbox 1032 4298 1064 4368; x_wconf 76' lang='grc' dir='ltr'>ἡ</span> <span class='ocrx_word' id='word_1_675' title='bbox 1083 4298 1537 4372; x_wconf 69' lang='lat' dir='ltr'>pen-vulgatissimo</span> <span class='ocrx_word' id='word_1_676' title='bbox 1561 4297 1879 4371; x_wconf 81' lang='lat' dir='ltr'>compendio</span> <span class='ocrx_word' id='word_1_677' title='bbox 1902 4315 2011 4351; x_wconf 65' lang='lat' dir='ltr'>ase</span> <span class='ocrx_word' id='word_1_678' title='bbox 2028 4307 2224 4363; x_wconf 81' lang='lat' dir='ltr'>ortum,</span> <span class='ocrx_word' id='word_1_679' title='bbox 2267 4266 2276 4367; x_wconf 82' lang='lat' dir='ltr'>l</span> <span class='ocrx_word' id='word_1_680' title='bbox 2315 4304 2480 4363; x_wconf 77' lang='lat' dir='ltr'>Siculi</span> <span class='ocrx_word' id='word_1_681' title='bbox 2499 4304 2662 4361; x_wconf 75' lang='lat' dir='ltr'>maris</span> <span class='ocrx_word' id='word_1_682' title='bbox 2681 4316 2732 4359; x_wconf 80' lang='lat' dir='ltr'>et</span> <span class='ocrx_word' id='word_1_683' title='bbox 2759 4304 2993 4375; x_wconf 69' lang='lat' dir='ltr'>eutici).</span> <span class='ocrx_word' id='word_1_684' title='bbox 3025 4300 3186 4373; x_wconf 84' lang='lat' dir='ltr'>Quod</span> <span class='ocrx_word' id='word_1_685' title='bbox 3206 4312 3261 4357; x_wconf 78' lang='lat' dir='ltr'>et</span> <span class='ocrx_word' id='word_1_686' title='bbox 3276 4300 3550 4356; x_wconf 68' lang='lat' dir='ltr'>obscurius</span> <span class='ocrx_word' id='word_1_687' title='bbox 3569 4297 3767 4354; x_wconf 81' lang='lat' dir='ltr'>dietum</span> <span class='ocrx_word' id='word_1_688' title='bbox 3795 4300 3873 4354; x_wconf 83' lang='lat' dir='ltr'>so-</span> 
     </span>
    </p>
   </div>
   <div class='ocr_carea' id='block_1_26' title="bbox 660 4376 2223 4453">
    <p class='ocr_par' dir='ltr' id='par_1_31' title="bbox 660 4376 2223 4453">
     <span class='ocr_line' id='line_1_83' title="bbox 660 4376 2223 4453; baseline 0.003 -21"><span class='ocrx_word' id='word_1_689' title='bbox 660 4378 801 4452; x_wconf 84' lang='lat' dir='ltr'>quod</span> <span class='ocrx_word' id='word_1_690' title='bbox 833 4378 916 4432; x_wconf 77' lang='grc' dir='ltr'><strong>καὶ</strong></span> <span class='ocrx_word' id='word_1_691' title='bbox 941 4389 997 4433; x_wconf 91' lang='lat' dir='ltr'>et</span> <span class='ocrx_word' id='word_1_692' title='bbox 1021 4376 1052 4447; x_wconf 81' lang='grc' dir='ltr'>ἡ</span> <span class='ocrx_word' id='word_1_693' title='bbox 1076 4396 1201 4433; x_wconf 87' lang='lat' dir='ltr'>raro</span> <span class='ocrx_word' id='word_1_694' title='bbox 1229 4378 1357 4433; x_wconf 86' lang='lat' dir='ltr'>sinit</span> <span class='ocrx_word' id='word_1_695' title='bbox 1384 4378 1523 4433; x_wconf 87' lang='lat' dir='ltr'>inter</span> <span class='ocrx_word' id='word_1_696' title='bbox 1546 4396 1601 4432; x_wconf 86' lang='lat' dir='ltr'>se</span> <span class='ocrx_word' id='word_1_697' title='bbox 1644 4376 1892 4433; x_wconf 84' lang='lat' dir='ltr'>discerni.</span> <span class='ocrx_word' id='word_1_698' title='bbox 1926 4402 1950 4426; x_wconf 73' lang='grc' dir='ltr'><strong><em>ι</em></strong></span> <span class='ocrx_word' id='word_1_699' title='bbox 1980 4378 2165 4437; x_wconf 76' lang='lat' dir='ltr'>Bemle.</span> <span class='ocrx_word' id='word_1_700' title='bbox 2200 4380 2223 4453; x_wconf 86' lang='grc' dir='ltr'>ΙΙ</span> 
     </span>
    </p>
   </div>
   <div class='ocr_carea' id='block_1_27' title="bbox 657 4456 2276 4531">
    <p class='ocr_par' dir='ltr' id='par_1_32' title="bbox 657 4456 2276 4531">
     <span class='ocr_line' id='line_1_84' title="bbox 657 4456 2276 4531; baseline 0.002 -20"><span class='ocrx_word' id='word_1_701' title='bbox 657 4488 731 4501; x_wconf 84' lang='lat'>—</span> <span class='ocrx_word' id='word_1_702' title='bbox 744 4476 858 4515; x_wconf 82' lang='lat'>102.</span> <span class='ocrx_word' id='word_1_703' title='bbox 873 4456 1095 4531; x_wconf 83' lang='grc' dir='ltr'><strong>Τυρρηνὴ</strong></span> <span class='ocrx_word' id='word_1_704' title='bbox 1108 4461 1228 4519; x_wconf 84' lang='lat' dir='ltr'>Au‚·</span> <span class='ocrx_word' id='word_1_705' title='bbox 1246 4456 1481 4529; x_wconf 86' lang='grc' dir='ltr'><strong>Τυρσηνίς</strong></span> <span class='ocrx_word' id='word_1_706' title='bbox 1498 4456 1883 4529; x_wconf 65' lang='grc' dir='ltr'><strong>ΔιζςΤυρσηνίς</strong></span> <span class='ocrx_word' id='word_1_707' title='bbox 1898 4476 1963 4511; x_wconf 78' lang='grc' dir='ltr'>ιν.</span> <span class='ocrx_word' id='word_1_708' title='bbox 1984 4458 2227 4515; x_wconf 78' lang='lat' dir='ltr'>ceterum</span> <span class='ocrx_word' id='word_1_709' title='bbox 2269 4494 2276 4515; x_wconf 82' lang='lat' dir='ltr'>t</span> 
     </span>
    </p>
   </div>
   <div class='ocr_carea' id='block_1_28' title="bbox 660 4536 2227 4688">
    <p class='ocr_par' dir='ltr' id='par_1_33' title="bbox 660 4536 2227 4688">
     <span class='ocr_line' id='line_1_85' title="bbox 662 4536 2227 4609; baseline -0.001 -15"><span class='ocrx_word' id='word_1_710' title='bbox 662 4540 740 4594; x_wconf 81' lang='lat' dir='ltr'>bis</span> <span class='ocrx_word' id='word_1_711' title='bbox 773 4539 1057 4593; x_wconf 84' lang='lat' dir='ltr'>verborum</span> <span class='ocrx_word' id='word_1_712' title='bbox 1082 4536 1389 4608; x_wconf 78' lang='lat' dir='ltr'>ambagibus</span> <span class='ocrx_word' id='word_1_713' title='bbox 1428 4536 1561 4592; x_wconf 84' lang='lat' dir='ltr'>nibil</span> <span class='ocrx_word' id='word_1_714' title='bbox 1586 4536 1733 4591; x_wconf 89' lang='lat' dir='ltr'>aliud</span> <span class='ocrx_word' id='word_1_715' title='bbox 1771 4538 2093 4609; x_wconf 75' lang='lat' dir='ltr'>significatur</span> <span class='ocrx_word' id='word_1_716' title='bbox 2126 4539 2227 4594; x_wconf 89' lang='lat' dir='ltr'>nisi</span> 
     </span>
     <span class='ocr_line' id='line_1_86' title="bbox 660 4616 2225 4688; baseline 0.001 -18"><span class='ocrx_word' id='word_1_717' title='bbox 660 4618 989 4688; x_wconf 66' lang='lat' dir='ltr'>Tyrrhenum</span> <span class='ocrx_word' id='word_1_718' title='bbox 1013 4635 1158 4672; x_wconf 87' lang='lat' dir='ltr'>mare</span> <span class='ocrx_word' id='word_1_719' title='bbox 1166 4616 1235 4671; x_wconf 86' lang='lat' dir='ltr'>ab</span> <span class='ocrx_word' id='word_1_720' title='bbox 1242 4635 1448 4685; x_wconf 84' lang='lat' dir='ltr'>occasu,</span> <span class='ocrx_word' id='word_1_721' title='bbox 1460 4616 1697 4671; x_wconf 87' lang='lat' dir='ltr'>Siculum</span> <span class='ocrx_word' id='word_1_722' title='bbox 1709 4634 1740 4673; x_wconf 89' lang='lat' dir='ltr'>a</span> <span class='ocrx_word' id='word_1_723' title='bbox 1752 4616 1993 4685; x_wconf 87' lang='lat' dir='ltr'>meridie,</span> <span class='ocrx_word' id='word_1_724' title='bbox 2009 4616 2225 4673; x_wconf 84' lang='lat' dir='ltr'>Adriam</span> 
     </span>
    </p>
   </div>
   <div class='ocr_carea' id='block_1_29' title="bbox 654 4695 2272 4791">
    <p class='ocr_par' dir='ltr' id='par_1_34' title="bbox 654 4695 2272 4791">
     <span class='ocr_line' id='line_1_87' title="bbox 654 4695 2272 4791; baseline 0.001 -41"><span class='ocrx_word' id='word_1_725' title='bbox 654 4697 725 4751; x_wconf 80' lang='lat' dir='ltr'>ab</span> <span class='ocrx_word' id='word_1_726' title='bbox 742 4706 867 4753; x_wconf 88' lang='lat' dir='ltr'>ortu</span> <span class='ocrx_word' id='word_1_727' title='bbox 886 4715 1017 4755; x_wconf 76' lang='lat' dir='ltr'>esso.</span> <span class='ocrx_word' id='word_1_728' title='bbox 1063 4701 1240 4769; x_wconf 80' lang='lat' dir='ltr'>Atque</span> <span class='ocrx_word' id='word_1_729' title='bbox 1262 4715 1329 4753; x_wconf 88' lang='lat' dir='ltr'>eo</span> <span class='ocrx_word' id='word_1_730' title='bbox 1352 4714 1509 4751; x_wconf 85' lang='lat' dir='ltr'>sensu</span> <span class='ocrx_word' id='word_1_731' title='bbox 1526 4695 1843 4769; x_wconf 72' lang='lat' dir='ltr'>Dionysium</span> <span class='ocrx_word' id='word_1_732' title='bbox 1855 4696 2228 4771; x_wconf 79' lang='lat' dir='ltr'>interpretatur</span> <span class='ocrx_word' id='word_1_733' title='bbox 2264 4735 2272 4791; x_wconf 73' lang='grc' dir='ltr'>Ι</span> 
     </span>
    </p>
   </div>
   <div class='ocr_carea' id='block_1_30' title="bbox 2313 4374 3870 4763">
    <p class='ocr_par' dir='ltr' id='par_1_35' title="bbox 2313 4374 3870 4763">
     <span class='ocr_line' id='line_1_88' title="bbox 2315 4374 3870 4458; baseline -0.006 -19"><span class='ocrx_word' id='word_1_734' title='bbox 2315 4394 2394 4439; x_wconf 80' lang='lat' dir='ltr'>ret</span> <span class='ocrx_word' id='word_1_735' title='bbox 2410 4394 2464 4439; x_wconf 88' lang='lat' dir='ltr'>et</span> <span class='ocrx_word' id='word_1_736' title='bbox 2485 4384 2538 4438; x_wconf 90' lang='lat' dir='ltr'>in</span> <span class='ocrx_word' id='word_1_737' title='bbox 2559 4394 2711 4458; x_wconf 86' lang='lat' dir='ltr'>poeta</span> <span class='ocrx_word' id='word_1_738' title='bbox 2736 4385 3069 4438; x_wconf 79' lang='lat' dir='ltr'>vehementer</span> <span class='ocrx_word' id='word_1_739' title='bbox 3084 4380 3366 4454; x_wconf 70' lang='lat' dir='ltr'>langueret.</span> <span class='ocrx_word' id='word_1_740' title='bbox 3389 4374 3754 4451; x_wconf 79' lang='lat' dir='ltr'>Bernhardyus</span> <span class='ocrx_word' id='word_1_741' title='bbox 3771 4378 3870 4431; x_wconf 89' lang='lat' dir='ltr'>mi·</span> 
     </span>
     <span class='ocr_line' id='line_1_89' title="bbox 2318 4456 3864 4519; baseline -0.003 -2"><span class='ocrx_word' id='word_1_742' title='bbox 2318 4464 2420 4519; x_wconf 86' lang='lat' dir='ltr'>rari</span> <span class='ocrx_word' id='word_1_743' title='bbox 2447 4464 2656 4519; x_wconf 83' lang='lat' dir='ltr'>videtur</span> <span class='ocrx_word' id='word_1_744' title='bbox 2681 4464 2944 4519; x_wconf 87' lang='lat' dir='ltr'>neminem</span> <span class='ocrx_word' id='word_1_745' title='bbox 2961 4462 3062 4517; x_wconf 91' lang='lat' dir='ltr'>loci</span> <span class='ocrx_word' id='word_1_746' title='bbox 3081 4462 3244 4516; x_wconf 86' lang='lat' dir='ltr'>nostri</span> <span class='ocrx_word' id='word_1_747' title='bbox 3263 4461 3520 4516; x_wconf 87' lang='lat' dir='ltr'>rationem</span> <span class='ocrx_word' id='word_1_748' title='bbox 3539 4456 3864 4513; x_wconf 81' lang='lat' dir='ltr'>intellexisse.</span> 
     </span>
     <span class='ocr_line' id='line_1_90' title="bbox 2316 4535 3869 4615; baseline -0.006 -17"><span class='ocrx_word' id='word_1_749' title='bbox 2316 4545 2494 4615; x_wconf 84' lang='lat' dir='ltr'>Ipsum</span> <span class='ocrx_word' id='word_1_750' title='bbox 2518 4544 2562 4597; x_wconf 84' lang='lat' dir='ltr'>si</span> <span class='ocrx_word' id='word_1_751' title='bbox 2585 4542 2794 4611; x_wconf 85' lang='lat' dir='ltr'>audias,</span> <span class='ocrx_word' id='word_1_752' title='bbox 2817 4541 3006 4598; x_wconf 85' lang='lat' dir='ltr'>Cretici</span> <span class='ocrx_word' id='word_1_753' title='bbox 3030 4540 3220 4596; x_wconf 83' lang='lat' dir='ltr'>fluctus</span> <span class='ocrx_word' id='word_1_754' title='bbox 3235 4580 3252 4607; x_wconf 95' lang='lat'>,</span> <span class='ocrx_word' id='word_1_755' title='bbox 3280 4554 3510 4613; x_wconf 86' lang='lat' dir='ltr'>quorum</span> <span class='ocrx_word' id='word_1_756' title='bbox 3548 4546 3603 4591; x_wconf 93' lang='lat' dir='ltr'>et</span> <span class='ocrx_word' id='word_1_757' title='bbox 3639 4535 3869 4607; x_wconf 87' lang='lat' dir='ltr'>recipro-</span> 
     </span>
     <span class='ocr_line' id='line_1_91' title="bbox 2313 4614 3870 4696; baseline -0.005 -21"><span class='ocrx_word' id='word_1_758' title='bbox 2313 4622 2448 4676; x_wconf 83' lang='lat' dir='ltr'>catio</span> <span class='ocrx_word' id='word_1_759' title='bbox 2473 4622 2763 4696; x_wconf 78' lang='lat' dir='ltr'>proverbiis</span> <span class='ocrx_word' id='word_1_760' title='bbox 2789 4620 3071 4684; x_wconf 81' lang='lat' dir='ltr'>terebatur,</span> <span class='ocrx_word' id='word_1_761' title='bbox 3099 4628 3154 4674; x_wconf 90' lang='lat' dir='ltr'>et</span> <span class='ocrx_word' id='word_1_762' title='bbox 3173 4627 3368 4673; x_wconf 84' lang='lat' dir='ltr'>tractus</span> <span class='ocrx_word' id='word_1_763' title='bbox 3389 4632 3512 4669; x_wconf 88' lang='lat' dir='ltr'>cum</span> <span class='ocrx_word' id='word_1_764' title='bbox 3538 4614 3720 4669; x_wconf 81' lang='lat' dir='ltr'>vicinis</span> <span class='ocrx_word' id='word_1_765' title='bbox 3761 4631 3870 4667; x_wconf 84' lang='lat' dir='ltr'>rna·</span> 
     </span>
     <span class='ocr_line' id='line_1_92' title="bbox 2313 4694 3868 4763; baseline -0.004 -10"><span class='ocrx_word' id='word_1_766' title='bbox 2313 4699 2457 4754; x_wconf 87' lang='lat' dir='ltr'>ribus</span> <span class='ocrx_word' id='word_1_767' title='bbox 2499 4698 2748 4756; x_wconf 64' lang='lat' dir='ltr'>contusus</span> <span class='ocrx_word' id='word_1_768' title='bbox 2788 4716 2886 4753; x_wconf 86' lang='lat' dir='ltr'>nec</span> <span class='ocrx_word' id='word_1_769' title='bbox 2921 4706 3160 4753; x_wconf 87' lang='lat' dir='ltr'>accurate</span> <span class='ocrx_word' id='word_1_770' title='bbox 3207 4694 3482 4751; x_wconf 87' lang='lat' dir='ltr'>distinctus</span> <span class='ocrx_word' id='word_1_771' title='bbox 3525 4694 3601 4763; x_wconf 83' lang='grc' dir='ltr'>(ν.</span> <span class='ocrx_word' id='word_1_772' title='bbox 3651 4694 3868 4747; x_wconf 82' lang='lat' dir='ltr'>Meursii</span> 
     </span>
    </p>
   </div>
   <div class='ocr_carea' id='block_1_31' title="bbox 660 4769 3867 4909">
    <p class='ocr_par' dir='ltr' id='par_1_36' title="bbox 660 4769 3867 4909">
     <span class='ocr_line' id='line_1_93' title="bbox 660 4769 3867 4908; baseline -0.002 -80"><span class='ocrx_word' id='word_1_773' title='bbox 660 4776 889 4831; x_wconf 83' lang='lat' dir='ltr'>Avienus</span> <span class='ocrx_word' id='word_1_774' title='bbox 906 4816 923 4843; x_wconf 93' lang='lat'>,</span> <span class='ocrx_word' id='word_1_775' title='bbox 969 4793 1141 4908; x_wconf 50' lang='grc' dir='ltr'><strong>ειειέιιο</strong></span> <span class='ocrx_word' id='word_1_776' title='bbox 1184 4775 1337 4830; x_wconf 84' lang='lat' dir='ltr'>aliam</span> <span class='ocrx_word' id='word_1_777' title='bbox 1402 4775 1886 4848; x_wconf 63' lang='lat' dir='ltr'>interpretationem</span> <span class='ocrx_word' id='word_1_778' title='bbox 1936 4775 2223 4831; x_wconf 81' lang='lat' dir='ltr'>admittunt</span> <span class='ocrx_word' id='word_1_779' title='bbox 2264 4802 2269 4819; x_wconf 93' lang='lat'>·</span> <span class='ocrx_word' id='word_1_780' title='bbox 2311 4778 2481 4834; x_wconf 70' lang='lat' dir='ltr'>Oeta.</span> <span class='ocrx_word' id='word_1_781' title='bbox 2502 4796 2558 4852; x_wconf 88' lang='lat' dir='ltr'>p.</span> <span class='ocrx_word' id='word_1_782' title='bbox 2583 4778 2674 4849; x_wconf 83' lang='lat'>93)</span> <span class='ocrx_word' id='word_1_783' title='bbox 2699 4778 2754 4831; x_wconf 91' lang='lat' dir='ltr'>in</span> <span class='ocrx_word' id='word_1_784' title='bbox 2779 4776 3154 4850; x_wconf 84' lang='lat' dir='ltr'>septentriones</span> <span class='ocrx_word' id='word_1_785' title='bbox 3171 4783 3452 4845; x_wconf 89' lang='lat' dir='ltr'>ortumque</span> <span class='ocrx_word' id='word_1_786' title='bbox 3469 4787 3627 4843; x_wconf 88' lang='lat' dir='ltr'>supra</span> <span class='ocrx_word' id='word_1_787' title='bbox 3644 4769 3867 4824; x_wconf 85' lang='lat' dir='ltr'>insulam</span> 
     </span>
     <span class='ocr_line' id='line_1_94' title="bbox 1024 4876 1045 4909; baseline 0 0"><span class='ocrx_word' id='word_1_788' title='bbox 1024 4876 1045 4909; x_wconf 90' lang='grc' dir='ltr'>ε</span> 
     </span>
    </p>
   </div>
   <div class='ocr_carea' id='block_1_32' title="bbox 657 4852 2221 5007">
    <p class='ocr_par' dir='ltr' id='par_1_37' title="bbox 657 4852 2221 5007">
     <span class='ocr_line' id='line_1_95' title="bbox 658 4852 2221 4929; baseline 0.003 -22"><span class='ocrx_word' id='word_1_789' title='bbox 658 4854 814 4909; x_wconf 79' lang='lat' dir='ltr'>verba</span> <span class='ocrx_word' id='word_1_790' title='bbox 833 4852 1013 4929; x_wconf 70' lang='grc' dir='ltr'><strong>Ἀδριὰς</strong></span> <span class='ocrx_word' id='word_1_791' title='bbox 1082 4873 1187 4928; x_wconf 91' lang='grc' dir='ltr'><strong>ρον.</strong></span> <span class='ocrx_word' id='word_1_792' title='bbox 1208 4854 1411 4909; x_wconf 85' lang='lat' dir='ltr'>Eodem</span> <span class='ocrx_word' id='word_1_793' title='bbox 1430 4853 1595 4910; x_wconf 87' lang='lat' dir='ltr'>modo</span> <span class='ocrx_word' id='word_1_794' title='bbox 1608 4872 1685 4911; x_wconf 84' lang='lat' dir='ltr'>vs.</span> <span class='ocrx_word' id='word_1_795' title='bbox 1701 4857 1801 4921; x_wconf 74' lang='lat'>401</span> <span class='ocrx_word' id='word_1_796' title='bbox 1824 4864 1977 4927; x_wconf 84' lang='lat' dir='ltr'>poeta</span> <span class='ocrx_word' id='word_1_797' title='bbox 1990 4854 2221 4911; x_wconf 84' lang='lat' dir='ltr'>Siculum</span> 
     </span>
     <span class='ocr_line' id='line_1_96' title="bbox 657 4934 2221 5007; baseline 0.001 -19"><span class='ocrx_word' id='word_1_798' title='bbox 657 4950 801 4989; x_wconf 87' lang='lat' dir='ltr'>mare</span> <span class='ocrx_word' id='word_1_799' title='bbox 813 4934 1103 5007; x_wconf 82' lang='lat' dir='ltr'>zephyrum</span> <span class='ocrx_word' id='word_1_800' title='bbox 1124 4944 1358 4999; x_wconf 80' lang='lat' dir='ltr'>ventum,</span> <span class='ocrx_word' id='word_1_801' title='bbox 1380 4934 1613 5005; x_wconf 74' lang='lat' dir='ltr'>AEgaeum</span> <span class='ocrx_word' id='word_1_802' title='bbox 1638 4952 1780 4987; x_wconf 83' lang='lat' dir='ltr'>mare</span> <span class='ocrx_word' id='word_1_803' title='bbox 1795 4950 1983 4987; x_wconf 91' lang='lat' dir='ltr'>eurum</span> <span class='ocrx_word' id='word_1_804' title='bbox 2007 4944 2221 4989; x_wconf 82' lang='lat' dir='ltr'>ventum</span> 
     </span>
    </p>
   </div>
   <div class='ocr_carea' id='block_1_33' title="bbox 658 4986 2267 5119">
    <p class='ocr_par' dir='ltr' id='par_1_38' title="bbox 658 4986 2267 5119">
     <span class='ocr_line' id='line_1_97' title="bbox 658 4986 2267 5119; baseline 0.001 -53"><span class='ocrx_word' id='word_1_805' title='bbox 658 5011 847 5066; x_wconf 87' lang='lat' dir='ltr'>babere</span> <span class='ocrx_word' id='word_1_806' title='bbox 872 5012 1035 5079; x_wconf 89' lang='lat' dir='ltr'>dicit,</span> <span class='ocrx_word' id='word_1_807' title='bbox 1064 5026 1123 5069; x_wconf 87' lang='lat' dir='ltr'>ut</span> <span class='ocrx_word' id='word_1_808' title='bbox 1158 5012 1415 5067; x_wconf 85' lang='lat' dir='ltr'>indicaret</span> <span class='ocrx_word' id='word_1_809' title='bbox 1464 5011 1589 5067; x_wconf 88' lang='lat' dir='ltr'>illud</span> <span class='ocrx_word' id='word_1_810' title='bbox 1629 5012 1697 5065; x_wconf 88' lang='lat' dir='ltr'>ab</span> <span class='ocrx_word' id='word_1_811' title='bbox 1742 5029 1963 5077; x_wconf 82' lang='lat' dir='ltr'>occasu,</span> <span class='ocrx_word' id='word_1_812' title='bbox 2000 5010 2104 5066; x_wconf 83' lang='lat' dir='ltr'>hoc</span> <span class='ocrx_word' id='word_1_813' title='bbox 2147 5013 2215 5067; x_wconf 86' lang='lat' dir='ltr'>ab</span> <span class='ocrx_word' id='word_1_814' title='bbox 2257 4986 2267 5119; x_wconf 63' lang='grc' dir='ltr'><strong><em>Ι</em></strong></span> 
     </span>
    </p>
   </div>
   <div class='ocr_carea' id='block_1_34' title="bbox 656 5090 2217 5327">
    <p class='ocr_par' dir='ltr' id='par_1_39' title="bbox 656 5090 2217 5327">
     <span class='ocr_line' id='line_1_98' title="bbox 656 5090 2217 5160; baseline 0 -15"><span class='ocrx_word' id='word_1_815' title='bbox 656 5100 778 5145; x_wconf 88' lang='lat' dir='ltr'>ortu</span> <span class='ocrx_word' id='word_1_816' title='bbox 800 5092 1057 5147; x_wconf 85' lang='lat' dir='ltr'>Graeeiam</span> <span class='ocrx_word' id='word_1_817' title='bbox 1090 5092 1300 5149; x_wconf 89' lang='lat' dir='ltr'>alluere.</span> <span class='ocrx_word' id='word_1_818' title='bbox 1327 5090 1523 5147; x_wconf 88' lang='lat' dir='ltr'>Similia</span> <span class='ocrx_word' id='word_1_819' title='bbox 1544 5090 1703 5146; x_wconf 72' lang='lat' dir='ltr'>babes</span> <span class='ocrx_word' id='word_1_820' title='bbox 1724 5091 1882 5145; x_wconf 83' lang='lat' dir='ltr'>etiam</span> <span class='ocrx_word' id='word_1_821' title='bbox 1912 5108 1987 5145; x_wconf 79' lang='lat' dir='ltr'>vs.</span> <span class='ocrx_word' id='word_1_822' title='bbox 2016 5091 2123 5160; x_wconf 88' lang='lat'>930</span> <span class='ocrx_word' id='word_1_823' title='bbox 2148 5090 2217 5145; x_wconf 90' lang='lat' dir='ltr'>de</span> 
     </span>
     <span class='ocr_line' id='line_1_99' title="bbox 659 5168 2215 5243; baseline -0.001 -19"><span class='ocrx_word' id='word_1_824' title='bbox 659 5169 883 5225; x_wconf 85' lang='lat' dir='ltr'>Arabico</span> <span class='ocrx_word' id='word_1_825' title='bbox 898 5172 1029 5225; x_wconf 85' lang='lat' dir='ltr'>mari</span> <span class='ocrx_word' id='word_1_826' title='bbox 1042 5182 1093 5225; x_wconf 92' lang='lat' dir='ltr'>et</span> <span class='ocrx_word' id='word_1_827' title='bbox 1111 5173 1339 5235; x_wconf 83' lang='lat' dir='ltr'>Persico,</span> <span class='ocrx_word' id='word_1_828' title='bbox 1361 5188 1589 5243; x_wconf 86' lang='lat' dir='ltr'>quorum</span> <span class='ocrx_word' id='word_1_829' title='bbox 1607 5170 1709 5224; x_wconf 89' lang='lat' dir='ltr'>hoc</span> <span class='ocrx_word' id='word_1_830' title='bbox 1730 5168 1797 5223; x_wconf 89' lang='lat' dir='ltr'>ab</span> <span class='ocrx_word' id='word_1_831' title='bbox 1822 5180 1941 5223; x_wconf 89' lang='lat' dir='ltr'>ortu</span> <span class='ocrx_word' id='word_1_832' title='bbox 1956 5209 1975 5234; x_wconf 89' lang='lat'>,</span> <span class='ocrx_word' id='word_1_833' title='bbox 2000 5168 2129 5223; x_wconf 87' lang='lat' dir='ltr'>illud</span> <span class='ocrx_word' id='word_1_834' title='bbox 2149 5170 2215 5223; x_wconf 81' lang='lat' dir='ltr'>ab</span> 
     </span>
     <span class='ocr_line' id='line_1_100' title="bbox 656 5249 2214 5327; baseline 0.001 -24"><span class='ocrx_word' id='word_1_835' title='bbox 656 5266 839 5327; x_wconf 61' lang='lat' dir='ltr'>ocmsu</span> <span class='ocrx_word' id='word_1_836' title='bbox 882 5250 1129 5306; x_wconf 76' lang='lat' dir='ltr'>Arabiam</span> <span class='ocrx_word' id='word_1_837' title='bbox 1160 5252 1327 5309; x_wconf 83' lang='lat' dir='ltr'>alluit.</span> <span class='ocrx_word' id='word_1_838' title='bbox 1364 5250 1653 5308; x_wconf 81' lang='lat' dir='ltr'>Fluxerunt</span> <span class='ocrx_word' id='word_1_839' title='bbox 1677 5250 1789 5305; x_wconf 79' lang='lat' dir='ltr'>baec</span> <span class='ocrx_word' id='word_1_840' title='bbox 1812 5269 1843 5304; x_wconf 92' lang='lat' dir='ltr'>e</span> <span class='ocrx_word' id='word_1_841' title='bbox 1862 5249 2214 5305; x_wconf 82' lang='lat' dir='ltr'>Timosthenis</span> 
     </span>
    </p>
   </div>
   <div class='ocr_carea' id='block_1_35' title="bbox 2309 4850 3867 5009">
    <p class='ocr_par' dir='ltr' id='par_1_40' title="bbox 2309 4850 3867 5009">
     <span class='ocr_line' id='line_1_101' title="bbox 2310 4850 3867 4929; baseline -0.008 -17"><span class='ocrx_word' id='word_1_842' title='bbox 2310 4854 2554 4912; x_wconf 86' lang='lat' dir='ltr'>tendebat</span> <span class='ocrx_word' id='word_1_843' title='bbox 2570 4897 2587 4924; x_wconf 91' lang='lat'>,</span> <span class='ocrx_word' id='word_1_844' title='bbox 2615 4874 2738 4928; x_wconf 75' lang='lat' dir='ltr'>vaga</span> <span class='ocrx_word' id='word_1_845' title='bbox 2759 4853 2986 4929; x_wconf 84' lang='lat' dir='ltr'>quadam</span> <span class='ocrx_word' id='word_1_846' title='bbox 3012 4853 3222 4919; x_wconf 68' lang='lat' dir='ltr'>Siciliae,</span> <span class='ocrx_word' id='word_1_847' title='bbox 3250 4870 3368 4926; x_wconf 78' lang='lat' dir='ltr'>quae</span> <span class='ocrx_word' id='word_1_848' title='bbox 3393 4850 3654 4905; x_wconf 86' lang='lat' dir='ltr'>montium</span> <span class='ocrx_word' id='word_1_849' title='bbox 3683 4866 3867 4921; x_wconf 86' lang='lat' dir='ltr'>perpe·</span> 
     </span>
     <span class='ocr_line' id='line_1_102' title="bbox 2309 4926 3867 5009; baseline -0.006 -19"><span class='ocrx_word' id='word_1_850' title='bbox 2309 4938 2489 4993; x_wconf 82' lang='lat' dir='ltr'>tuitate</span> <span class='ocrx_word' id='word_1_851' title='bbox 2523 4936 2912 5009; x_wconf 83' lang='lat' dir='ltr'>circumscripta</span> <span class='ocrx_word' id='word_1_852' title='bbox 2948 4946 3026 4990; x_wconf 85' lang='lat' dir='ltr'>est</span> <span class='ocrx_word' id='word_1_853' title='bbox 3068 4946 3122 4990; x_wconf 90' lang='lat' dir='ltr'>et</span> <span class='ocrx_word' id='word_1_854' title='bbox 3157 4931 3366 4988; x_wconf 75' lang='lat' dir='ltr'>suffulta</span> <span class='ocrx_word' id='word_1_855' title='bbox 3385 4972 3402 4998; x_wconf 90' lang='lat'>,</span> <span class='ocrx_word' id='word_1_856' title='bbox 3434 4932 3705 5001; x_wconf 75' lang='lat' dir='ltr'>Cretaeque</span> <span class='ocrx_word' id='word_1_857' title='bbox 3730 4926 3867 4982; x_wconf 82' lang='lat' dir='ltr'>desi-</span> 
     </span>
    </p>
   </div>
   <div class='ocr_carea' id='block_1_36' title="bbox 2301 5008 3869 5319">
    <p class='ocr_par' dir='ltr' id='par_1_41' title="bbox 2301 5008 3869 5319">
     <span class='ocr_line' id='line_1_103' title="bbox 2306 5008 3869 5088; baseline -0.008 -18"><span class='ocrx_word' id='word_1_858' title='bbox 2306 5016 2548 5086; x_wconf 74' lang='lat' dir='ltr'>gnatione</span> <span class='ocrx_word' id='word_1_859' title='bbox 2593 5014 3130 5088; x_wconf 86' lang='lat' dir='ltr'>comprehenduntur.</span> <span class='ocrx_word' id='word_1_860' title='bbox 3173 5014 3300 5082; x_wconf 67' lang='lat' dir='ltr'>Quas</span> <span class='ocrx_word' id='word_1_861' title='bbox 3339 5010 3428 5064; x_wconf 76' lang='lat' dir='ltr'>vix</span> <span class='ocrx_word' id='word_1_862' title='bbox 3467 5008 3711 5079; x_wconf 83' lang='lat' dir='ltr'>cuiquam</span> <span class='ocrx_word' id='word_1_863' title='bbox 3751 5022 3869 5077; x_wconf 85' lang='lat' dir='ltr'>per-</span> 
     </span>
     <span class='ocr_line' id='line_1_104' title="bbox 2305 5085 3866 5167; baseline -0.004 -20"><span class='ocrx_word' id='word_1_864' title='bbox 2305 5094 2554 5160; x_wconf 82' lang='lat' dir='ltr'>suaserit,</span> <span class='ocrx_word' id='word_1_865' title='bbox 2583 5094 2870 5167; x_wconf 67' lang='lat' dir='ltr'>prasertim</span> <span class='ocrx_word' id='word_1_866' title='bbox 2893 5110 3057 5165; x_wconf 87' lang='lat' dir='ltr'>quum</span> <span class='ocrx_word' id='word_1_867' title='bbox 3080 5091 3240 5147; x_wconf 88' lang='lat' dir='ltr'>Siculi</span> <span class='ocrx_word' id='word_1_868' title='bbox 3261 5090 3419 5144; x_wconf 85' lang='lat' dir='ltr'>maris</span> <span class='ocrx_word' id='word_1_869' title='bbox 3447 5088 3698 5142; x_wconf 88' lang='lat' dir='ltr'>terminos</span> <span class='ocrx_word' id='word_1_870' title='bbox 3733 5085 3866 5140; x_wconf 88' lang='lat' dir='ltr'>bene</span> 
     </span>
     <span class='ocr_line' id='line_1_105' title="bbox 2303 5163 3862 5245; baseline -0.007 -19"><span class='ocrx_word' id='word_1_871' title='bbox 2303 5172 2588 5245; x_wconf 79' lang='lat' dir='ltr'>Dionysius</span> <span class='ocrx_word' id='word_1_872' title='bbox 2612 5170 2892 5228; x_wconf 84' lang='lat' dir='ltr'>definierit.</span> <span class='ocrx_word' id='word_1_873' title='bbox 2917 5174 3102 5243; x_wconf 87' lang='lat' dir='ltr'>Itaque</span> <span class='ocrx_word' id='word_1_874' title='bbox 3127 5170 3400 5224; x_wconf 87' lang='lat' dir='ltr'>lectionem</span> <span class='ocrx_word' id='word_1_875' title='bbox 3429 5166 3626 5221; x_wconf 85' lang='lat' dir='ltr'>codicis</span> <span class='ocrx_word' id='word_1_876' title='bbox 3649 5182 3676 5217; x_wconf 88' lang='lat' dir='ltr'>e</span> <span class='ocrx_word' id='word_1_877' title='bbox 3689 5205 3704 5227; x_wconf 90' lang='lat'>‚</span> <span class='ocrx_word' id='word_1_878' title='bbox 3733 5163 3862 5235; x_wconf 76' lang='grc' dir='ltr'>ρόων</span> 
     </span>
     <span class='ocr_line' id='line_1_106' title="bbox 2301 5242 3859 5319; baseline -0.003 -15"><span class='ocrx_word' id='word_1_879' title='bbox 2301 5251 2536 5317; x_wconf 78' lang='grc' dir='ltr'><strong>Σικελῶν,</strong></span> <span class='ocrx_word' id='word_1_880' title='bbox 2571 5252 2880 5319; x_wconf 75' lang='lat' dir='ltr'>fluentorum</span> <span class='ocrx_word' id='word_1_881' title='bbox 2913 5250 3218 5317; x_wconf 79' lang='lat' dir='ltr'>Siculorum,</span> <span class='ocrx_word' id='word_1_882' title='bbox 3237 5251 3276 5305; x_wconf 96' lang='lat' dir='ltr'>i.</span> <span class='ocrx_word' id='word_1_883' title='bbox 3296 5268 3346 5304; x_wconf 88' lang='lat' dir='ltr'>e.</span> <span class='ocrx_word' id='word_1_884' title='bbox 3375 5246 3544 5304; x_wconf 78' lang='lat' dir='ltr'>maris</span> <span class='ocrx_word' id='word_1_885' title='bbox 3569 5242 3738 5302; x_wconf 74' lang='lat' dir='ltr'>Siculi</span> <span class='ocrx_word' id='word_1_886' title='bbox 3767 5242 3859 5317; x_wconf 79' lang='lat' dir='ltr'>(cf.</span> 
     </span>
    </p>
   </div>
   <div class='ocr_carea' id='block_1_37' title="bbox 660 5319 3855 5402">
    <p class='ocr_par' dir='ltr' id='par_1_42' title="bbox 660 5319 3855 5402">
     <span class='ocr_line' id='line_1_107' title="bbox 660 5319 3855 5402; baseline -0.003 -21"><span class='ocrx_word' id='word_1_887' title='bbox 660 5329 881 5397; x_wconf 84' lang='lat' dir='ltr'>ratione,</span> <span class='ocrx_word' id='word_1_888' title='bbox 919 5330 1009 5402; x_wconf 87' lang='lat' dir='ltr'>qui</span> <span class='ocrx_word' id='word_1_889' title='bbox 1058 5331 1219 5385; x_wconf 88' lang='lat' dir='ltr'>situm</span> <span class='ocrx_word' id='word_1_890' title='bbox 1269 5330 1543 5402; x_wconf 70' lang='lat' dir='ltr'>regionum</span> <span class='ocrx_word' id='word_1_891' title='bbox 1590 5340 1865 5384; x_wconf 78' lang='lat' dir='ltr'>ventorum</span> <span class='ocrx_word' id='word_1_892' title='bbox 1908 5328 2209 5383; x_wconf 72' lang='lat' dir='ltr'>nominibus</span> <span class='ocrx_word' id='word_1_893' title='bbox 2301 5348 2374 5387; x_wconf 80' lang='lat' dir='ltr'>vs.</span> <span class='ocrx_word' id='word_1_894' title='bbox 2407 5330 2496 5397; x_wconf 90' lang='grc'>85,</span> <span class='ocrx_word' id='word_1_895' title='bbox 2523 5329 2722 5393; x_wconf 76' lang='grc' dir='ltr'><strong>Σικελὸς</strong></span> <span class='ocrx_word' id='word_1_896' title='bbox 2739 5328 2890 5402; x_wconf 78' lang='grc' dir='ltr'><strong>ῥόος),</strong></span> <span class='ocrx_word' id='word_1_897' title='bbox 2916 5330 3212 5395; x_wconf 79' lang='lat' dir='ltr'>sententiae,</span> <span class='ocrx_word' id='word_1_898' title='bbox 3241 5344 3396 5398; x_wconf 86' lang='lat' dir='ltr'>quam</span> <span class='ocrx_word' id='word_1_899' title='bbox 3431 5324 3575 5379; x_wconf 91' lang='lat' dir='ltr'>locus</span> <span class='ocrx_word' id='word_1_900' title='bbox 3601 5319 3855 5394; x_wconf 88' lang='lat' dir='ltr'>postulat,</span> 
     </span>
    </p>
   </div>
  </div>
 </body>
</html>
