<?xml version="1.0" encoding="UTF-8"?>
<!DOCTYPE html PUBLIC "-//W3C//DTD XHTML 1.0 Transitional//EN"
    "http://www.w3.org/TR/xhtml1/DTD/xhtml1-transitional.dtd">
<html xmlns="http://www.w3.org/1999/xhtml" xml:lang="en" lang="en">
 <head>
  <title>
</title>
<meta http-equiv="Content-Type" content="text/html;charset=utf-8" />
  <meta name='ocr-system' content='tesseract 3.04.00' />
  <meta name='ocr-capabilities' content='ocr_page ocr_carea ocr_par ocr_line ocrx_word'/>
</head>
<body>
  <div class='ocr_page' id='page_1' title='image "./geographigraeci05mlgoog_0084.png"; bbox 0 0 4584 6284; ppageno 0'>
   <div class='ocr_carea' id='block_1_1' title="bbox 644 501 714 552">
    <p class='ocr_par' dir='ltr' id='par_1_1' title="bbox 644 501 714 552">
     <span class='ocr_line' id='line_1_1' title="bbox 644 501 714 552; baseline 0.014 -1"><span class='ocrx_word' id='word_1_1' title='bbox 644 501 714 552; x_wconf 82' lang='lat'>¹0</span> 
     </span>
    </p>
   </div>
   <div class='ocr_carea' id='block_1_2' title="bbox 627 614 2195 2070">
    <p class='ocr_par' dir='ltr' id='par_1_2' title="bbox 627 614 2195 1558">
     <span class='ocr_line' id='line_1_2' title="bbox 631 614 2184 689; baseline -0.005 -13"><span class='ocrx_word' id='word_1_2' title='bbox 631 621 722 676; x_wconf 87' lang='lat' dir='ltr'>tici</span> <span class='ocrx_word' id='word_1_3' title='bbox 749 619 922 674; x_wconf 77' lang='lat' dir='ltr'>fauces</span> <span class='ocrx_word' id='word_1_4' title='bbox 942 629 1219 689; x_wconf 79' lang='lat' dir='ltr'>angustas,</span> <span class='ocrx_word' id='word_1_5' title='bbox 1243 617 1494 688; x_wconf 88' lang='lat' dir='ltr'>utrinque</span> <span class='ocrx_word' id='word_1_6' title='bbox 1518 626 1732 688; x_wconf 87' lang='lat' dir='ltr'>portum</span> <span class='ocrx_word' id='word_1_7' title='bbox 1760 614 2038 681; x_wconf 77' lang='lat' dir='ltr'>habentes,</span> <span class='ocrx_word' id='word_1_8' title='bbox 2059 615 2184 669; x_wconf 90' lang='lat' dir='ltr'>olim</span> 
     </span>
     <span class='ocr_line' id='line_1_3' title="bbox 629 698 2188 774; baseline -0.004 -13"><span class='ocrx_word' id='word_1_9' title='bbox 629 706 826 761; x_wconf 88' lang='lat' dir='ltr'>catenis</span> <span class='ocrx_word' id='word_1_10' title='bbox 863 703 1036 758; x_wconf 89' lang='lat' dir='ltr'>claudi</span> <span class='ocrx_word' id='word_1_11' title='bbox 1078 703 1289 773; x_wconf 85' lang='lat' dir='ltr'>solitas,</span> <span class='ocrx_word' id='word_1_12' title='bbox 1322 719 1442 774; x_wconf 75' lang='lat' dir='ltr'>quae</span> <span class='ocrx_word' id='word_1_13' title='bbox 1479 719 1648 773; x_wconf 85' lang='lat' dir='ltr'>usque</span> <span class='ocrx_word' id='word_1_14' title='bbox 1683 698 1750 754; x_wconf 89' lang='lat' dir='ltr'>ad</span> <span class='ocrx_word' id='word_1_15' title='bbox 1790 700 1936 754; x_wconf 85' lang='lat' dir='ltr'>hunc</span> <span class='ocrx_word' id='word_1_16' title='bbox 1967 698 2148 755; x_wconf 86' lang='lat' dir='ltr'>diem</span> <span class='ocrx_word' id='word_1_17' title='bbox 2133 718 2188 754; x_wconf 84' lang='grc' dir='ltr'>ιιι</span> 
     </span>
     <span class='ocr_line' id='line_1_4' title="bbox 627 785 2190 860; baseline -0.004 -12"><span class='ocrx_word' id='word_1_18' title='bbox 627 809 750 848; x_wconf 81' lang='lat' dir='ltr'>arce</span> <span class='ocrx_word' id='word_1_19' title='bbox 771 789 879 846; x_wconf 84' lang='lat' dir='ltr'>sani</span> <span class='ocrx_word' id='word_1_20' title='bbox 903 789 1117 846; x_wconf 75' lang='lat' dir='ltr'>Asiatici</span> <span class='ocrx_word' id='word_1_21' title='bbox 1135 788 1331 842; x_wconf 83' lang='lat' dir='ltr'>servari</span> <span class='ocrx_word' id='word_1_22' title='bbox 1349 785 1624 852; x_wconf 86' lang='lat' dir='ltr'>dicuntur,</span> <span class='ocrx_word' id='word_1_23' title='bbox 1635 785 1782 858; x_wconf 87' lang='lat' dir='ltr'>quod</span> <span class='ocrx_word' id='word_1_24' title='bbox 1799 785 1954 840; x_wconf 84' lang='lat' dir='ltr'>distat</span> <span class='ocrx_word' id='word_1_25' title='bbox 1970 805 2000 840; x_wconf 88' lang='lat' dir='ltr'>a</span> <span class='ocrx_word' id='word_1_26' title='bbox 2023 787 2190 860; x_wconf 87' lang='lat' dir='ltr'>pharo</span> 
     </span>
     <span class='ocr_line' id='line_1_5' title="bbox 630 872 2192 951; baseline -0.004 -16"><span class='ocrx_word' id='word_1_27' title='bbox 630 877 791 951; x_wconf 85' lang='lat' dir='ltr'>hujus</span> <span class='ocrx_word' id='word_1_28' title='bbox 837 877 1003 934; x_wconf 68' lang='lat' dir='ltr'>aetatis</span> <span class='ocrx_word' id='word_1_29' title='bbox 1044 874 1390 949; x_wconf 80' lang='lat' dir='ltr'>quadraginta</span> <span class='ocrx_word' id='word_1_30' title='bbox 1425 872 1622 940; x_wconf 84' lang='lat' dir='ltr'>stadia,</span> <span class='ocrx_word' id='word_1_31' title='bbox 1652 874 1739 928; x_wconf 91' lang='lat' dir='ltr'>cui</span> <span class='ocrx_word' id='word_1_32' title='bbox 1771 874 1963 928; x_wconf 84' lang='lat' dir='ltr'>vicinas</span> <span class='ocrx_word' id='word_1_33' title='bbox 1997 873 2192 928; x_wconf 87' lang='lat' dir='ltr'>insulas</span> 
     </span>
     <span class='ocr_line' id='line_1_6' title="bbox 633 961 2194 1041; baseline -0.003 -20"><span class='ocrx_word' id='word_1_34' title='bbox 633 968 869 1041; x_wconf 85' lang='lat' dir='ltr'>Cyaneas</span> <span class='ocrx_word' id='word_1_35' title='bbox 899 963 1040 1019; x_wconf 84' lang='lat' dir='ltr'>inl’ra</span> <span class='ocrx_word' id='word_1_36' title='bbox 1085 961 1381 1019; x_wconf 84' lang='lat' dir='ltr'>ostendam.</span> <span class='ocrx_word' id='word_1_37' title='bbox 1411 964 1494 1017; x_wconf 84' lang='lat' dir='ltr'>Ex</span> <span class='ocrx_word' id='word_1_38' title='bbox 1521 962 1714 1035; x_wconf 87' lang='lat' dir='ltr'>quibus</span> <span class='ocrx_word' id='word_1_39' title='bbox 1746 961 1949 1036; x_wconf 85' lang='lat' dir='ltr'>plenius</span> <span class='ocrx_word' id='word_1_40' title='bbox 1977 961 2194 1034; x_wconf 82' lang='lat' dir='ltr'>liquebit</span> 
     </span>
     <span class='ocr_line' id='line_1_7' title="bbox 634 1046 2190 1123; baseline -0.004 -15"><span class='ocrx_word' id='word_1_41' title='bbox 634 1054 841 1108; x_wconf 89' lang='lat' dir='ltr'>Fanum</span> <span class='ocrx_word' id='word_1_42' title='bbox 859 1049 1022 1106; x_wconf 87' lang='lat' dir='ltr'>hodie</span> <span class='ocrx_word' id='word_1_43' title='bbox 1045 1057 1410 1123; x_wconf 82' lang='lat' dir='ltr'>nuncupatum</span> <span class='ocrx_word' id='word_1_44' title='bbox 1427 1066 1539 1104; x_wconf 85' lang='lat' dir='ltr'>esse</span> <span class='ocrx_word' id='word_1_45' title='bbox 1561 1048 1689 1104; x_wconf 89' lang='lat' dir='ltr'>illud</span> <span class='ocrx_word' id='word_1_46' title='bbox 1715 1050 1858 1103; x_wconf 78' lang='lat' dir='ltr'>Jovis</span> <span class='ocrx_word' id='word_1_47' title='bbox 1875 1049 1990 1102; x_wconf 88' lang='lat' dir='ltr'>Urii</span> <span class='ocrx_word' id='word_1_48' title='bbox 2013 1046 2190 1102; x_wconf 87' lang='lat' dir='ltr'>sanum</span> 
     </span>
     <span class='ocr_line' id='line_1_8' title="bbox 631 1132 2192 1210; baseline -0.004 -16"><span class='ocrx_word' id='word_1_49' title='bbox 631 1138 1098 1210; x_wconf 85' lang='lat' dir='ltr'>antiquissimum,</span> <span class='ocrx_word' id='word_1_50' title='bbox 1137 1133 1283 1208; x_wconf 88' lang='lat' dir='ltr'>quod</span> <span class='ocrx_word' id='word_1_51' title='bbox 1316 1133 1598 1207; x_wconf 89' lang='lat' dir='ltr'>Polybius,</span> <span class='ocrx_word' id='word_1_52' title='bbox 1627 1132 1957 1197; x_wconf 85' lang='lat' dir='ltr'>Herodotus,</span> <span class='ocrx_word' id='word_1_53' title='bbox 1987 1135 2192 1206; x_wconf 82' lang='lat' dir='ltr'>Menip-</span> 
     </span>
     <span class='ocr_line' id='line_1_9' title="bbox 636 1219 2195 1299; baseline -0.003 -20"><span class='ocrx_word' id='word_1_54' title='bbox 636 1243 738 1299; x_wconf 89' lang='lat' dir='ltr'>pus</span> <span class='ocrx_word' id='word_1_55' title='bbox 768 1233 1068 1296; x_wconf 87' lang='lat' dir='ltr'>posuerunt</span> <span class='ocrx_word' id='word_1_56' title='bbox 1085 1221 1244 1277; x_wconf 79' lang='lat' dir='ltr'>finem</span> <span class='ocrx_word' id='word_1_57' title='bbox 1265 1221 1508 1294; x_wconf 81' lang='lat' dir='ltr'>Bospori.</span> <span class='ocrx_word' id='word_1_58' title='bbox 1582 1223 1732 1290; x_wconf 82' lang='lat' dir='ltr'>Quos</span> <span class='ocrx_word' id='word_1_59' title='bbox 1748 1221 1914 1274; x_wconf 83' lang='lat' dir='ltr'>miror</span> <span class='ocrx_word' id='word_1_60' title='bbox 1933 1237 2038 1274; x_wconf 90' lang='lat' dir='ltr'>non</span> <span class='ocrx_word' id='word_1_61' title='bbox 2067 1219 2195 1274; x_wconf 85' lang='lat' dir='ltr'>ulte-</span> 
     </span>
     <span class='ocr_line' id='line_1_10' title="bbox 636 1304 2192 1381; baseline -0.003 -16"><span class='ocrx_word' id='word_1_62' title='bbox 636 1312 750 1365; x_wconf 80' lang='lat' dir='ltr'>rius</span> <span class='ocrx_word' id='word_1_63' title='bbox 787 1309 1027 1381; x_wconf 88' lang='lat' dir='ltr'>posuisse</span> <span class='ocrx_word' id='word_1_64' title='bbox 1062 1306 1243 1362; x_wconf 85' lang='lat' dir='ltr'>saltem</span> <span class='ocrx_word' id='word_1_65' title='bbox 1275 1305 1386 1360; x_wconf 85' lang='lat' dir='ltr'>duo</span> <span class='ocrx_word' id='word_1_66' title='bbox 1426 1306 1681 1373; x_wconf 86' lang='lat' dir='ltr'>miliaria,</span> <span class='ocrx_word' id='word_1_67' title='bbox 1710 1323 1876 1378; x_wconf 86' lang='lat' dir='ltr'>usque</span> <span class='ocrx_word' id='word_1_68' title='bbox 1915 1304 1982 1359; x_wconf 86' lang='lat' dir='ltr'>ad</span> <span class='ocrx_word' id='word_1_69' title='bbox 2019 1307 2192 1360; x_wconf 89' lang='lat' dir='ltr'>sinum</span> 
     </span>
     <span class='ocr_line' id='line_1_11' title="bbox 637 1392 2189 1467; baseline -0.003 -16"><span class='ocrx_word' id='word_1_70' title='bbox 637 1398 765 1451; x_wconf 86' lang='lat' dir='ltr'>Dios</span> <span class='ocrx_word' id='word_1_71' title='bbox 787 1397 943 1450; x_wconf 88' lang='lat' dir='ltr'>Sacra</span> <span class='ocrx_word' id='word_1_72' title='bbox 964 1393 1313 1467; x_wconf 88' lang='lat' dir='ltr'>appellatum,</span> <span class='ocrx_word' id='word_1_73' title='bbox 1350 1410 1459 1465; x_wconf 89' lang='lat' dir='ltr'>quo</span> <span class='ocrx_word' id='word_1_74' title='bbox 1485 1410 1654 1466; x_wconf 87' lang='lat' dir='ltr'>usque</span> <span class='ocrx_word' id='word_1_75' title='bbox 1681 1392 1874 1447; x_wconf 89' lang='lat' dir='ltr'>canalis</span> <span class='ocrx_word' id='word_1_76' title='bbox 1903 1393 2189 1466; x_wconf 88' lang='lat' dir='ltr'>Bosporius</span> 
     </span>
     <span class='ocr_line' id='line_1_12' title="bbox 634 1479 2188 1558; baseline -0.002 -20"><span class='ocrx_word' id='word_1_77' title='bbox 634 1485 807 1558; x_wconf 84' lang='lat' dir='ltr'>pergit</span> <span class='ocrx_word' id='word_1_78' title='bbox 837 1491 1121 1554; x_wconf 84' lang='lat' dir='ltr'>angustus,</span> <span class='ocrx_word' id='word_1_79' title='bbox 1147 1479 1240 1535; x_wconf 90' lang='lat' dir='ltr'>ubi</span> <span class='ocrx_word' id='word_1_80' title='bbox 1277 1499 1383 1536; x_wconf 89' lang='lat' dir='ltr'>non</span> <span class='ocrx_word' id='word_1_81' title='bbox 1430 1482 1598 1536; x_wconf 88' lang='lat' dir='ltr'>multo</span> <span class='ocrx_word' id='word_1_82' title='bbox 1629 1481 1784 1536; x_wconf 89' lang='lat' dir='ltr'>latior</span> <span class='ocrx_word' id='word_1_83' title='bbox 1816 1498 1972 1553; x_wconf 91' lang='lat' dir='ltr'>quam</span> <span class='ocrx_word' id='word_1_84' title='bbox 1999 1479 2066 1534; x_wconf 88' lang='lat' dir='ltr'>ad</span> <span class='ocrx_word' id='word_1_85' title='bbox 2093 1500 2188 1536; x_wconf 88' lang='lat' dir='ltr'>an·</span> 
     </span>
    </p>

    <p class='ocr_par' dir='ltr' id='par_1_3' title="bbox 633 1566 2192 1814">
     <span class='ocr_line' id='line_1_13' title="bbox 639 1566 2192 1641; baseline -0.002 -18"><span class='ocrx_word' id='word_1_86' title='bbox 639 1570 836 1641; x_wconf 81' lang='lat' dir='ltr'>gustias</span> <span class='ocrx_word' id='word_1_87' title='bbox 875 1568 1036 1634; x_wconf 88' lang='lat' dir='ltr'>Fani,</span> <span class='ocrx_word' id='word_1_88' title='bbox 1061 1585 1228 1640; x_wconf 87' lang='lat' dir='ltr'>quum</span> <span class='ocrx_word' id='word_1_89' title='bbox 1267 1567 1423 1621; x_wconf 88' lang='lat' dir='ltr'>etiam</span> <span class='ocrx_word' id='word_1_90' title='bbox 1459 1569 1653 1622; x_wconf 86' lang='lat' dir='ltr'>rectius</span> <span class='ocrx_word' id='word_1_91' title='bbox 1678 1567 1835 1621; x_wconf 86' lang='lat' dir='ltr'>finem</span> <span class='ocrx_word' id='word_1_92' title='bbox 1869 1567 2088 1640; x_wconf 79' lang='lat' dir='ltr'>Bospori</span> <span class='ocrx_word' id='word_1_93' title='bbox 2124 1566 2192 1621; x_wconf 88' lang='lat' dir='ltr'>ad</span> 
     </span>
     <span class='ocr_line' id='line_1_14' title="bbox 638 1607 2192 1727; baseline -0.003 -17"><span class='ocrx_word' id='word_1_94' title='bbox 638 1657 872 1727; x_wconf 87' lang='lat' dir='ltr'>Cyaneas</span> <span class='ocrx_word' id='word_1_95' title='bbox 895 1607 1088 1708; x_wconf 79' lang='lat' dir='ltr'>insulas</span> <span class='ocrx_word' id='word_1_96' title='bbox 1111 1653 1438 1726; x_wconf 85' lang='lat' dir='ltr'>posuissent,</span> <span class='ocrx_word' id='word_1_97' title='bbox 1461 1664 1521 1708; x_wconf 87' lang='lat' dir='ltr'>ut</span> <span class='ocrx_word' id='word_1_98' title='bbox 1545 1653 1826 1726; x_wconf 79' lang='lat' dir='ltr'>Dionysius</span> <span class='ocrx_word' id='word_1_99' title='bbox 1845 1653 2122 1724; x_wconf 74' lang='lat' dir='ltr'>Byzantius</span> <span class='ocrx_word' id='word_1_100' title='bbox 2139 1663 2192 1706; x_wconf 89' lang='lat' dir='ltr'>et</span> 
     </span>
     <span class='ocr_line' id='line_1_15' title="bbox 633 1737 2189 1814; baseline -0.001 -20"><span class='ocrx_word' id='word_1_101' title='bbox 633 1740 725 1795; x_wconf 86' lang='lat' dir='ltr'>alii</span> <span class='ocrx_word' id='word_1_102' title='bbox 749 1739 1007 1814; x_wconf 82' lang='lat' dir='ltr'>plerique.</span> <span class='ocrx_word' id='word_1_103' title='bbox 1037 1741 1185 1793; x_wconf 83' lang='lat' dir='ltr'>Inter</span> <span class='ocrx_word' id='word_1_104' title='bbox 1201 1755 1334 1811; x_wconf 84' lang='lat' dir='ltr'>quos</span> <span class='ocrx_word' id='word_1_105' title='bbox 1359 1737 1547 1794; x_wconf 86' lang='lat' dir='ltr'>Strabo</span> <span class='ocrx_word' id='word_1_106' title='bbox 1569 1743 1659 1812; x_wconf 89' lang='lat' dir='ltr'>(p.</span> <span class='ocrx_word' id='word_1_107' title='bbox 1690 1738 1864 1808; x_wconf 80' lang='lat'>320).</span> <span class='ocrx_word' id='word_1_108' title='bbox 1892 1739 2189 1810; x_wconf 73' lang='lat' dir='ltr'>··,CJaneae</span> 
     </span>
    </p>

    <p class='ocr_par' dir='ltr' id='par_1_4' title="bbox 635 1822 2187 1899">
     <span class='ocr_line' id='line_1_16' title="bbox 635 1822 2187 1899; baseline -0.003 -17"><span class='ocrx_word' id='word_1_109' title='bbox 635 1825 842 1899; x_wconf 71' lang='lat' dir='ltr'>inquit,</span> <span class='ocrx_word' id='word_1_110' title='bbox 871 1827 929 1880; x_wconf 90' lang='lat' dir='ltr'>in</span> <span class='ocrx_word' id='word_1_111' title='bbox 956 1842 1050 1880; x_wconf 84' lang='lat' dir='ltr'>ore</span> <span class='ocrx_word' id='word_1_112' title='bbox 1075 1825 1232 1881; x_wconf 88' lang='lat' dir='ltr'>Ponti</span> <span class='ocrx_word' id='word_1_113' title='bbox 1256 1825 1369 1879; x_wconf 71' lang='lat' dir='ltr'>sitae</span> <span class='ocrx_word' id='word_1_114' title='bbox 1390 1822 1511 1878; x_wconf 61' lang='lat' dir='ltr'>duat</span> <span class='ocrx_word' id='word_1_115' title='bbox 1535 1841 1800 1899; x_wconf 81' lang='lat' dir='ltr'>perparvae</span> <span class='ocrx_word' id='word_1_116' title='bbox 1821 1833 1945 1878; x_wconf 86' lang='lat' dir='ltr'>sunt</span> <span class='ocrx_word' id='word_1_117' title='bbox 1977 1824 2187 1889; x_wconf 69' lang='lat' dir='ltr'>insule,</span> 
     </span>
    </p>

    <p class='ocr_par' dir='ltr' id='par_1_5' title="bbox 635 1911 2192 2070">
     <span class='ocr_line' id='line_1_17' title="bbox 635 1911 2192 1988; baseline -0.003 -18"><span class='ocrx_word' id='word_1_118' title='bbox 635 1916 866 1988; x_wconf 76' lang='lat' dir='ltr'>quarum</span> <span class='ocrx_word' id='word_1_119' title='bbox 884 1911 1044 1969; x_wconf 85' lang='lat' dir='ltr'>altera</span> <span class='ocrx_word' id='word_1_120' title='bbox 1060 1915 1286 1986; x_wconf 69' lang='lat' dir='ltr'>Europae</span> <span class='ocrx_word' id='word_1_121' title='bbox 1301 1913 1625 1987; x_wconf 88' lang='lat' dir='ltr'>propinqua,</span> <span class='ocrx_word' id='word_1_122' title='bbox 1651 1913 1809 1968; x_wconf 86' lang='lat' dir='ltr'>altera</span> <span class='ocrx_word' id='word_1_123' title='bbox 1827 1912 1992 1978; x_wconf 78' lang='lat' dir='ltr'>Asiae,</span> <span class='ocrx_word' id='word_1_124' title='bbox 2015 1911 2192 1966; x_wconf 79' lang='lat' dir='ltr'>divisoe</span> 
     </span>
     <span class='ocr_line' id='line_1_18' title="bbox 639 1997 2189 2070; baseline -0.003 -14"><span class='ocrx_word' id='word_1_125' title='bbox 639 2003 780 2056; x_wconf 88' lang='lat' dir='ltr'>inter</span> <span class='ocrx_word' id='word_1_126' title='bbox 803 2018 860 2056; x_wconf 86' lang='lat' dir='ltr'>se</span> <span class='ocrx_word' id='word_1_127' title='bbox 887 1998 1022 2054; x_wconf 77' lang='lat' dir='ltr'>freto</span> <span class='ocrx_word' id='word_1_128' title='bbox 1046 1999 1152 2054; x_wconf 85' lang='lat' dir='ltr'>lato</span> <span class='ocrx_word' id='word_1_129' title='bbox 1175 1999 1356 2070; x_wconf 78' lang='lat' dir='ltr'>viginti</span> <span class='ocrx_word' id='word_1_130' title='bbox 1383 1997 1625 2058; x_wconf 80' lang='lat' dir='ltr'>stadia.»</span> <span class='ocrx_word' id='word_1_131' title='bbox 1654 1999 1756 2053; x_wconf 91' lang='lat' dir='ltr'>Cui</span> <span class='ocrx_word' id='word_1_132' title='bbox 1781 1999 2040 2052; x_wconf 74' lang='lat' dir='ltr'>consentit</span> <span class='ocrx_word' id='word_1_133' title='bbox 2060 1999 2189 2052; x_wconf 92' lang='lat' dir='ltr'>Dio-</span> 
     </span>
    </p>
   </div>
   <div class='ocr_carea' id='block_1_3' title="bbox 624 2088 2197 3806">
    <p class='ocr_par' dir='ltr' id='par_1_6' title="bbox 624 2088 2197 3806">
     <span class='ocr_line' id='line_1_19' title="bbox 637 2088 2189 2165; baseline -0.002 -19"><span class='ocrx_word' id='word_1_134' title='bbox 637 2093 820 2165; x_wconf 87' lang='lat' dir='ltr'>nysius</span> <span class='ocrx_word' id='word_1_135' title='bbox 833 2091 979 2146; x_wconf 88' lang='lat' dir='ltr'>orbis</span> <span class='ocrx_word' id='word_1_136' title='bbox 1005 2101 1156 2146; x_wconf 77' lang='lat' dir='ltr'>terrae</span> <span class='ocrx_word' id='word_1_137' title='bbox 1173 2091 1417 2164; x_wconf 78' lang='lat' dir='ltr'>scriptor.</span> <span class='ocrx_word' id='word_1_138' title='bbox 1489 2088 1592 2146; x_wconf 85' lang='lat' dir='ltr'>Sed</span> <span class='ocrx_word' id='word_1_139' title='bbox 1618 2091 1730 2144; x_wconf 85' lang='lat' dir='ltr'>sive</span> <span class='ocrx_word' id='word_1_140' title='bbox 1742 2090 1961 2164; x_wconf 77' lang='lat' dir='ltr'>Bospori</span> <span class='ocrx_word' id='word_1_141' title='bbox 1978 2089 2189 2145; x_wconf 87' lang='lat' dir='ltr'>initium</span> 
     </span>
     <span class='ocr_line' id='line_1_20' title="bbox 640 2175 2181 2252; baseline -0.001 -20"><span class='ocrx_word' id='word_1_142' title='bbox 640 2181 710 2233; x_wconf 89' lang='lat' dir='ltr'>sit</span> <span class='ocrx_word' id='word_1_143' title='bbox 737 2197 771 2234; x_wconf 91' lang='lat' dir='ltr'>a</span> <span class='ocrx_word' id='word_1_144' title='bbox 796 2178 1018 2252; x_wconf 79' lang='lat' dir='ltr'>Cyaneis</span> <span class='ocrx_word' id='word_1_145' title='bbox 1053 2177 1271 2246; x_wconf 83' lang='lat' dir='ltr'>insulis,</span> <span class='ocrx_word' id='word_1_146' title='bbox 1297 2179 1406 2232; x_wconf 82' lang='lat' dir='ltr'>sive</span> <span class='ocrx_word' id='word_1_147' title='bbox 1438 2195 1472 2232; x_wconf 91' lang='lat' dir='ltr'>a</span> <span class='ocrx_word' id='word_1_148' title='bbox 1508 2177 1630 2233; x_wconf 77' lang='lat' dir='ltr'>sano</span> <span class='ocrx_word' id='word_1_149' title='bbox 1671 2178 1846 2244; x_wconf 74' lang='lat' dir='ltr'>sevis,</span> <span class='ocrx_word' id='word_1_150' title='bbox 1882 2175 2181 2249; x_wconf 73' lang='lat' dir='ltr'>longitudo,</span> 
     </span>
     <span class='ocr_line' id='line_1_21' title="bbox 643 2263 2186 2338; baseline -0.001 -18"><span class='ocrx_word' id='word_1_151' title='bbox 643 2283 804 2338; x_wconf 88' lang='lat' dir='ltr'>quam</span> <span class='ocrx_word' id='word_1_152' title='bbox 832 2266 1020 2322; x_wconf 88' lang='lat' dir='ltr'>Strabo</span> <span class='ocrx_word' id='word_1_153' title='bbox 1047 2266 1287 2322; x_wconf 73' lang='lat' dir='ltr'>attribuit</span> <span class='ocrx_word' id='word_1_154' title='bbox 1306 2268 1576 2338; x_wconf 77' lang='lat' dir='ltr'>Bosporo,</span> <span class='ocrx_word' id='word_1_155' title='bbox 1607 2263 1844 2320; x_wconf 85' lang='lat' dir='ltr'>dissentit</span> <span class='ocrx_word' id='word_1_156' title='bbox 1862 2263 1930 2319; x_wconf 90' lang='lat' dir='ltr'>ab</span> <span class='ocrx_word' id='word_1_157' title='bbox 1962 2265 2186 2320; x_wconf 88' lang='lat' dir='ltr'>aliorum</span> 
     </span>
     <span class='ocr_line' id='line_1_22' title="bbox 637 2350 2184 2424; baseline -0.001 -18"><span class='ocrx_word' id='word_1_158' title='bbox 637 2351 999 2424; x_wconf 85' lang='lat' dir='ltr'>longitudine,</span> <span class='ocrx_word' id='word_1_159' title='bbox 1037 2370 1161 2407; x_wconf 89' lang='lat' dir='ltr'>nam</span> <span class='ocrx_word' id='word_1_160' title='bbox 1193 2353 1236 2406; x_wconf 85' lang='lat' dir='ltr'>si</span> <span class='ocrx_word' id='word_1_161' title='bbox 1277 2352 1488 2407; x_wconf 86' lang='lat' dir='ltr'>initium</span> <span class='ocrx_word' id='word_1_162' title='bbox 1533 2353 1602 2406; x_wconf 89' lang='lat' dir='ltr'>sit</span> <span class='ocrx_word' id='word_1_163' title='bbox 1643 2369 1677 2406; x_wconf 91' lang='lat' dir='ltr'>a</span> <span class='ocrx_word' id='word_1_164' title='bbox 1719 2352 1936 2423; x_wconf 86' lang='lat' dir='ltr'>Cyaneis</span> <span class='ocrx_word' id='word_1_165' title='bbox 1975 2350 2184 2414; x_wconf 81' lang='lat' dir='ltr'>insulis,</span> 
     </span>
     <span class='ocr_line' id='line_1_23' title="bbox 632 2436 2186 2521; baseline -0.002 -27"><span class='ocrx_word' id='word_1_166' title='bbox 632 2457 766 2513; x_wconf 88' lang='lat' dir='ltr'>quas</span> <span class='ocrx_word' id='word_1_167' title='bbox 791 2439 981 2521; x_wconf 86' lang='lat' dir='ltr'>Strabo</span> <span class='ocrx_word' id='word_1_168' title='bbox 1020 2439 1150 2494; x_wconf 85' lang='lat' dir='ltr'>dicit</span> <span class='ocrx_word' id='word_1_169' title='bbox 1175 2437 1370 2493; x_wconf 86' lang='lat' dir='ltr'>distare</span> <span class='ocrx_word' id='word_1_170' title='bbox 1410 2457 1443 2493; x_wconf 89' lang='lat' dir='ltr'>a</span> <span class='ocrx_word' id='word_1_171' title='bbox 1469 2440 1615 2494; x_wconf 89' lang='lat' dir='ltr'>Fano</span> <span class='ocrx_word' id='word_1_172' title='bbox 1643 2439 1824 2510; x_wconf 84' lang='lat' dir='ltr'>viginti</span> <span class='ocrx_word' id='word_1_173' title='bbox 1847 2436 2041 2504; x_wconf 86' lang='lat' dir='ltr'>stadia,</span> <span class='ocrx_word' id='word_1_174' title='bbox 2079 2455 2186 2492; x_wconf 89' lang='lat' dir='ltr'>non</span> 
     </span>
     <span class='ocr_line' id='line_1_24' title="bbox 637 2516 2187 2596; baseline -0.001 -16"><span class='ocrx_word' id='word_1_175' title='bbox 637 2526 886 2581; x_wconf 79' lang='lat' dir='ltr'>convenit</span> <span class='ocrx_word' id='word_1_176' title='bbox 906 2516 1029 2580; x_wconf 84' lang='lat' dir='ltr'>cum</span> <span class='ocrx_word' id='word_1_177' title='bbox 1051 2525 1275 2582; x_wconf 80' lang='lat' dir='ltr'>Arriano</span> <span class='ocrx_word' id='word_1_178' title='bbox 1297 2542 1468 2596; x_wconf 85' lang='lat' dir='ltr'>neque</span> <span class='ocrx_word' id='word_1_179' title='bbox 1494 2541 1616 2579; x_wconf 90' lang='lat' dir='ltr'>cum</span> <span class='ocrx_word' id='word_1_180' title='bbox 1643 2522 1995 2595; x_wconf 86' lang='lat' dir='ltr'>meojudicio.</span> <span class='ocrx_word' id='word_1_181' title='bbox 2066 2523 2187 2578; x_wconf 86' lang='lat' dir='ltr'>Illas</span> 
     </span>
     <span class='ocr_line' id='line_1_25' title="bbox 631 2607 2184 2682; baseline -0.003 -15"><span class='ocrx_word' id='word_1_182' title='bbox 631 2613 774 2667; x_wconf 87' lang='lat' dir='ltr'>enim</span> <span class='ocrx_word' id='word_1_183' title='bbox 795 2611 1050 2668; x_wconf 80' lang='lat' dir='ltr'>Arrianus</span> <span class='ocrx_word' id='word_1_184' title='bbox 1063 2608 1193 2665; x_wconf 88' lang='lat' dir='ltr'>dicit</span> <span class='ocrx_word' id='word_1_185' title='bbox 1207 2610 1400 2666; x_wconf 87' lang='lat' dir='ltr'>distare</span> <span class='ocrx_word' id='word_1_186' title='bbox 1418 2608 1758 2682; x_wconf 80' lang='lat' dir='ltr'>quadraginta</span> <span class='ocrx_word' id='word_1_187' title='bbox 1775 2607 1939 2663; x_wconf 82' lang='lat' dir='ltr'>stadia</span> <span class='ocrx_word' id='word_1_188' title='bbox 1958 2628 1989 2665; x_wconf 93' lang='lat' dir='ltr'>a</span> <span class='ocrx_word' id='word_1_189' title='bbox 2009 2611 2184 2664; x_wconf 84' lang='lat' dir='ltr'>Fano.</span> 
     </span>
     <span class='ocr_line' id='line_1_26' title="bbox 631 2693 2188 2772; baseline -0.001 -20"><span class='ocrx_word' id='word_1_190' title='bbox 631 2717 662 2753; x_wconf 90' lang='lat' dir='ltr'>a</span> <span class='ocrx_word' id='word_1_191' title='bbox 689 2717 800 2772; x_wconf 89' lang='lat' dir='ltr'>quo</span> <span class='ocrx_word' id='word_1_192' title='bbox 825 2699 870 2751; x_wconf 84' lang='lat' dir='ltr'>si</span> <span class='ocrx_word' id='word_1_193' title='bbox 901 2699 1165 2770; x_wconf 80' lang='lat' dir='ltr'>Bosporus</span> <span class='ocrx_word' id='word_1_194' title='bbox 1203 2696 1419 2770; x_wconf 86' lang='lat' dir='ltr'>incipit,</span> <span class='ocrx_word' id='word_1_195' title='bbox 1463 2695 1734 2752; x_wconf 74' lang='lat' dir='ltr'>Strabonis</span> <span class='ocrx_word' id='word_1_196' title='bbox 1774 2711 2015 2750; x_wconf 86' lang='lat' dir='ltr'>mensura</span> <span class='ocrx_word' id='word_1_197' title='bbox 2046 2693 2188 2767; x_wconf 85' lang='lat' dir='ltr'>justa</span> 
     </span>
     <span class='ocr_line' id='line_1_27' title="bbox 629 2781 2190 2857; baseline 0 -19"><span class='ocrx_word' id='word_1_198' title='bbox 629 2803 743 2839; x_wconf 88' lang='lat' dir='ltr'>non</span> <span class='ocrx_word' id='word_1_199' title='bbox 759 2795 870 2850; x_wconf 87' lang='lat' dir='ltr'>est;</span> <span class='ocrx_word' id='word_1_200' title='bbox 891 2801 1049 2856; x_wconf 87' lang='lat' dir='ltr'>quam</span> <span class='ocrx_word' id='word_1_201' title='bbox 1063 2784 1211 2857; x_wconf 88' lang='lat' dir='ltr'>ponit</span> <span class='ocrx_word' id='word_1_202' title='bbox 1231 2784 1333 2836; x_wconf 89' lang='lat' dir='ltr'>hoc</span> <span class='ocrx_word' id='word_1_203' title='bbox 1356 2781 1556 2838; x_wconf 90' lang='lat' dir='ltr'>modo:</span> <span class='ocrx_word' id='word_1_204' title='bbox 1581 2784 1780 2848; x_wconf 77' lang='lat' dir='ltr'>«Cum,</span> <span class='ocrx_word' id='word_1_205' title='bbox 1803 2783 1992 2855; x_wconf 88' lang='lat' dir='ltr'>inquit,</span> <span class='ocrx_word' id='word_1_206' title='bbox 2014 2801 2078 2838; x_wconf 82' lang='lat' dir='ltr'>ex</span> <span class='ocrx_word' id='word_1_207' title='bbox 2095 2802 2190 2838; x_wconf 86' lang='lat' dir='ltr'>an·</span> 
     </span>
     <span class='ocr_line' id='line_1_28' title="bbox 625 2869 2191 2942; baseline 0.001 -17"><span class='ocrx_word' id='word_1_208' title='bbox 625 2872 926 2942; x_wconf 81' lang='lat' dir='ltr'>gustissimo</span> <span class='ocrx_word' id='word_1_209' title='bbox 956 2870 1092 2925; x_wconf 80' lang='lat' dir='ltr'>freto</span> <span class='ocrx_word' id='word_1_210' title='bbox 1118 2869 1449 2926; x_wconf 88' lang='lat' dir='ltr'>intercidenti</span> <span class='ocrx_word' id='word_1_211' title='bbox 1475 2871 1614 2926; x_wconf 89' lang='lat' dir='ltr'>inter</span> <span class='ocrx_word' id='word_1_212' title='bbox 1647 2869 1758 2925; x_wconf 85' lang='lat' dir='ltr'>duo</span> <span class='ocrx_word' id='word_1_213' title='bbox 1783 2872 1922 2926; x_wconf 84' lang='lat' dir='ltr'>Fana</span> <span class='ocrx_word' id='word_1_214' title='bbox 1946 2870 2004 2942; x_wconf 77' lang='lat'>[⁸</span> <span class='ocrx_word' id='word_1_215' title='bbox 1982 2889 2191 2927; x_wconf 76' lang='lat' dir='ltr'>immo.-</span> 
     </span>
     <span class='ocr_line' id='line_1_29' title="bbox 631 2955 2193 3030; baseline 0.001 -17"><span class='ocrx_word' id='word_1_216' title='bbox 631 2959 770 3014; x_wconf 91' lang='lat' dir='ltr'>Cum</span> <span class='ocrx_word' id='word_1_217' title='bbox 793 2976 824 3012; x_wconf 86' lang='lat' dir='ltr'>a</span> <span class='ocrx_word' id='word_1_218' title='bbox 855 2957 1050 3030; x_wconf 86' lang='lat' dir='ltr'>Fanis]</span> <span class='ocrx_word' id='word_1_219' title='bbox 1079 2957 1392 3030; x_wconf 85' lang='lat' dir='ltr'>processeris</span> <span class='ocrx_word' id='word_1_220' title='bbox 1424 2955 1609 3014; x_wconf 87' lang='lat' dir='ltr'>decem</span> <span class='ocrx_word' id='word_1_221' title='bbox 1632 2956 1826 3024; x_wconf 88' lang='lat' dir='ltr'>stadia,</span> <span class='ocrx_word' id='word_1_222' title='bbox 1846 2956 2056 3013; x_wconf 81' lang='lat' dir='ltr'>obviam</span> <span class='ocrx_word' id='word_1_223' title='bbox 2081 2977 2193 3014; x_wconf 84' lang='lat' dir='ltr'>sese</span> 
     </span>
     <span class='ocr_line' id='line_1_30' title="bbox 624 3042 2194 3117; baseline -0.001 -16"><span class='ocrx_word' id='word_1_224' title='bbox 624 3042 783 3101; x_wconf 78' lang='lat' dir='ltr'>offert</span> <span class='ocrx_word' id='word_1_225' title='bbox 831 3042 1026 3098; x_wconf 79' lang='lat' dir='ltr'>fretum</span> <span class='ocrx_word' id='word_1_226' title='bbox 1063 3053 1337 3098; x_wconf 87' lang='lat' dir='ltr'>coarctans</span> <span class='ocrx_word' id='word_1_227' title='bbox 1367 3044 1589 3116; x_wconf 81' lang='lat' dir='ltr'>Bospori</span> <span class='ocrx_word' id='word_1_228' title='bbox 1633 3042 1804 3098; x_wconf 73' lang='lat' dir='ltr'>fauces</span> <span class='ocrx_word' id='word_1_229' title='bbox 1854 3045 1912 3098; x_wconf 88' lang='lat' dir='ltr'>in</span> <span class='ocrx_word' id='word_1_230' title='bbox 1957 3046 2194 3117; x_wconf 89' lang='lat' dir='ltr'>quinque</span> 
     </span>
     <span class='ocr_line' id='line_1_31' title="bbox 625 3128 2193 3202; baseline 0 -18"><span class='ocrx_word' id='word_1_231' title='bbox 625 3128 826 3195; x_wconf 88' lang='lat' dir='ltr'>stadia;</span> <span class='ocrx_word' id='word_1_232' title='bbox 854 3153 878 3176; x_wconf 74' lang='lat' dir='ltr'>n</span> <span class='ocrx_word' id='word_1_233' title='bbox 915 3146 1040 3182; x_wconf 91' lang='lat' dir='ltr'>cum</span> <span class='ocrx_word' id='word_1_234' title='bbox 1066 3128 1136 3184; x_wconf 88' lang='lat' dir='ltr'>ab</span> <span class='ocrx_word' id='word_1_235' title='bbox 1158 3129 1412 3200; x_wconf 82' lang='lat' dir='ltr'>angustiis</span> <span class='ocrx_word' id='word_1_236' title='bbox 1432 3130 1704 3184; x_wconf 81' lang='lat' dir='ltr'>Fanorum</span> <span class='ocrx_word' id='word_1_237' title='bbox 1728 3129 1798 3184; x_wconf 88' lang='lat' dir='ltr'>ad</span> <span class='ocrx_word' id='word_1_238' title='bbox 1821 3129 2005 3184; x_wconf 78' lang='lat' dir='ltr'>altem</span> <span class='ocrx_word' id='word_1_239' title='bbox 2029 3149 2193 3202; x_wconf 80' lang='lat' dir='ltr'>angu-</span> 
     </span>
     <span class='ocr_line' id='line_1_32' title="bbox 624 3211 2197 3287; baseline 0 -18"><span class='ocrx_word' id='word_1_240' title='bbox 624 3215 777 3278; x_wconf 86' lang='lat' dir='ltr'>stias,</span> <span class='ocrx_word' id='word_1_241' title='bbox 800 3231 920 3285; x_wconf 69' lang='lat' dir='ltr'>quae</span> <span class='ocrx_word' id='word_1_242' title='bbox 937 3225 1062 3268; x_wconf 86' lang='lat' dir='ltr'>sunt</span> <span class='ocrx_word' id='word_1_243' title='bbox 1079 3211 1147 3268; x_wconf 84' lang='lat' dir='ltr'>ad</span> <span class='ocrx_word' id='word_1_244' title='bbox 1170 3214 1475 3268; x_wconf 76' lang='lat' dir='ltr'>Hermaeum</span> <span class='ocrx_word' id='word_1_245' title='bbox 1501 3216 1949 3287; x_wconf 84' lang='lat' dir='ltr'>promontorium,</span> <span class='ocrx_word' id='word_1_246' title='bbox 1971 3217 2075 3270; x_wconf 86' lang='lat' dir='ltr'>sint</span> <span class='ocrx_word' id='word_1_247' title='bbox 2091 3233 2197 3269; x_wconf 86' lang='lat' dir='ltr'>am-</span> 
     </span>
     <span class='ocr_line' id='line_1_33' title="bbox 627 3298 2191 3375; baseline 0.005 -21"><span class='ocrx_word' id='word_1_248' title='bbox 627 3301 766 3373; x_wconf 85' lang='lat' dir='ltr'>plius</span> <span class='ocrx_word' id='word_1_249' title='bbox 787 3301 1172 3373; x_wconf 72' lang='lat' dir='ltr'>quinquaginta</span> <span class='ocrx_word' id='word_1_250' title='bbox 1197 3299 1392 3367; x_wconf 85' lang='lat' dir='ltr'>stadia,</span> <span class='ocrx_word' id='word_1_251' title='bbox 1425 3298 1481 3354; x_wconf 86' lang='lat' dir='ltr'>id</span> <span class='ocrx_word' id='word_1_252' title='bbox 1504 3299 1696 3373; x_wconf 90' lang='lat' dir='ltr'>quod&#39;</span> <span class='ocrx_word' id='word_1_253' title='bbox 1680 3319 1790 3375; x_wconf 76' lang='lat' dir='ltr'>ipse</span> <span class='ocrx_word' id='word_1_254' title='bbox 1815 3319 2026 3356; x_wconf 84' lang='lat' dir='ltr'>mensus</span> <span class='ocrx_word' id='word_1_255' title='bbox 2050 3321 2191 3369; x_wconf 84' lang='lat' dir='ltr'>snm,</span> 
     </span>
     <span class='ocr_line' id='line_1_34' title="bbox 630 3385 2196 3462; baseline 0.003 -22"><span class='ocrx_word' id='word_1_256' title='bbox 630 3397 686 3441; x_wconf 90' lang='lat' dir='ltr'>et</span> <span class='ocrx_word' id='word_1_257' title='bbox 735 3385 1037 3441; x_wconf 85' lang='lat' dir='ltr'>Herodotus</span> <span class='ocrx_word' id='word_1_258' title='bbox 1081 3385 1376 3441; x_wconf 83' lang='lat' dir='ltr'>confirmat.</span> <span class='ocrx_word' id='word_1_259' title='bbox 1457 3389 1742 3453; x_wconf 75' lang='lat' dir='ltr'>«Darius,</span> <span class='ocrx_word' id='word_1_260' title='bbox 1783 3389 1988 3460; x_wconf 86' lang='lat' dir='ltr'>inquit,</span> <span class='ocrx_word' id='word_1_261' title='bbox 2033 3400 2196 3462; x_wconf 88' lang='lat' dir='ltr'>ponte</span> 
     </span>
     <span class='ocr_line' id='line_1_35' title="bbox 631 3469 2195 3545; baseline 0.003 -19"><span class='ocrx_word' id='word_1_262' title='bbox 631 3473 858 3544; x_wconf 86' lang='lat' dir='ltr'>Bospori</span> <span class='ocrx_word' id='word_1_263' title='bbox 872 3471 1150 3527; x_wconf 80' lang='lat' dir='ltr'>transitum</span> <span class='ocrx_word' id='word_1_264' title='bbox 1165 3469 1440 3544; x_wconf 84' lang='lat' dir='ltr'>conjunxit</span> <span class='ocrx_word' id='word_1_265' title='bbox 1451 3473 1519 3526; x_wconf 90' lang='lat' dir='ltr'>ad</span> <span class='ocrx_word' id='word_1_266' title='bbox 1534 3491 1657 3527; x_wconf 87' lang='lat' dir='ltr'>cum</span> <span class='ocrx_word' id='word_1_267' title='bbox 1673 3472 1868 3538; x_wconf 89' lang='lat' dir='ltr'>locum,</span> <span class='ocrx_word' id='word_1_268' title='bbox 1888 3475 1980 3545; x_wconf 87' lang='lat' dir='ltr'>qui</span> <span class='ocrx_word' id='word_1_269' title='bbox 1999 3484 2076 3530; x_wconf 85' lang='lat' dir='ltr'>est</span> <span class='ocrx_word' id='word_1_270' title='bbox 2084 3493 2195 3530; x_wconf 88' lang='lat' dir='ltr'>me·</span> 
     </span>
     <span class='ocr_line' id='line_1_36' title="bbox 637 3558 2196 3634; baseline 0.002 -21"><span class='ocrx_word' id='word_1_271' title='bbox 637 3558 759 3613; x_wconf 89' lang='lat' dir='ltr'>dius</span> <span class='ocrx_word' id='word_1_272' title='bbox 785 3559 924 3614; x_wconf 88' lang='lat' dir='ltr'>inter</span> <span class='ocrx_word' id='word_1_273' title='bbox 940 3559 1146 3613; x_wconf 90' lang='lat' dir='ltr'>Fanum</span> <span class='ocrx_word' id='word_1_274' title='bbox 1163 3570 1218 3614; x_wconf 90' lang='lat' dir='ltr'>et</span> <span class='ocrx_word' id='word_1_275' title='bbox 1233 3558 1606 3632; x_wconf 75' lang='lat' dir='ltr'>Byzantium.</span> <span class='ocrx_word' id='word_1_276' title='bbox 1580 3561 1930 3632; x_wconf 74' lang='lat' dir='ltr'>»Locumque</span> <span class='ocrx_word' id='word_1_277' title='bbox 1953 3560 2043 3615; x_wconf 90' lang='lat' dir='ltr'>ubi</span> <span class='ocrx_word' id='word_1_278' title='bbox 2061 3580 2196 3634; x_wconf 89' lang='lat' dir='ltr'>pons</span> 
     </span>
     <span class='ocr_line' id='line_1_37' title="bbox 631 3643 2196 3721; baseline 0.004 -23"><span class='ocrx_word' id='word_1_279' title='bbox 631 3643 852 3716; x_wconf 84' lang='lat' dir='ltr'>junctus</span> <span class='ocrx_word' id='word_1_280' title='bbox 901 3659 980 3700; x_wconf 89' lang='lat' dir='ltr'>est</span> <span class='ocrx_word' id='word_1_281' title='bbox 1028 3645 1346 3700; x_wconf 87' lang='lat' dir='ltr'>continuatis</span> <span class='ocrx_word' id='word_1_282' title='bbox 1403 3646 1654 3710; x_wconf 82' lang='lat' dir='ltr'>navibus,</span> <span class='ocrx_word' id='word_1_283' title='bbox 1690 3646 1935 3719; x_wconf 79' lang='lat' dir='ltr'>Polybius</span> <span class='ocrx_word' id='word_1_284' title='bbox 1978 3648 2196 3721; x_wconf 86' lang='lat' dir='ltr'>appellat</span> 
     </span>
     <span class='ocr_line' id='line_1_38' title="bbox 634 3730 2186 3806; baseline 0.001 -20"><span class='ocrx_word' id='word_1_285' title='bbox 634 3733 938 3787; x_wconf 71' lang='lat' dir='ltr'>Hermaeum</span> <span class='ocrx_word' id='word_1_286' title='bbox 962 3733 1420 3804; x_wconf 84' lang='lat' dir='ltr'>promontorium,</span> <span class='ocrx_word' id='word_1_287' title='bbox 1441 3749 1475 3786; x_wconf 91' lang='lat' dir='ltr'>a</span> <span class='ocrx_word' id='word_1_288' title='bbox 1502 3750 1611 3805; x_wconf 87' lang='lat' dir='ltr'>quo</span> <span class='ocrx_word' id='word_1_289' title='bbox 1636 3750 1801 3806; x_wconf 87' lang='lat' dir='ltr'>usque</span> <span class='ocrx_word' id='word_1_290' title='bbox 1816 3730 1884 3786; x_wconf 89' lang='lat' dir='ltr'>ad</span> <span class='ocrx_word' id='word_1_291' title='bbox 1909 3735 2186 3805; x_wconf 89' lang='lat' dir='ltr'>Byzantio·</span> 
     </span>
    </p>
   </div>
   <div class='ocr_carea' id='block_1_4' title="bbox 633 3910 2213 5405">
    <p class='ocr_par' dir='ltr' id='par_1_7' title="bbox 635 3910 2195 4063">
     <span class='ocr_line' id='line_1_39' title="bbox 705 3910 2195 3986; baseline 0.001 -18"><span class='ocrx_word' id='word_1_292' title='bbox 705 3916 762 3976; x_wconf 77' lang='grc'>4.</span> <span class='ocrx_word' id='word_1_293' title='bbox 805 3911 1085 3985; x_wconf 72' lang='lat' dir='ltr'>Triginta]</span> <span class='ocrx_word' id='word_1_294' title='bbox 1124 3915 1258 3968; x_wconf 88' lang='lat' dir='ltr'>Sunt</span> <span class='ocrx_word' id='word_1_295' title='bbox 1295 3931 1455 3986; x_wconf 88' lang='lat' dir='ltr'>supra</span> <span class='ocrx_word' id='word_1_296' title='bbox 1493 3910 1853 3986; x_wconf 81' lang='lat' dir='ltr'>qnadraginta.</span> <span class='ocrx_word' id='word_1_297' title='bbox 1888 3943 1963 3954; x_wconf 90' lang='lat'>—</span> <span class='ocrx_word' id='word_1_298' title='bbox 1993 3913 2195 3969; x_wconf 79' lang='lat' dir='ltr'>excedit</span> 
     </span>
     <span class='ocr_line' id='line_1_40' title="bbox 635 3989 1894 4063; baseline -0.001 -17"><span class='ocrx_word' id='word_1_299' title='bbox 635 3990 880 4062; x_wconf 74' lang='lat' dir='ltr'>miliare]</span> <span class='ocrx_word' id='word_1_300' title='bbox 907 3992 1001 4044; x_wconf 84' lang='lat' dir='ltr'>Est</span> <span class='ocrx_word' id='word_1_301' title='bbox 1026 3991 1234 4045; x_wconf 85' lang='lat' dir='ltr'>circiter</span> <span class='ocrx_word' id='word_1_302' title='bbox 1257 3989 1560 4063; x_wconf 89' lang='lat' dir='ltr'>quindecim</span> <span class='ocrx_word' id='word_1_303' title='bbox 1586 3991 1894 4046; x_wconf 88' lang='lat' dir='ltr'>stadiorum.</span> 
     </span>
    </p>

    <p class='ocr_par' dir='ltr' id='par_1_8' title="bbox 633 4067 2204 5405">
     <span class='ocr_line' id='line_1_41' title="bbox 707 4067 2195 4141; baseline 0.001 -19"><span class='ocrx_word' id='word_1_304' title='bbox 707 4067 760 4124; x_wconf 98' lang='grc'>5.</span> <span class='ocrx_word' id='word_1_305' title='bbox 796 4069 863 4122; x_wconf 88' lang='lat' dir='ltr'>In</span> <span class='ocrx_word' id='word_1_306' title='bbox 902 4067 1058 4123; x_wconf 85' lang='lat' dir='ltr'>Plinii</span> <span class='ocrx_word' id='word_1_307' title='bbox 1084 4068 1203 4124; x_wconf 90' lang='lat' dir='ltr'>loco</span> <span class='ocrx_word' id='word_1_308' title='bbox 1231 4069 1540 4124; x_wconf 83' lang='lat' dir='ltr'>alterutrum</span> <span class='ocrx_word' id='word_1_309' title='bbox 1581 4086 1862 4124; x_wconf 87' lang='lat' dir='ltr'>numerum</span> <span class='ocrx_word' id='word_1_310' title='bbox 1890 4081 2195 4141; x_wconf 88' lang='lat' dir='ltr'>corruptum</span> 
     </span>
     <span class='ocr_line' id='line_1_42' title="bbox 633 4145 2197 4219; baseline 0 -17"><span class='ocrx_word' id='word_1_311' title='bbox 633 4164 748 4202; x_wconf 85' lang='lat' dir='ltr'>esse</span> <span class='ocrx_word' id='word_1_312' title='bbox 771 4157 933 4219; x_wconf 85' lang='lat' dir='ltr'>patet.</span> <span class='ocrx_word' id='word_1_313' title='bbox 963 4148 1032 4200; x_wconf 91' lang='lat' dir='ltr'>Et</span> <span class='ocrx_word' id='word_1_314' title='bbox 1054 4165 1220 4219; x_wconf 89' lang='lat' dir='ltr'>quum</span> <span class='ocrx_word' id='word_1_315' title='bbox 1239 4147 1378 4201; x_wconf 87' lang='lat' dir='ltr'>inter</span> <span class='ocrx_word' id='word_1_316' title='bbox 1397 4145 1532 4202; x_wconf 85' lang='lat' dir='ltr'>duas</span> <span class='ocrx_word' id='word_1_317' title='bbox 1563 4147 1674 4202; x_wconf 84' lang='lat' dir='ltr'>illas</span> <span class='ocrx_word' id='word_1_318' title='bbox 1697 4149 1916 4219; x_wconf 88' lang='lat' dir='ltr'>Bospori</span> <span class='ocrx_word' id='word_1_319' title='bbox 1937 4149 2197 4218; x_wconf 85' lang='lat' dir='ltr'>angustias</span> 
     </span>
     <span class='ocr_line' id='line_1_43' title="bbox 634 4223 2195 4318; baseline 0.001 -39"><span class='ocrx_word' id='word_1_320' title='bbox 634 4241 746 4279; x_wconf 84' lang='lat' dir='ltr'>esse</span> <span class='ocrx_word' id='word_1_321' title='bbox 785 4223 1032 4278; x_wconf 85' lang='lat' dir='ltr'>dicantur</span> <span class='ocrx_word' id='word_1_322' title='bbox 1054 4227 1194 4296; x_wconf 83' lang='lat'><strong>8750</strong></span> <span class='ocrx_word' id='word_1_323' title='bbox 1232 4243 1413 4318; x_wconf 75' lang='lat' dir='ltr'>passus</span> <span class='ocrx_word' id='word_1_324' title='bbox 1439 4225 1551 4281; x_wconf 80' lang='lat' dir='ltr'>sive</span> <span class='ocrx_word' id='word_1_325' title='bbox 1585 4244 1655 4297; x_wconf 89' lang='lat'>70</span> <span class='ocrx_word' id='word_1_326' title='bbox 1693 4225 1884 4292; x_wconf 89' lang='lat' dir='ltr'>stadia,</span> <span class='ocrx_word' id='word_1_327' title='bbox 1913 4243 2076 4299; x_wconf 88' lang='lat' dir='ltr'>eaque</span> <span class='ocrx_word' id='word_1_328' title='bbox 2110 4226 2195 4280; x_wconf 88' lang='lat' dir='ltr'>di·</span> 
     </span>
     <span class='ocr_line' id='line_1_44' title="bbox 633 4301 2197 4376; baseline 0.002 -20"><span class='ocrx_word' id='word_1_329' title='bbox 633 4302 822 4357; x_wconf 88' lang='lat' dir='ltr'>stantia</span> <span class='ocrx_word' id='word_1_330' title='bbox 842 4302 1042 4373; x_wconf 88' lang='lat' dir='ltr'>optime</span> <span class='ocrx_word' id='word_1_331' title='bbox 1075 4301 1266 4358; x_wconf 88' lang='lat' dir='ltr'>cadat</span> <span class='ocrx_word' id='word_1_332' title='bbox 1249 4321 1306 4357; x_wconf 84' lang='grc' dir='ltr'>ιιι</span> <span class='ocrx_word' id='word_1_333' title='bbox 1333 4303 1659 4358; x_wconf 74' lang='lat' dir='ltr'>intervallum</span> <span class='ocrx_word' id='word_1_334' title='bbox 1687 4302 1832 4376; x_wconf 88' lang='lat' dir='ltr'>quod</span> <span class='ocrx_word' id='word_1_335' title='bbox 1863 4314 1942 4357; x_wconf 89' lang='lat' dir='ltr'>est</span> <span class='ocrx_word' id='word_1_336' title='bbox 1973 4303 2040 4358; x_wconf 87' lang='lat' dir='ltr'>ab</span> <span class='ocrx_word' id='word_1_337' title='bbox 2065 4306 2197 4359; x_wconf 82' lang='lat' dir='ltr'>Her-</span> 
     </span>
     <span class='ocr_line' id='line_1_45' title="bbox 638 4379 2195 4473; baseline 0.002 -38"><span class='ocrx_word' id='word_1_338' title='bbox 638 4398 772 4437; x_wconf 81' lang='lat' dir='ltr'>maeo</span> <span class='ocrx_word' id='word_1_339' title='bbox 793 4379 862 4436; x_wconf 87' lang='lat' dir='ltr'>ad</span> <span class='ocrx_word' id='word_1_340' title='bbox 887 4382 1016 4436; x_wconf 81' lang='lat' dir='ltr'>Fani</span> <span class='ocrx_word' id='word_1_341' title='bbox 1043 4383 1510 4454; x_wconf 83' lang='lat' dir='ltr'>promontorium·</span> <span class='ocrx_word' id='word_1_342' title='bbox 1538 4385 1642 4438; x_wconf 88' lang='lat' dir='ltr'>hoc</span> <span class='ocrx_word' id='word_1_343' title='bbox 1675 4401 1888 4473; x_wconf 80' lang='lat' dir='ltr'>quoque</span> <span class='ocrx_word' id='word_1_344' title='bbox 1910 4382 2074 4456; x_wconf 88' lang='lat' dir='ltr'>liquet</span> <span class='ocrx_word' id='word_1_345' title='bbox 2097 4403 2195 4438; x_wconf 90' lang='lat' dir='ltr'>nu-</span> 
     </span>
     <span class='ocr_line' id='line_1_46' title="bbox 638 4460 2213 4536; baseline 0.001 -20"><span class='ocrx_word' id='word_1_346' title='bbox 638 4479 846 4516; x_wconf 87' lang='lat' dir='ltr'>merum</span> <span class='ocrx_word' id='word_1_347' title='bbox 869 4460 1015 4515; x_wconf 89' lang='lat' dir='ltr'>hunc</span> <span class='ocrx_word' id='word_1_348' title='bbox 1045 4463 1307 4533; x_wconf 85' lang='lat' dir='ltr'>integrum</span> <span class='ocrx_word' id='word_1_349' title='bbox 1335 4480 1464 4529; x_wconf 73' lang='lat' dir='ltr'>esse,</span> <span class='ocrx_word' id='word_1_350' title='bbox 1496 4461 1719 4535; x_wconf 89' lang='lat' dir='ltr'>ideoque</span> <span class='ocrx_word' id='word_1_351' title='bbox 1745 4463 1954 4536; x_wconf 82' lang='lat' dir='ltr'>primas</span> <span class='ocrx_word' id='word_1_352' title='bbox 1971 4461 2160 4533; x_wconf 78' lang='lat' dir='ltr'>fauces</span> <span class='ocrx_word' id='word_1_353' title='bbox 2176 4505 2213 4528; x_wconf 87' lang='lat'>,</span> 
     </span>
     <span class='ocr_line' id='line_1_47' title="bbox 643 4539 2194 4632; baseline 0 -36"><span class='ocrx_word' id='word_1_354' title='bbox 643 4543 756 4614; x_wconf 85' lang='lat' dir='ltr'>ipsa</span> <span class='ocrx_word' id='word_1_355' title='bbox 790 4541 946 4596; x_wconf 86' lang='lat' dir='ltr'>etiam</span> <span class='ocrx_word' id='word_1_356' title='bbox 969 4557 1028 4594; x_wconf 86' lang='lat' dir='ltr'>re</span> <span class='ocrx_word' id='word_1_357' title='bbox 1051 4540 1387 4632; x_wconf 75' lang='lat' dir='ltr'>postulante,</span> <span class='ocrx_word' id='word_1_358' title='bbox 1425 4539 1492 4595; x_wconf 86' lang='lat' dir='ltr'>ad</span> <span class='ocrx_word' id='word_1_359' title='bbox 1531 4543 1733 4596; x_wconf 85' lang='lat' dir='ltr'>Fanum</span> <span class='ocrx_word' id='word_1_360' title='bbox 1760 4559 1870 4596; x_wconf 76' lang='lat' dir='ltr'>esse</span> <span class='ocrx_word' id='word_1_361' title='bbox 1903 4540 2194 4614; x_wconf 85' lang='lat' dir='ltr'>ponendas.</span> 
     </span>
     <span class='ocr_line' id='line_1_48' title="bbox 643 4617 2198 4692; baseline 0.002 -20"><span class='ocrx_word' id='word_1_362' title='bbox 643 4618 996 4690; x_wconf 85' lang='lat' dir='ltr'>Consequitur</span> <span class='ocrx_word' id='word_1_363' title='bbox 1019 4619 1202 4672; x_wconf 82' lang='lat' dir='ltr'>vitium</span> <span class='ocrx_word' id='word_1_364' title='bbox 1219 4617 1411 4672; x_wconf 88' lang='lat' dir='ltr'>latere⁹</span> <span class='ocrx_word' id='word_1_365' title='bbox 1395 4637 1451 4673; x_wconf 91' lang='grc' dir='ltr'>ιιι</span> <span class='ocrx_word' id='word_1_366' title='bbox 1465 4619 1628 4675; x_wconf 90' lang='lat' dir='ltr'>altero</span> <span class='ocrx_word' id='word_1_367' title='bbox 1643 4638 1892 4686; x_wconf 86' lang='lat' dir='ltr'>numero,</span> <span class='ocrx_word' id='word_1_368' title='bbox 1913 4618 2058 4692; x_wconf 90' lang='lat' dir='ltr'>quod</span> <span class='ocrx_word' id='word_1_369' title='bbox 2085 4639 2198 4675; x_wconf 84' lang='lat' dir='ltr'>sus-</span> 
     </span>
     <span class='ocr_line' id='line_1_49' title="bbox 643 4659 2201 4773; baseline 0.001 -22"><span class='ocrx_word' id='word_1_370' title='bbox 643 4696 826 4751; x_wconf 85' lang='lat' dir='ltr'>tuleris</span> <span class='ocrx_word' id='word_1_371' title='bbox 847 4697 890 4750; x_wconf 91' lang='lat' dir='ltr'>si</span> <span class='ocrx_word' id='word_1_372' title='bbox 915 4713 1017 4768; x_wconf 90' lang='lat' dir='ltr'>pro</span> <span class='ocrx_word' id='word_1_373' title='bbox 1050 4698 1156 4751; x_wconf 76' lang='lat' dir='ltr'>2OE</span> <span class='ocrx_word' id='word_1_374' title='bbox 1179 4697 1374 4752; x_wconf 82' lang='lat' dir='ltr'>scribas</span> <span class='ocrx_word' id='word_1_375' title='bbox 1393 4699 1520 4754; x_wconf 80' lang='lat' dir='ltr'>vn.</span> <span class='ocrx_word' id='word_1_376' title='bbox 1549 4701 1734 4773; x_wconf 88' lang='lat' dir='ltr'>Itaque</span> <span class='ocrx_word' id='word_1_377' title='bbox 1759 4659 1959 4754; x_wconf 86' lang='lat' dir='ltr'>Plinius</span> <span class='ocrx_word' id='word_1_378' title='bbox 1993 4718 2024 4755; x_wconf 88' lang='lat' dir='ltr'>a</span> <span class='ocrx_word' id='word_1_379' title='bbox 2049 4698 2201 4754; x_wconf 86' lang='lat' dir='ltr'>Chal·</span> 
     </span>
     <span class='ocr_line' id='line_1_50' title="bbox 642 4774 2199 4845; baseline 0.002 -16"><span class='ocrx_word' id='word_1_380' title='bbox 642 4774 843 4830; x_wconf 80' lang='lat' dir='ltr'>eodone</span> <span class='ocrx_word' id='word_1_381' title='bbox 863 4774 931 4829; x_wconf 84' lang='lat' dir='ltr'>ad</span> <span class='ocrx_word' id='word_1_382' title='bbox 958 4776 1162 4831; x_wconf 88' lang='lat' dir='ltr'>Fanum</span> <span class='ocrx_word' id='word_1_383' title='bbox 1189 4787 1489 4832; x_wconf 82' lang='lat' dir='ltr'>numeraret</span> <span class='ocrx_word' id='word_1_384' title='bbox 1518 4783 1617 4834; x_wconf 82' lang='lat'>126</span> <span class='ocrx_word' id='word_1_385' title='bbox 1643 4777 1840 4845; x_wconf 84' lang='lat' dir='ltr'>stadia,</span> <span class='ocrx_word' id='word_1_386' title='bbox 1879 4779 2016 4832; x_wconf 86' lang='lat' dir='ltr'>sicut</span> <span class='ocrx_word' id='word_1_387' title='bbox 2039 4779 2199 4832; x_wconf 88' lang='lat' dir='ltr'>ceteri</span> 
     </span>
     <span class='ocr_line' id='line_1_51' title="bbox 643 4855 2204 4931; baseline 0.002 -23"><span class='ocrx_word' id='word_1_388' title='bbox 643 4855 882 4928; x_wconf 83' lang='lat' dir='ltr'>plerique</span> <span class='ocrx_word' id='word_1_389' title='bbox 910 4872 943 4911; x_wconf 84' lang='lat' dir='ltr'>a</span> <span class='ocrx_word' id='word_1_390' title='bbox 975 4857 1132 4911; x_wconf 90' lang='lat' dir='ltr'>Freto</span> <span class='ocrx_word' id='word_1_391' title='bbox 1154 4856 1294 4911; x_wconf 84' lang='lat' dir='ltr'>inter</span> <span class='ocrx_word' id='word_1_392' title='bbox 1315 4857 1696 4912; x_wconf 79' lang='lat' dir='ltr'>chalcedonem</span> <span class='ocrx_word' id='word_1_393' title='bbox 1719 4868 1772 4912; x_wconf 90' lang='lat' dir='ltr'>et</span> <span class='ocrx_word' id='word_1_394' title='bbox 1794 4859 2139 4931; x_wconf 72' lang='lat' dir='ltr'>Byzantium·</span> <span class='ocrx_word' id='word_1_395' title='bbox 2124 4876 2204 4912; x_wconf 88' lang='grc' dir='ltr'><strong>ιιι-</strong></span> 
     </span>
     <span class='ocr_line' id='line_1_52' title="bbox 641 4937 2201 5030; baseline 0.001 -37"><span class='ocrx_word' id='word_1_396' title='bbox 641 4937 862 5030; x_wconf 87' lang='lat' dir='ltr'>terJecto</span> <span class='ocrx_word' id='word_1_397' title='bbox 887 4957 1056 5011; x_wconf 85' lang='lat' dir='ltr'>usque</span> <span class='ocrx_word' id='word_1_398' title='bbox 1078 4938 1148 4994; x_wconf 90' lang='lat' dir='ltr'>ad</span> <span class='ocrx_word' id='word_1_399' title='bbox 1174 4942 1378 4995; x_wconf 87' lang='lat' dir='ltr'>Fanum</span> <span class='ocrx_word' id='word_1_400' title='bbox 1419 4957 1520 4998; x_wconf 82' lang='lat'>120</span> <span class='ocrx_word' id='word_1_401' title='bbox 1551 4940 1718 4996; x_wconf 86' lang='lat' dir='ltr'>stadia</span> <span class='ocrx_word' id='word_1_402' title='bbox 1743 4951 2010 5014; x_wconf 81' lang='lat' dir='ltr'>exputant.</span> <span class='ocrx_word' id='word_1_403' title='bbox 2039 4940 2201 5011; x_wconf 90' lang='lat' dir='ltr'>Quod</span> 
     </span>
     <span class='ocr_line' id='line_1_53' title="bbox 641 5017 2202 5092; baseline 0.003 -23"><span class='ocrx_word' id='word_1_404' title='bbox 641 5017 832 5070; x_wconf 87' lang='lat' dir='ltr'>attinet</span> <span class='ocrx_word' id='word_1_405' title='bbox 853 5017 1048 5072; x_wconf 81' lang='lat' dir='ltr'>verba:</span> <span class='ocrx_word' id='word_1_406' title='bbox 1075 5019 1169 5072; x_wconf 81' lang='lat' dir='ltr'>ubi</span> <span class='ocrx_word' id='word_1_407' title='bbox 1201 5017 1507 5092; x_wconf 77' lang='lat' dir='ltr'>Phinopolis</span> <span class='ocrx_word' id='word_1_408' title='bbox 1519 5018 1667 5088; x_wconf 76' lang='lat' dir='ltr'>fuit,</span> <span class='ocrx_word' id='word_1_409' title='bbox 1695 5021 1824 5074; x_wconf 85' lang='lat' dir='ltr'>scito</span> <span class='ocrx_word' id='word_1_410' title='bbox 1853 5021 1905 5073; x_wconf 90' lang='lat' dir='ltr'>in</span> <span class='ocrx_word' id='word_1_411' title='bbox 1933 5018 2202 5074; x_wconf 88' lang='lat' dir='ltr'>codicibus</span> 
     </span>
     <span class='ocr_line' id='line_1_54' title="bbox 641 5091 2203 5169; baseline 0.002 -23"><span class='ocrx_word' id='word_1_412' title='bbox 641 5092 743 5163; x_wconf 85' lang='lat' dir='ltr'>legi</span> <span class='ocrx_word' id='word_1_413' title='bbox 769 5091 1062 5167; x_wconf 69' lang='lat' dir='ltr'>Spiropolis</span> <span class='ocrx_word' id='word_1_414' title='bbox 1079 5093 1494 5169; x_wconf 71' lang='lat' dir='ltr'>(Sphyropolisv</span> <span class='ocrx_word' id='word_1_415' title='bbox 1535 5093 1876 5168; x_wconf 75' lang='lat' dir='ltr'>1.),quod1n</span> <span class='ocrx_word' id='word_1_416' title='bbox 1899 5093 2203 5169; x_wconf 77' lang='lat' dir='ltr'>Phinopolis</span> 
     </span>
     <span class='ocr_line' id='line_1_55' title="bbox 640 5169 2204 5246; baseline 0.002 -23"><span class='ocrx_word' id='word_1_417' title='bbox 640 5179 917 5225; x_wconf 87' lang='lat' dir='ltr'>mutarunt</span> <span class='ocrx_word' id='word_1_418' title='bbox 959 5169 1188 5228; x_wconf 80' lang='lat' dir='ltr'>editores</span> <span class='ocrx_word' id='word_1_419' title='bbox 1233 5171 1548 5229; x_wconf 89' lang='lat' dir='ltr'>inconsulto.</span> <span class='ocrx_word' id='word_1_420' title='bbox 1605 5174 1739 5228; x_wconf 87' lang='lat' dir='ltr'>Nam</span> <span class='ocrx_word' id='word_1_421' title='bbox 1779 5173 2078 5246; x_wconf 85' lang='lat' dir='ltr'>Phinopolis</span> <span class='ocrx_word' id='word_1_422' title='bbox 2125 5183 2204 5227; x_wconf 65' lang='lat' dir='ltr'>ast</span> 
     </span>
     <span class='ocr_line' id='line_1_56' title="bbox 641 5249 2204 5326; baseline 0.002 -22"><span class='ocrx_word' id='word_1_423' title='bbox 641 5249 882 5305; x_wconf 70' lang='lat' dir='ltr'>Thraciae</span> <span class='ocrx_word' id='word_1_424' title='bbox 907 5253 1180 5326; x_wconf 74' lang='lat' dir='ltr'>Europoeae</span> <span class='ocrx_word' id='word_1_425' title='bbox 1205 5251 1494 5326; x_wconf 87' lang='lat' dir='ltr'>oppidum;</span> <span class='ocrx_word' id='word_1_426' title='bbox 1523 5251 1722 5307; x_wconf 88' lang='lat' dir='ltr'>Plinius</span> <span class='ocrx_word' id='word_1_427' title='bbox 1751 5271 1874 5307; x_wconf 79' lang='lat' dir='ltr'>vero</span> <span class='ocrx_word' id='word_1_428' title='bbox 1909 5255 2043 5307; x_wconf 81' lang='lat' dir='ltr'>Asioe</span> <span class='ocrx_word' id='word_1_429' title='bbox 2091 5252 2204 5307; x_wconf 89' lang='lat' dir='ltr'>loca</span> 
     </span>
     <span class='ocr_line' id='line_1_57' title="bbox 645 5330 2202 5405; baseline 0.001 -21"><span class='ocrx_word' id='word_1_430' title='bbox 645 5339 900 5386; x_wconf 88' lang='lat' dir='ltr'>recenset.</span> <span class='ocrx_word' id='word_1_431' title='bbox 922 5333 1092 5387; x_wconf 76' lang='lat' dir='ltr'>Pon-o</span> <span class='ocrx_word' id='word_1_432' title='bbox 1111 5331 1397 5405; x_wconf 74' lang='lat' dir='ltr'>Spiropolis</span> <span class='ocrx_word' id='word_1_433' title='bbox 1396 5330 1540 5403; x_wconf 74' lang='lat' dir='ltr'>suit</span> <span class='ocrx_word' id='word_1_434' title='bbox 1563 5332 1602 5388; x_wconf 87' lang='lat' dir='ltr'>i.</span> <span class='ocrx_word' id='word_1_435' title='bbox 1622 5351 1672 5387; x_wconf 87' lang='lat' dir='ltr'>e.</span> <span class='ocrx_word' id='word_1_436' title='bbox 1700 5332 1894 5387; x_wconf 85' lang='lat' dir='ltr'>Plinius</span> <span class='ocrx_word' id='word_1_437' title='bbox 1921 5343 2068 5387; x_wconf 78' lang='lat' dir='ltr'>aetate</span> <span class='ocrx_word' id='word_1_438' title='bbox 2093 5349 2202 5386; x_wconf 91' lang='lat' dir='ltr'>non</span> 
     </span>
    </p>
   </div>
   <div class='ocr_carea' id='block_1_5' title="bbox 1859 484 2609 546">
    <p class='ocr_par' dir='ltr' id='par_1_9' title="bbox 1859 484 2609 546">
     <span class='ocr_line' id='line_1_58' title="bbox 1859 484 2609 546; baseline -0.001 -1"><span class='ocrx_word' id='word_1_439' title='bbox 1859 484 2204 546; x_wconf 76' lang='lat' dir='ltr'>moNst</span> <span class='ocrx_word' id='word_1_440' title='bbox 2246 485 2609 546; x_wconf 73' lang='lat' dir='ltr'>BYZAN‘m</span> 
     </span>
    </p>
   </div>
   <div class='ocr_carea' id='block_1_6' title="bbox 2267 614 3833 3542">
    <p class='ocr_par' dir='ltr' id='par_1_10' title="bbox 2267 614 3831 3542">
     <span class='ocr_line' id='line_1_59' title="bbox 2279 614 3823 688; baseline 0.001 -19"><span class='ocrx_word' id='word_1_441' title='bbox 2279 633 2400 669; x_wconf 89' lang='lat' dir='ltr'>rum</span> <span class='ocrx_word' id='word_1_442' title='bbox 2422 634 2588 671; x_wconf 88' lang='lat' dir='ltr'>cornu</span> <span class='ocrx_word' id='word_1_443' title='bbox 2612 625 2969 688; x_wconf 88' lang='lat' dir='ltr'>nuncupatum</span> <span class='ocrx_word' id='word_1_444' title='bbox 2991 615 3179 670; x_wconf 87' lang='lat' dir='ltr'>Strabo</span> <span class='ocrx_word' id='word_1_445' title='bbox 3215 633 3323 670; x_wconf 90' lang='lat' dir='ltr'>non</span> <span class='ocrx_word' id='word_1_446' title='bbox 3349 614 3575 671; x_wconf 85' lang='lat' dir='ltr'>absurde</span> <span class='ocrx_word' id='word_1_447' title='bbox 3597 614 3823 687; x_wconf 86' lang='lat' dir='ltr'>quadra·</span> 
     </span>
     <span class='ocr_line' id='line_1_60' title="bbox 2281 702 3825 777; baseline 0.001 -20"><span class='ocrx_word' id='word_1_448' title='bbox 2281 704 2421 774; x_wconf 80' lang='lat' dir='ltr'>ginta</span> <span class='ocrx_word' id='word_1_449' title='bbox 2442 705 2591 777; x_wconf 90' lang='lat' dir='ltr'>ponit</span> <span class='ocrx_word' id='word_1_450' title='bbox 2622 703 2818 770; x_wconf 86' lang='lat' dir='ltr'>stadia,</span> <span class='ocrx_word' id='word_1_451' title='bbox 2847 705 2891 759; x_wconf 89' lang='lat' dir='ltr'>si</span> <span class='ocrx_word' id='word_1_452' title='bbox 2918 715 3057 758; x_wconf 82' lang='lat' dir='ltr'>recte</span> <span class='ocrx_word' id='word_1_453' title='bbox 3082 702 3351 758; x_wconf 87' lang='lat' dir='ltr'>dimensus</span> <span class='ocrx_word' id='word_1_454' title='bbox 3377 722 3535 771; x_wconf 79' lang='lat' dir='ltr'>sum3</span> <span class='ocrx_word' id='word_1_455' title='bbox 3555 712 3612 760; x_wconf 85' lang='lat' dir='ltr'>et</span> <span class='ocrx_word' id='word_1_456' title='bbox 3656 705 3825 777; x_wconf 90' lang='lat' dir='ltr'>prius·</span> 
     </span>
     <span class='ocr_line' id='line_1_61' title="bbox 2278 790 3827 864; baseline 0.002 -20"><span class='ocrx_word' id='word_1_457' title='bbox 2278 808 2437 861; x_wconf 88' lang='lat' dir='ltr'>quam</span> <span class='ocrx_word' id='word_1_458' title='bbox 2462 790 2745 857; x_wconf 87' lang='lat' dir='ltr'>dimetirer,</span> <span class='ocrx_word' id='word_1_459' title='bbox 2774 791 3079 862; x_wconf 80' lang='lat' dir='ltr'>collegeram</span> <span class='ocrx_word' id='word_1_460' title='bbox 3108 809 3171 845; x_wconf 84' lang='lat' dir='ltr'>ex</span> <span class='ocrx_word' id='word_1_461' title='bbox 3208 793 3519 848; x_wconf 88' lang='lat' dir='ltr'>Sozomeno.</span> <span class='ocrx_word' id='word_1_462' title='bbox 3561 795 3661 847; x_wconf 78' lang='lat' dir='ltr'>«A</span> <span class='ocrx_word' id='word_1_463' title='bbox 3702 810 3827 864; x_wconf 81' lang='lat' dir='ltr'>pro·</span> 
     </span>
     <span class='ocr_line' id='line_1_62' title="bbox 2282 879 3827 951; baseline 0.003 -21"><span class='ocrx_word' id='word_1_464' title='bbox 2282 879 2568 945; x_wconf 88' lang='lat' dir='ltr'>montorio,</span> <span class='ocrx_word' id='word_1_465' title='bbox 2594 879 2792 951; x_wconf 88' lang='lat' dir='ltr'>inquit,</span> <span class='ocrx_word' id='word_1_466' title='bbox 2818 890 3117 951; x_wconf 85' lang='lat' dir='ltr'>nuncupato</span> <span class='ocrx_word' id='word_1_467' title='bbox 3152 880 3343 934; x_wconf 82' lang='lat' dir='ltr'>Hestiis</span> <span class='ocrx_word' id='word_1_468' title='bbox 3363 879 3429 934; x_wconf 88' lang='lat' dir='ltr'>ad</span> <span class='ocrx_word' id='word_1_469' title='bbox 3458 881 3827 937; x_wconf 82' lang='lat' dir='ltr'>Constantino·</span> 
     </span>
     <span class='ocr_line' id='line_1_63' title="bbox 2277 963 3828 1038; baseline 0.001 -19"><span class='ocrx_word' id='word_1_470' title='bbox 2277 965 2441 1038; x_wconf 87' lang='lat' dir='ltr'>polim</span> <span class='ocrx_word' id='word_1_471' title='bbox 2486 965 2741 1035; x_wconf 83' lang='lat' dir='ltr'>navigatio</span> <span class='ocrx_word' id='word_1_472' title='bbox 2790 975 2867 1018; x_wconf 83' lang='lat' dir='ltr'>est</span> <span class='ocrx_word' id='word_1_473' title='bbox 2921 966 3059 1020; x_wconf 86' lang='lat' dir='ltr'>circa</span> <span class='ocrx_word' id='word_1_474' title='bbox 3126 964 3337 1036; x_wconf 88' lang='lat' dir='ltr'>triginta</span> <span class='ocrx_word' id='word_1_475' title='bbox 3386 963 3748 1033; x_wconf 72' lang='grc' dir='ltr'><strong>ιιιάἰοιιιιιι4,</strong></span> <span class='ocrx_word' id='word_1_476' title='bbox 3794 984 3828 1021; x_wconf 88' lang='grc' dir='ltr'>ι</span> 
     </span>
     <span class='ocr_line' id='line_1_64' title="bbox 2277 1050 3828 1125; baseline 0.001 -20"><span class='ocrx_word' id='word_1_477' title='bbox 2277 1052 2639 1125; x_wconf 77' lang='lat' dir='ltr'>promontorio</span> <span class='ocrx_word' id='word_1_478' title='bbox 2668 1051 2907 1104; x_wconf 78' lang='lat' dir='ltr'>Hermaeo</span> <span class='ocrx_word' id='word_1_479' title='bbox 2928 1050 2995 1105; x_wconf 89' lang='lat' dir='ltr'>ad</span> <span class='ocrx_word' id='word_1_480' title='bbox 3026 1051 3446 1123; x_wconf 87' lang='lat' dir='ltr'>promontorium</span> <span class='ocrx_word' id='word_1_481' title='bbox 3464 1052 3669 1106; x_wconf 62' lang='lat' dir='ltr'>Hostias</span> <span class='ocrx_word' id='word_1_482' title='bbox 3686 1061 3828 1106; x_wconf 85' lang='lat' dir='ltr'>recta</span> 
     </span>
     <span class='ocr_line' id='line_1_65' title="bbox 2279 1133 3827 1211; baseline 0 -20"><span class='ocrx_word' id='word_1_483' title='bbox 2279 1138 2537 1208; x_wconf 66' lang='lat' dir='ltr'>mitigatio</span> <span class='ocrx_word' id='word_1_484' title='bbox 2556 1133 2759 1190; x_wconf 78' lang='lat' dir='ltr'>excedit</span> <span class='ocrx_word' id='word_1_485' title='bbox 2780 1136 2999 1193; x_wconf 85' lang='lat' dir='ltr'>miliare.</span> <span class='ocrx_word' id='word_1_486' title='bbox 3029 1138 3154 1191; x_wconf 78' lang='lat' dir='ltr'>»Ex</span> <span class='ocrx_word' id='word_1_487' title='bbox 3175 1155 3283 1207; x_wconf 91' lang='lat' dir='ltr'>quo</span> <span class='ocrx_word' id='word_1_488' title='bbox 3306 1148 3449 1211; x_wconf 87' lang='lat' dir='ltr'>patet</span> <span class='ocrx_word' id='word_1_489' title='bbox 3484 1156 3515 1192; x_wconf 87' lang='lat' dir='ltr'>a</span> <span class='ocrx_word' id='word_1_490' title='bbox 3534 1135 3656 1192; x_wconf 83' lang='lat' dir='ltr'>sano</span> <span class='ocrx_word' id='word_1_491' title='bbox 3681 1139 3827 1194; x_wconf 79' lang='lat' dir='ltr'>Jovis</span> 
     </span>
     <span class='ocr_line' id='line_1_66' title="bbox 2279 1221 3821 1296; baseline 0.001 -20"><span class='ocrx_word' id='word_1_492' title='bbox 2279 1221 2347 1277; x_wconf 90' lang='lat' dir='ltr'>ad</span> <span class='ocrx_word' id='word_1_493' title='bbox 2369 1240 2532 1276; x_wconf 87' lang='lat' dir='ltr'>cornu</span> <span class='ocrx_word' id='word_1_494' title='bbox 2557 1222 2923 1295; x_wconf 81' lang='lat' dir='ltr'>Byzantiorum</span> <span class='ocrx_word' id='word_1_495' title='bbox 2944 1221 3109 1277; x_wconf 84' lang='lat' dir='ltr'>stadia</span> <span class='ocrx_word' id='word_1_496' title='bbox 3134 1239 3244 1276; x_wconf 86' lang='lat' dir='ltr'>esse</span> <span class='ocrx_word' id='word_1_497' title='bbox 3270 1223 3493 1296; x_wconf 87' lang='lat' dir='ltr'>amplius</span> <span class='ocrx_word' id='word_1_498' title='bbox 3518 1225 3821 1294; x_wconf 75' lang='lat' dir='ltr'>nonaginta.</span> 
     </span>
     <span class='ocr_line' id='line_1_67' title="bbox 2281 1308 3827 1382; baseline 0 -17"><span class='ocrx_word' id='word_1_499' title='bbox 2281 1315 2352 1366; x_wconf 82' lang='lat' dir='ltr'>At</span> <span class='ocrx_word' id='word_1_500' title='bbox 2383 1328 2447 1364; x_wconf 85' lang='lat' dir='ltr'>ex</span> <span class='ocrx_word' id='word_1_501' title='bbox 2480 1309 2745 1364; x_wconf 84' lang='lat' dir='ltr'>Strabonis</span> <span class='ocrx_word' id='word_1_502' title='bbox 2784 1326 3027 1362; x_wconf 87' lang='lat' dir='ltr'>mensura</span> <span class='ocrx_word' id='word_1_503' title='bbox 3064 1319 3234 1364; x_wconf 83' lang='lat' dir='ltr'>essent</span> <span class='ocrx_word' id='word_1_504' title='bbox 3267 1308 3521 1365; x_wconf 79' lang='lat' dir='ltr'>duntaxat</span> <span class='ocrx_word' id='word_1_505' title='bbox 3560 1311 3827 1382; x_wconf 73' lang='lat' dir='ltr'>sexaginta</span> 
     </span>
     <span class='ocr_line' id='line_1_68' title="bbox 2279 1397 3828 1469; baseline 0 -18"><span class='ocrx_word' id='word_1_506' title='bbox 2279 1397 2345 1466; x_wconf 99' lang='lat'>(</span> <span class='ocrx_word' id='word_1_507' title='bbox 2324 1416 2477 1451; x_wconf 78' lang='lat' dir='ltr'>immo</span> <span class='ocrx_word' id='word_1_508' title='bbox 2496 1397 2929 1469; x_wconf 82' lang='lat' dir='ltr'>quinquaginta),</span> <span class='ocrx_word' id='word_1_509' title='bbox 2958 1415 3080 1450; x_wconf 89' lang='lat' dir='ltr'>cum</span> <span class='ocrx_word' id='word_1_510' title='bbox 3107 1415 3138 1452; x_wconf 90' lang='lat' dir='ltr'>a</span> <span class='ocrx_word' id='word_1_511' title='bbox 3162 1399 3411 1468; x_wconf 81' lang='lat' dir='ltr'>Byzantio</span> <span class='ocrx_word' id='word_1_512' title='bbox 3438 1397 3501 1452; x_wconf 88' lang='lat' dir='ltr'>ad</span> <span class='ocrx_word' id='word_1_513' title='bbox 3530 1399 3734 1452; x_wconf 87' lang='lat' dir='ltr'>Fanum</span> <span class='ocrx_word' id='word_1_514' title='bbox 3762 1415 3828 1451; x_wconf 85' lang='lat' dir='ltr'>ex</span> 
     </span>
     <span class='ocr_line' id='line_1_69' title="bbox 2278 1482 3827 1558; baseline -0.001 -19"><span class='ocrx_word' id='word_1_515' title='bbox 2278 1485 2659 1556; x_wconf 86' lang='lat' dir='ltr'>antiquioribus</span> <span class='ocrx_word' id='word_1_516' title='bbox 2676 1483 2927 1538; x_wconf 86' lang='lat' dir='ltr'>Strabone</span> <span class='ocrx_word' id='word_1_517' title='bbox 2950 1483 3289 1558; x_wconf 86' lang='lat' dir='ltr'>scriptoribus</span> <span class='ocrx_word' id='word_1_518' title='bbox 3306 1482 3471 1538; x_wconf 85' lang='lat' dir='ltr'>stadia</span> <span class='ocrx_word' id='word_1_519' title='bbox 3495 1493 3697 1539; x_wconf 84' lang='lat' dir='ltr'>constet</span> <span class='ocrx_word' id='word_1_520' title='bbox 3716 1501 3827 1538; x_wconf 70' lang='lat' dir='ltr'>esse</span> 
     </span>
     <span class='ocr_line' id='line_1_70' title="bbox 2280 1569 3825 1642; baseline -0.002 -17"><span class='ocrx_word' id='word_1_521' title='bbox 2280 1581 2491 1625; x_wconf 88' lang='lat' dir='ltr'>centum</span> <span class='ocrx_word' id='word_1_522' title='bbox 2517 1582 2571 1625; x_wconf 87' lang='lat' dir='ltr'>et</span> <span class='ocrx_word' id='word_1_523' title='bbox 2593 1570 2799 1642; x_wconf 78' lang='lat' dir='ltr'>viginti;</span> <span class='ocrx_word' id='word_1_524' title='bbox 2827 1587 2858 1623; x_wconf 84' lang='lat' dir='ltr'>a</span> <span class='ocrx_word' id='word_1_525' title='bbox 2878 1569 3070 1641; x_wconf 88' lang='lat' dir='ltr'>quibus</span> <span class='ocrx_word' id='word_1_526' title='bbox 3107 1587 3351 1624; x_wconf 82' lang='lat' dir='ltr'>mensura</span> <span class='ocrx_word' id='word_1_527' title='bbox 3376 1569 3571 1624; x_wconf 84' lang='lat' dir='ltr'>codicis</span> <span class='ocrx_word' id='word_1_528' title='bbox 3600 1570 3825 1624; x_wconf 88' lang='lat' dir='ltr'>Pliniani</span> 
     </span>
     <span class='ocr_line' id='line_1_71' title="bbox 2281 1654 3821 1727; baseline -0.001 -17"><span class='ocrx_word' id='word_1_529' title='bbox 2281 1658 2304 1727; x_wconf 91' lang='lat'>(</span> <span class='ocrx_word' id='word_1_530' title='bbox 2326 1657 2378 1725; x_wconf 83' lang='lat'>5,</span> <span class='ocrx_word' id='word_1_531' title='bbox 2404 1658 2493 1723; x_wconf 89' lang='grc'><strong>43,</strong></span> <span class='ocrx_word' id='word_1_532' title='bbox 2514 1660 2544 1727; x_wconf 74' lang='lat'>5</span> <span class='ocrx_word' id='word_1_533' title='bbox 2566 1657 2664 1712; x_wconf 87' lang='lat'>150</span> <span class='ocrx_word' id='word_1_534' title='bbox 2680 1659 2702 1726; x_wconf 94' lang='lat'><strong>)</strong></span> <span class='ocrx_word' id='word_1_535' title='bbox 2718 1657 2873 1710; x_wconf 88' lang='lat' dir='ltr'>etiam</span> <span class='ocrx_word' id='word_1_536' title='bbox 2895 1655 2964 1710; x_wconf 85' lang='lat' dir='ltr'>ab</span> <span class='ocrx_word' id='word_1_537' title='bbox 2981 1654 3262 1710; x_wconf 82' lang='lat' dir='ltr'>Hermolao</span> <span class='ocrx_word' id='word_1_538' title='bbox 3278 1654 3539 1710; x_wconf 87' lang='lat' dir='ltr'>emendati</span> <span class='ocrx_word' id='word_1_539' title='bbox 3562 1654 3821 1709; x_wconf 85' lang='lat' dir='ltr'>dissentit.</span> 
     </span>
     <span class='ocr_line' id='line_1_72' title="bbox 2287 1741 3823 1818; baseline -0.001 -19.962"><span class='ocrx_word' id='word_1_540' title='bbox 2287 1747 2628 1818; x_wconf 78' lang='lat' dir='ltr'>Bosporus,</span> <span class='ocrx_word' id='word_1_541' title='bbox 2658 1745 2863 1815; x_wconf 88' lang='lat' dir='ltr'>inquit,</span> <span class='ocrx_word' id='word_1_542' title='bbox 2893 1747 2970 1799; x_wconf 88' lang='lat' dir='ltr'>D.</span> <span class='ocrx_word' id='word_1_543' title='bbox 3002 1760 3153 1816; x_wconf 82' lang='lat' dir='ltr'>pass.</span> <span class='ocrx_word' id='word_1_544' title='bbox 3194 1741 3466 1798; x_wconf 58' lang='lat' dir='ltr'>interr-allo</span> <span class='ocrx_word' id='word_1_545' title='bbox 3489 1743 3681 1798; x_wconf 83' lang='lat' dir='ltr'>Asiam</span> <span class='ocrx_word' id='word_1_546' title='bbox 3712 1747 3823 1797; x_wconf 76' lang='lat' dir='ltr'>Eu-</span> 
     </span>
     <span class='ocr_line' id='line_1_73' title="bbox 2281 1827 3829 1904; baseline -0.001 -20"><span class='ocrx_word' id='word_1_547' title='bbox 2281 1848 2422 1904; x_wconf 81' lang='lat' dir='ltr'>mpoe</span> <span class='ocrx_word' id='word_1_548' title='bbox 2449 1830 2631 1884; x_wconf 80' lang='lat' dir='ltr'>iterum</span> <span class='ocrx_word' id='word_1_549' title='bbox 2666 1828 2903 1898; x_wconf 63' lang='lat' dir='ltr'>auferens</span> <span class='ocrx_word' id='word_1_550' title='bbox 2939 1828 3086 1884; x_wconf 80' lang='lat' dir='ltr'>abest</span> <span class='ocrx_word' id='word_1_551' title='bbox 3110 1847 3147 1882; x_wconf 84' lang='lat' dir='ltr'>a</span> <span class='ocrx_word' id='word_1_552' title='bbox 3177 1827 3483 1883; x_wconf 78' lang='lat' dir='ltr'>Chalcedone</span> <span class='ocrx_word' id='word_1_553' title='bbox 3508 1832 3629 1884; x_wconf 71' lang='lat'>111</span> <span class='ocrx_word' id='word_1_554' title='bbox 3652 1833 3733 1885; x_wconf 70' lang='grc'><strong><em>..41</em></strong></span> <span class='ocrx_word' id='word_1_555' title='bbox 3774 1834 3829 1883; x_wconf 88' lang='lat' dir='ltr'><em>D</em></span> 
     </span>
     <span class='ocr_line' id='line_1_74' title="bbox 2275 1913 3828 1990; baseline -0.001 -18"><span class='ocrx_word' id='word_1_556' title='bbox 2275 1934 2427 1990; x_wconf 83' lang='lat' dir='ltr'>pass.</span> <span class='ocrx_word' id='word_1_557' title='bbox 2455 1915 2587 1972; x_wconf 78' lang='lat' dir='ltr'>Inde</span> <span class='ocrx_word' id='word_1_558' title='bbox 2592 1913 2781 1986; x_wconf 75' lang='lat' dir='ltr'>fauces</span> <span class='ocrx_word' id='word_1_559' title='bbox 2789 1933 2981 1989; x_wconf 81' lang='lat' dir='ltr'>pnmoe</span> <span class='ocrx_word' id='word_1_560' title='bbox 3006 1917 3177 1972; x_wconf 77' lang='lat'><em>7111.</em></span> <span class='ocrx_word' id='word_1_561' title='bbox 3200 1918 3285 1972; x_wconf 70' lang='lat' dir='ltr'>M.</span> <span class='ocrx_word' id='word_1_562' title='bbox 3314 1919 3509 1974; x_wconf 86' lang='lat' dir='ltr'>DCCL.</span> <span class='ocrx_word' id='word_1_563' title='bbox 3538 1934 3711 1990; x_wconf 74' lang='lat' dir='ltr'>pass„</span> <span class='ocrx_word' id='word_1_564' title='bbox 3739 1916 3828 1971; x_wconf 78' lang='lat' dir='ltr'>ubi</span> 
     </span>
     <span class='ocr_line' id='line_1_75' title="bbox 2278 2001 3827 2104; baseline 0 -49"><span class='ocrx_word' id='word_1_565' title='bbox 2278 2001 2645 2104; x_wconf 77' lang='lat' dir='ltr'>Phinopolis.</span> <span class='ocrx_word' id='word_1_566' title='bbox 2601 2001 2623 2040; x_wconf 85' lang='lat'><strong>⁵</strong></span> <span class='ocrx_word' id='word_1_567' title='bbox 2717 2001 2770 2056; x_wconf 91' lang='lat' dir='ltr'>Si</span> <span class='ocrx_word' id='word_1_568' title='bbox 2793 2019 2996 2056; x_wconf 82' lang='lat' dir='ltr'>errores</span> <span class='ocrx_word' id='word_1_569' title='bbox 3020 2001 3095 2055; x_wconf 91' lang='lat' dir='ltr'>ibi</span> <span class='ocrx_word' id='word_1_570' title='bbox 3118 2019 3227 2056; x_wconf 91' lang='lat' dir='ltr'>non</span> <span class='ocrx_word' id='word_1_571' title='bbox 3256 2013 3379 2056; x_wconf 89' lang='lat' dir='ltr'>sunt</span> <span class='ocrx_word' id='word_1_572' title='bbox 3405 2002 3706 2057; x_wconf 83' lang='lat' dir='ltr'>notularum</span> <span class='ocrx_word' id='word_1_573' title='bbox 3726 2019 3827 2055; x_wconf 89' lang='lat' dir='ltr'>nu·</span> 
     </span>
     <span class='ocr_line' id='line_1_76' title="bbox 2281 2086 3828 2160; baseline -0.001 -16"><span class='ocrx_word' id='word_1_574' title='bbox 2281 2090 2654 2160; x_wconf 85' lang='lat' dir='ltr'>merariarum‚</span> <span class='ocrx_word' id='word_1_575' title='bbox 2677 2099 2742 2143; x_wconf 84' lang='lat' dir='ltr'>ut</span> <span class='ocrx_word' id='word_1_576' title='bbox 2774 2105 2884 2142; x_wconf 86' lang='lat' dir='ltr'>esse</span> <span class='ocrx_word' id='word_1_577' title='bbox 2909 2086 3247 2160; x_wconf 85' lang='lat' dir='ltr'>longitudinis</span> <span class='ocrx_word' id='word_1_578' title='bbox 3273 2106 3381 2143; x_wconf 91' lang='lat' dir='ltr'>non</span> <span class='ocrx_word' id='word_1_579' title='bbox 3424 2087 3670 2144; x_wconf 81' lang='lat' dir='ltr'>videntur</span> <span class='ocrx_word' id='word_1_580' title='bbox 3694 2090 3828 2144; x_wconf 83' lang='lat' dir='ltr'>Her-</span> 
     </span>
     <span class='ocr_line' id='line_1_77' title="bbox 2278 2173 3823 2247; baseline 0.001 -18"><span class='ocrx_word' id='word_1_581' title='bbox 2278 2175 2485 2242; x_wconf 86' lang='lat' dir='ltr'>molao,</span> <span class='ocrx_word' id='word_1_582' title='bbox 2514 2185 2654 2230; x_wconf 85' lang='lat' dir='ltr'>certe</span> <span class='ocrx_word' id='word_1_583' title='bbox 2679 2175 2809 2229; x_wconf 89' lang='lat' dir='ltr'>mihi</span> <span class='ocrx_word' id='word_1_584' title='bbox 2842 2193 3017 2230; x_wconf 81' lang='lat' dir='ltr'>errare</span> <span class='ocrx_word' id='word_1_585' title='bbox 3045 2173 3255 2230; x_wconf 79' lang='lat' dir='ltr'>videtur</span> <span class='ocrx_word' id='word_1_586' title='bbox 3276 2193 3477 2247; x_wconf 85' lang='lat' dir='ltr'>ponens</span> <span class='ocrx_word' id='word_1_587' title='bbox 3506 2178 3613 2231; x_wconf 80' lang='grc' dir='ltr'>ΧΠ</span> <span class='ocrx_word' id='word_1_588' title='bbox 3646 2177 3719 2233; x_wconf 76' lang='grc' dir='ltr'><strong><em>Μ.</em></strong></span> <span class='ocrx_word' id='word_1_589' title='bbox 3752 2179 3823 2232; x_wconf 93' lang='lat' dir='ltr'>D.</span> 
     </span>
     <span class='ocr_line' id='line_1_78' title="bbox 2276 2261 3821 2337; baseline 0.001 -20"><span class='ocrx_word' id='word_1_590' title='bbox 2276 2281 2415 2336; x_wconf 85' lang='lat' dir='ltr'>pass.</span> <span class='ocrx_word' id='word_1_591' title='bbox 2450 2281 2484 2318; x_wconf 92' lang='lat' dir='ltr'>a</span> <span class='ocrx_word' id='word_1_592' title='bbox 2513 2261 2840 2317; x_wconf 86' lang='lat' dir='ltr'>Chalcedone</span> <span class='ocrx_word' id='word_1_593' title='bbox 2872 2262 2941 2317; x_wconf 87' lang='lat' dir='ltr'>ad</span> <span class='ocrx_word' id='word_1_594' title='bbox 2983 2264 3247 2334; x_wconf 86' lang='lat' dir='ltr'>angustias</span> <span class='ocrx_word' id='word_1_595' title='bbox 3291 2264 3509 2337; x_wconf 84' lang='lat' dir='ltr'>Bospori</span> <span class='ocrx_word' id='word_1_596' title='bbox 3545 2262 3713 2335; x_wconf 77' lang='lat' dir='ltr'>largas</span> <span class='ocrx_word' id='word_1_597' title='bbox 3751 2266 3821 2318; x_wconf 86' lang='lat' dir='ltr'>D.</span> 
     </span>
     <span class='ocr_line' id='line_1_79' title="bbox 2276 2349 3829 2424; baseline 0 -19"><span class='ocrx_word' id='word_1_598' title='bbox 2276 2368 2438 2424; x_wconf 70' lang='lat' dir='ltr'>pass„</span> <span class='ocrx_word' id='word_1_599' title='bbox 2458 2351 2566 2405; x_wconf 83' lang='lat' dir='ltr'>sive</span> <span class='ocrx_word' id='word_1_600' title='bbox 2590 2368 2675 2404; x_wconf 83' lang='lat' dir='ltr'>eas</span> <span class='ocrx_word' id='word_1_601' title='bbox 2692 2349 2929 2420; x_wconf 85' lang='lat' dir='ltr'>intelligit</span> <span class='ocrx_word' id='word_1_602' title='bbox 2945 2367 3055 2404; x_wconf 83' lang='lat' dir='ltr'>esse</span> <span class='ocrx_word' id='word_1_603' title='bbox 3072 2351 3127 2403; x_wconf 87' lang='lat' dir='ltr'>in</span> <span class='ocrx_word' id='word_1_604' title='bbox 3146 2351 3419 2417; x_wconf 78' lang='lat' dir='ltr'>Hermaeo,</span> <span class='ocrx_word' id='word_1_605' title='bbox 3447 2361 3508 2405; x_wconf 88' lang='lat' dir='ltr'>ut</span> <span class='ocrx_word' id='word_1_606' title='bbox 3533 2351 3829 2422; x_wconf 81' lang='lat' dir='ltr'>intelligere</span> 
     </span>
     <span class='ocr_line' id='line_1_80' title="bbox 2275 2434 3823 2508; baseline 0.001 -20"><span class='ocrx_word' id='word_1_607' title='bbox 2275 2434 2484 2491; x_wconf 78' lang='lat' dir='ltr'>videtur</span> <span class='ocrx_word' id='word_1_608' title='bbox 2504 2434 2605 2490; x_wconf 88' lang='lat' dir='ltr'>alio</span> <span class='ocrx_word' id='word_1_609' title='bbox 2626 2435 2741 2490; x_wconf 90' lang='lat' dir='ltr'>loco</span> <span class='ocrx_word' id='word_1_610' title='bbox 2761 2438 2833 2502; x_wconf 95' lang='lat'>(4,</span> <span class='ocrx_word' id='word_1_611' title='bbox 2858 2439 2946 2501; x_wconf 81' lang='lat'>24,</span> <span class='ocrx_word' id='word_1_612' title='bbox 2968 2437 3149 2506; x_wconf 70' lang='lat'>576),</span> <span class='ocrx_word' id='word_1_613' title='bbox 3180 2435 3317 2489; x_wconf 87' lang='lat' dir='ltr'>ubi:</span> <span class='ocrx_word' id='word_1_614' title='bbox 3352 2435 3594 2500; x_wconf 71' lang='lat' dir='ltr'>laxitas,</span> <span class='ocrx_word' id='word_1_615' title='bbox 3618 2437 3823 2508; x_wconf 86' lang='lat' dir='ltr'>inquit,</span> 
     </span>
     <span class='ocr_line' id='line_1_81' title="bbox 2277 2521 3829 2597; baseline 0.001 -21"><span class='ocrx_word' id='word_1_616' title='bbox 2277 2522 2559 2596; x_wconf 77' lang='lat' dir='ltr'>Propontis</span> <span class='ocrx_word' id='word_1_617' title='bbox 2602 2521 2915 2597; x_wconf 77' lang='lat' dir='ltr'>appellatur,</span> <span class='ocrx_word' id='word_1_618' title='bbox 2966 2521 3225 2590; x_wconf 68' lang='lat' dir='ltr'>angustia·</span> <span class='ocrx_word' id='word_1_619' title='bbox 3272 2521 3528 2576; x_wconf 75' lang='lat' dir='ltr'>Thracius</span> <span class='ocrx_word' id='word_1_620' title='bbox 3569 2527 3829 2596; x_wconf 81' lang='lat' dir='ltr'>Bosporus</span> 
     </span>
     <span class='ocr_line' id='line_1_82' title="bbox 2277 2607 3827 2683; baseline 0.001 -21"><span class='ocrx_word' id='word_1_621' title='bbox 2277 2608 2561 2664; x_wconf 76' lang='lat' dir='ltr'>latitudine</span> <span class='ocrx_word' id='word_1_622' title='bbox 2587 2613 2641 2664; x_wconf 89' lang='lat' dir='ltr'><em>D</em></span> <span class='ocrx_word' id='word_1_623' title='bbox 2674 2626 2848 2683; x_wconf 73' lang='lat' dir='ltr'>pass„</span> <span class='ocrx_word' id='word_1_624' title='bbox 2878 2626 2983 2681; x_wconf 76' lang='lat' dir='ltr'>qua</span> <span class='ocrx_word' id='word_1_625' title='bbox 3018 2607 3217 2662; x_wconf 80' lang='lat' dir='ltr'>Darius</span> <span class='ocrx_word' id='word_1_626' title='bbox 3233 2619 3397 2682; x_wconf 78' lang='lat' dir='ltr'>pater</span> <span class='ocrx_word' id='word_1_627' title='bbox 3418 2608 3610 2664; x_wconf 76' lang='lat' dir='ltr'>Xerxis</span> <span class='ocrx_word' id='word_1_628' title='bbox 3645 2607 3827 2682; x_wconf 81' lang='lat' dir='ltr'>copias</span> 
     </span>
     <span class='ocr_line' id='line_1_83' title="bbox 2267 2693 3830 2770; baseline -0.001 -20"><span class='ocrx_word' id='word_1_629' title='bbox 2267 2708 2434 2770; x_wconf 82' lang='lat' dir='ltr'>ponte</span> <span class='ocrx_word' id='word_1_630' title='bbox 2456 2695 2750 2752; x_wconf 69' lang='lat' dir='ltr'>ema-evexit</span> <span class='ocrx_word' id='word_1_631' title='bbox 2780 2727 2855 2738; x_wconf 90' lang='lat'>—</span> <span class='ocrx_word' id='word_1_632' title='bbox 2880 2694 3011 2770; x_wconf 79' lang='lat' dir='ltr'>(At,</span> <span class='ocrx_word' id='word_1_633' title='bbox 3032 2706 3096 2750; x_wconf 88' lang='lat' dir='ltr'>ut</span> <span class='ocrx_word' id='word_1_634' title='bbox 3106 2713 3220 2767; x_wconf 88' lang='lat' dir='ltr'>Jam</span> <span class='ocrx_word' id='word_1_635' title='bbox 3257 2695 3401 2762; x_wconf 85' lang='lat' dir='ltr'>dixi,</span> <span class='ocrx_word' id='word_1_636' title='bbox 3423 2695 3612 2751; x_wconf 87' lang='lat' dir='ltr'>Strabo</span> <span class='ocrx_word' id='word_1_637' title='bbox 3638 2693 3705 2749; x_wconf 90' lang='lat' dir='ltr'>ab</span> <span class='ocrx_word' id='word_1_638' title='bbox 3740 2713 3830 2750; x_wconf 87' lang='lat' dir='ltr'>an·</span> 
     </span>
     <span class='ocr_line' id='line_1_84' title="bbox 2278 2779 3829 2854; baseline -0.002 -16"><span class='ocrx_word' id='word_1_639' title='bbox 2278 2783 2461 2853; x_wconf 82' lang='lat' dir='ltr'>gustiis</span> <span class='ocrx_word' id='word_1_640' title='bbox 2494 2783 2718 2838; x_wconf 73' lang='lat' dir='ltr'>Herm-&#39;ei</span> <span class='ocrx_word' id='word_1_641' title='bbox 2764 2781 3111 2854; x_wconf 85' lang='lat' dir='ltr'>promontorii</span> <span class='ocrx_word' id='word_1_642' title='bbox 3147 2779 3213 2834; x_wconf 86' lang='lat' dir='ltr'>ad</span> <span class='ocrx_word' id='word_1_643' title='bbox 3259 2799 3427 2835; x_wconf 88' lang='lat' dir='ltr'>cornu</span> <span class='ocrx_word' id='word_1_644' title='bbox 3463 2781 3829 2854; x_wconf 84' lang='lat' dir='ltr'>Byzantiorum</span> 
     </span>
     <span class='ocr_line' id='line_1_85' title="bbox 2277 2865 3831 2942; baseline 0 -20"><span class='ocrx_word' id='word_1_645' title='bbox 2277 2869 2431 2941; x_wconf 91' lang='lat' dir='ltr'>ponit</span> <span class='ocrx_word' id='word_1_646' title='bbox 2456 2867 2795 2942; x_wconf 85' lang='lat' dir='ltr'>quadraginta</span> <span class='ocrx_word' id='word_1_647' title='bbox 2818 2865 3003 2924; x_wconf 89' lang='lat' dir='ltr'>stadia.</span> <span class='ocrx_word' id='word_1_648' title='bbox 3077 2865 3377 2921; x_wconf 82' lang='lat' dir='ltr'>Herodotus</span> <span class='ocrx_word' id='word_1_649' title='bbox 3411 2866 3432 2941; x_wconf 90' lang='lat'>(</span> <span class='ocrx_word' id='word_1_650' title='bbox 3452 2871 3505 2932; x_wconf 88' lang='grc'><strong>4,</strong></span> <span class='ocrx_word' id='word_1_651' title='bbox 3535 2867 3641 2941; x_wconf 86' lang='grc'>83)</span> <span class='ocrx_word' id='word_1_652' title='bbox 3664 2866 3730 2920; x_wconf 91' lang='lat' dir='ltr'>ab</span> <span class='ocrx_word' id='word_1_653' title='bbox 3748 2867 3831 2922; x_wconf 85' lang='lat' dir='ltr'>bis</span> 
     </span>
     <span class='ocr_line' id='line_1_86' title="bbox 2280 2952 3828 3028; baseline -0.001 -18"><span class='ocrx_word' id='word_1_654' title='bbox 2280 2958 2531 3028; x_wconf 79' lang='lat' dir='ltr'>angustiis</span> <span class='ocrx_word' id='word_1_655' title='bbox 2570 2955 2637 3010; x_wconf 90' lang='lat' dir='ltr'>ad</span> <span class='ocrx_word' id='word_1_656' title='bbox 2670 2952 3052 3010; x_wconf 86' lang='lat' dir='ltr'>Chalcedonem</span> <span class='ocrx_word' id='word_1_657' title='bbox 3078 2954 3295 3009; x_wconf 87' lang='lat' dir='ltr'>miliaria</span> <span class='ocrx_word' id='word_1_658' title='bbox 3336 2953 3573 3026; x_wconf 80' lang='lat' dir='ltr'>designat</span> <span class='ocrx_word' id='word_1_659' title='bbox 3617 2956 3828 3010; x_wconf 89' lang='lat' dir='ltr'>circiter</span> 
     </span>
     <span class='ocr_line' id='line_1_87' title="bbox 2279 3040 3827 3115; baseline -0.001 -19"><span class='ocrx_word' id='word_1_660' title='bbox 2279 3046 2481 3115; x_wconf 82' lang='lat' dir='ltr'>septem</span> <span class='ocrx_word' id='word_1_661' title='bbox 2504 3052 2555 3096; x_wconf 87' lang='grc' dir='ltr'>ιι</span> <span class='ocrx_word' id='word_1_662' title='bbox 2577 3041 2893 3114; x_wconf 84' lang='lat' dir='ltr'>quingentos</span> <span class='ocrx_word' id='word_1_663' title='bbox 2923 3057 3135 3113; x_wconf 85' lang='lat' dir='ltr'>passus,</span> <span class='ocrx_word' id='word_1_664' title='bbox 3166 3058 3289 3095; x_wconf 87' lang='lat' dir='ltr'>cum</span> <span class='ocrx_word' id='word_1_665' title='bbox 3311 3040 3484 3096; x_wconf 91' lang='lat' dir='ltr'>locum</span> <span class='ocrx_word' id='word_1_666' title='bbox 3512 3041 3605 3095; x_wconf 88' lang='lat' dir='ltr'>ubi</span> <span class='ocrx_word' id='word_1_667' title='bbox 3633 3041 3827 3095; x_wconf 90' lang='lat' dir='ltr'>Darius</span> 
     </span>
     <span class='ocr_line' id='line_1_88' title="bbox 2281 3123 3829 3200; baseline -0.001 -21"><span class='ocrx_word' id='word_1_668' title='bbox 2281 3137 2499 3200; x_wconf 89' lang='lat' dir='ltr'>pontem</span> <span class='ocrx_word' id='word_1_669' title='bbox 2545 3125 2691 3190; x_wconf 73' lang='lat' dir='ltr'>fecit,</span> <span class='ocrx_word' id='word_1_670' title='bbox 2730 3123 2963 3180; x_wconf 84' lang='lat' dir='ltr'>medium</span> <span class='ocrx_word' id='word_1_671' title='bbox 3014 3143 3124 3180; x_wconf 75' lang='lat' dir='ltr'>ease</span> <span class='ocrx_word' id='word_1_672' title='bbox 3165 3124 3295 3180; x_wconf 87' lang='lat' dir='ltr'>dicit</span> <span class='ocrx_word' id='word_1_673' title='bbox 3336 3126 3474 3181; x_wconf 89' lang='lat' dir='ltr'>inter</span> <span class='ocrx_word' id='word_1_674' title='bbox 3525 3128 3728 3181; x_wconf 80' lang='lat' dir='ltr'>Fanum</span> <span class='ocrx_word' id='word_1_675' title='bbox 3773 3135 3829 3178; x_wconf 90' lang='lat' dir='ltr'>et</span> 
     </span>
     <span class='ocr_line' id='line_1_89' title="bbox 2280 3209 3833 3282; baseline -0.001 -18"><span class='ocrx_word' id='word_1_676' title='bbox 2280 3211 2623 3282; x_wconf 84' lang='lat' dir='ltr'>Byzantium.</span> <span class='ocrx_word' id='word_1_677' title='bbox 2648 3210 2789 3265; x_wconf 87' lang='lat' dir='ltr'>unde</span> <span class='ocrx_word' id='word_1_678' title='bbox 2816 3209 2989 3264; x_wconf 79' lang='lat' dir='ltr'>fauces</span> <span class='ocrx_word' id='word_1_679' title='bbox 3016 3211 3198 3282; x_wconf 75' lang='lat' dir='ltr'>primoe</span> <span class='ocrx_word' id='word_1_680' title='bbox 3222 3228 3329 3264; x_wconf 89' lang='lat' dir='ltr'>non</span> <span class='ocrx_word' id='word_1_681' title='bbox 3354 3211 3590 3266; x_wconf 84' lang='lat' dir='ltr'>abessent</span> <span class='ocrx_word' id='word_1_682' title='bbox 3624 3229 3653 3264; x_wconf 91' lang='lat' dir='ltr'>a</span> <span class='ocrx_word' id='word_1_683' title='bbox 3680 3209 3833 3265; x_wconf 89' lang='lat' dir='ltr'>Chal·</span> 
     </span>
     <span class='ocr_line' id='line_1_90' title="bbox 2281 3295 3831 3368; baseline -0.002 -15"><span class='ocrx_word' id='word_1_684' title='bbox 2281 3295 2483 3352; x_wconf 82' lang='lat' dir='ltr'>cedone</span> <span class='ocrx_word' id='word_1_685' title='bbox 2504 3308 2623 3352; x_wconf 87' lang='lat' dir='ltr'>octo</span> <span class='ocrx_word' id='word_1_686' title='bbox 2656 3297 2927 3366; x_wconf 81' lang='lat' dir='ltr'>miliaria),</span> <span class='ocrx_word' id='word_1_687' title='bbox 2951 3327 3023 3340; x_wconf 92' lang='lat'><strong>—</strong></span> <span class='ocrx_word' id='word_1_688' title='bbox 3055 3297 3164 3351; x_wconf 82' lang='lat' dir='ltr'>sive</span> <span class='ocrx_word' id='word_1_689' title='bbox 3189 3297 3388 3351; x_wconf 85' lang='lat' dir='ltr'>Plinius</span> <span class='ocrx_word' id='word_1_690' title='bbox 3413 3296 3653 3368; x_wconf 88' lang='lat' dir='ltr'>intelligit</span> <span class='ocrx_word' id='word_1_691' title='bbox 3669 3312 3831 3365; x_wconf 80' lang='lat' dir='ltr'>angu-</span> 
     </span>
     <span class='ocr_line' id='line_1_91' title="bbox 2279 3380 3831 3455; baseline -0.003 -16"><span class='ocrx_word' id='word_1_692' title='bbox 2279 3385 2405 3440; x_wconf 84' lang='lat' dir='ltr'>stias</span> <span class='ocrx_word' id='word_1_693' title='bbox 2428 3386 2587 3450; x_wconf 86' lang='lat' dir='ltr'>Fani;</span> <span class='ocrx_word' id='word_1_694' title='bbox 2608 3394 2721 3439; x_wconf 89' lang='lat' dir='ltr'>tum</span> <span class='ocrx_word' id='word_1_695' title='bbox 2737 3385 2877 3438; x_wconf 87' lang='lat' dir='ltr'>enim</span> <span class='ocrx_word' id='word_1_696' title='bbox 2898 3383 3062 3455; x_wconf 89' lang='lat' dir='ltr'>magis</span> <span class='ocrx_word' id='word_1_697' title='bbox 3089 3382 3301 3438; x_wconf 79' lang='lat' dir='ltr'>fallitur.</span> <span class='ocrx_word' id='word_1_698' title='bbox 3372 3385 3507 3439; x_wconf 85' lang='lat' dir='ltr'>Nam</span> <span class='ocrx_word' id='word_1_699' title='bbox 3526 3402 3591 3438; x_wconf 87' lang='lat' dir='ltr'>ex</span> <span class='ocrx_word' id='word_1_700' title='bbox 3611 3380 3831 3454; x_wconf 86' lang='lat' dir='ltr'>Polybio</span> 
     </span>
     <span class='ocr_line' id='line_1_92' title="bbox 2279 3469 3827 3542; baseline -0.003 -15"><span class='ocrx_word' id='word_1_701' title='bbox 2279 3492 2311 3527; x_wconf 91' lang='lat' dir='ltr'>a</span> <span class='ocrx_word' id='word_1_702' title='bbox 2331 3474 2477 3527; x_wconf 89' lang='lat' dir='ltr'>Fano</span> <span class='ocrx_word' id='word_1_703' title='bbox 2502 3471 2569 3526; x_wconf 90' lang='lat' dir='ltr'>ad</span> <span class='ocrx_word' id='word_1_704' title='bbox 2590 3469 2969 3528; x_wconf 88' lang='lat' dir='ltr'>Chalcedonem</span> <span class='ocrx_word' id='word_1_705' title='bbox 2992 3482 3116 3526; x_wconf 90' lang='lat' dir='ltr'>sunt</span> <span class='ocrx_word' id='word_1_706' title='bbox 3132 3483 3343 3526; x_wconf 87' lang='lat' dir='ltr'>centum</span> <span class='ocrx_word' id='word_1_707' title='bbox 3366 3483 3420 3526; x_wconf 88' lang='lat' dir='ltr'>ct</span> <span class='ocrx_word' id='word_1_708' title='bbox 3436 3472 3617 3542; x_wconf 80' lang='lat' dir='ltr'>viginti</span> <span class='ocrx_word' id='word_1_709' title='bbox 3641 3469 3827 3524; x_wconf 86' lang='lat' dir='ltr'>stadia.</span> 
     </span>
    </p>
   </div>
   <div class='ocr_carea' id='block_1_7' title="bbox 649 3558 3833 3870">
    <p class='ocr_par' dir='ltr' id='par_1_11' title="bbox 2282 3558 3833 3810">
     <span class='ocr_line' id='line_1_93' title="bbox 2282 3558 3828 3632; baseline -0.002 -18"><span class='ocrx_word' id='word_1_710' title='bbox 2282 3559 2444 3630; x_wconf 90' lang='lat' dir='ltr'>Quod</span> <span class='ocrx_word' id='word_1_711' title='bbox 2467 3571 2639 3616; x_wconf 87' lang='lat' dir='ltr'>autem</span> <span class='ocrx_word' id='word_1_712' title='bbox 2663 3559 2809 3614; x_wconf 88' lang='lat' dir='ltr'>addit</span> <span class='ocrx_word' id='word_1_713' title='bbox 2832 3559 2899 3614; x_wconf 85' lang='lat' dir='ltr'>ab</span> <span class='ocrx_word' id='word_1_714' title='bbox 2925 3559 3009 3615; x_wconf 87' lang='lat' dir='ltr'>bis</span> <span class='ocrx_word' id='word_1_715' title='bbox 3040 3561 3286 3632; x_wconf 86' lang='lat' dir='ltr'>angustiis</span> <span class='ocrx_word' id='word_1_716' title='bbox 3312 3558 3381 3613; x_wconf 90' lang='lat' dir='ltr'>ad</span> <span class='ocrx_word' id='word_1_717' title='bbox 3416 3559 3587 3614; x_wconf 85' lang='lat' dir='ltr'>sauccs</span> <span class='ocrx_word' id='word_1_718' title='bbox 3612 3558 3828 3631; x_wconf 86' lang='lat' dir='ltr'>primas,</span> 
     </span>
     <span class='ocr_line' id='line_1_94' title="bbox 2284 3645 3833 3722; baseline -0.002 -20"><span class='ocrx_word' id='word_1_719' title='bbox 2284 3648 2376 3702; x_wconf 91' lang='lat' dir='ltr'>ubi</span> <span class='ocrx_word' id='word_1_720' title='bbox 2405 3647 2706 3722; x_wconf 87' lang='lat' dir='ltr'>Phinopolis</span> <span class='ocrx_word' id='word_1_721' title='bbox 2734 3657 2842 3714; x_wconf 90' lang='lat' dir='ltr'>est,</span> <span class='ocrx_word' id='word_1_722' title='bbox 2862 3649 3015 3702; x_wconf 86' lang='lat' dir='ltr'>vm.</span> <span class='ocrx_word' id='word_1_723' title='bbox 3034 3650 3112 3704; x_wconf 84' lang='lat' dir='ltr'>M.</span> <span class='ocrx_word' id='word_1_724' title='bbox 3133 3649 3335 3702; x_wconf 87' lang='lat' dir='ltr'>DCCL.</span> <span class='ocrx_word' id='word_1_725' title='bbox 3362 3645 3636 3719; x_wconf 83' lang='lat' dir='ltr'>(designat</span> <span class='ocrx_word' id='word_1_726' title='bbox 3659 3645 3833 3701; x_wconf 78' lang='lat' dir='ltr'>fauces</span> 
     </span>
     <span class='ocr_line' id='line_1_95' title="bbox 649 3734 3832 3870; baseline -0.003 -74.726"><span class='ocrx_word' id='word_1_727' title='bbox 649 3753 2449 3870; x_wconf 56' lang='grc' dir='ltr'><strong>Ἤ-ιμορι</strong></span> <span class='ocrx_word' id='word_1_728' title='bbox 2474 3738 2738 3809; x_wconf 89' lang='lat' dir='ltr'>Cyaneas,</span> <span class='ocrx_word' id='word_1_729' title='bbox 2759 3753 2881 3789; x_wconf 89' lang='lat' dir='ltr'>cum</span> <span class='ocrx_word' id='word_1_730' title='bbox 2906 3734 3037 3790; x_wconf 84' lang='lat' dir='ltr'>dicit</span> <span class='ocrx_word' id='word_1_731' title='bbox 3060 3735 3134 3790; x_wconf 90' lang='lat' dir='ltr'>ibi</span> <span class='ocrx_word' id='word_1_732' title='bbox 3158 3753 3271 3789; x_wconf 71' lang='lat' dir='ltr'>esse</span> <span class='ocrx_word' id='word_1_733' title='bbox 3290 3734 3652 3808; x_wconf 88' lang='lat' dir='ltr'>Phinopolim,</span> <span class='ocrx_word' id='word_1_734' title='bbox 3673 3749 3832 3805; x_wconf 90' lang='lat' dir='ltr'>quam</span> 
     </span>
    </p>
   </div>
   <div class='ocr_carea' id='block_1_8' title="bbox 2282 3911 3840 5402">
    <p class='ocr_par' dir='ltr' id='par_1_12' title="bbox 2282 3911 3840 5402">
     <span class='ocr_line' id='line_1_96' title="bbox 2289 3911 3832 3988; baseline -0.003 -19"><span class='ocrx_word' id='word_1_735' title='bbox 2289 3914 2514 3988; x_wconf 87' lang='lat' dir='ltr'>amplius</span> <span class='ocrx_word' id='word_1_736' title='bbox 2538 3915 2816 3981; x_wconf 81' lang='lat' dir='ltr'>existebat,</span> <span class='ocrx_word' id='word_1_737' title='bbox 2835 3925 2891 3968; x_wconf 88' lang='lat' dir='ltr'>at</span> <span class='ocrx_word' id='word_1_738' title='bbox 2914 3914 3217 3987; x_wconf 87' lang='lat' dir='ltr'>Phinopolis</span> <span class='ocrx_word' id='word_1_739' title='bbox 3242 3923 3295 3968; x_wconf 86' lang='lat' dir='ltr'>et</span> <span class='ocrx_word' id='word_1_740' title='bbox 3316 3915 3582 3969; x_wconf 86' lang='lat' dir='ltr'>Strabonis</span> <span class='ocrx_word' id='word_1_741' title='bbox 3608 3923 3663 3966; x_wconf 86' lang='lat' dir='ltr'>et</span> <span class='ocrx_word' id='word_1_742' title='bbox 3676 3911 3832 3966; x_wconf 88' lang='lat' dir='ltr'>Plinii</span> 
     </span>
     <span class='ocr_line' id='line_1_97' title="bbox 2285 3989 3831 4063; baseline -0.003 -16"><span class='ocrx_word' id='word_1_743' title='bbox 2285 4003 2341 4047; x_wconf 85' lang='grc' dir='ltr'>ιι</span> <span class='ocrx_word' id='word_1_744' title='bbox 2360 3993 2608 4048; x_wconf 87' lang='lat' dir='ltr'>Ptolemai</span> <span class='ocrx_word' id='word_1_745' title='bbox 2622 4003 2769 4047; x_wconf 64' lang='lat' dir='ltr'>aetate</span> <span class='ocrx_word' id='word_1_746' title='bbox 2788 3991 3009 4062; x_wconf 79' lang='lat' dir='ltr'>vigebat,</span> <span class='ocrx_word' id='word_1_747' title='bbox 3026 4002 3078 4045; x_wconf 84' lang='lat' dir='ltr'>ct</span> <span class='ocrx_word' id='word_1_748' title='bbox 3094 3989 3161 4044; x_wconf 87' lang='lat' dir='ltr'>ad</span> <span class='ocrx_word' id='word_1_749' title='bbox 3179 3993 3470 4063; x_wconf 88' lang='lat' dir='ltr'>Bosporum</span> <span class='ocrx_word' id='word_1_750' title='bbox 3488 3991 3708 4045; x_wconf 89' lang='lat' dir='ltr'>omnino</span> <span class='ocrx_word' id='word_1_751' title='bbox 3723 4007 3831 4044; x_wconf 88' lang='lat' dir='ltr'>non</span> 
     </span>
     <span class='ocr_line' id='line_1_98' title="bbox 2283 4068 3835 4146; baseline -0.003 -21"><span class='ocrx_word' id='word_1_752' title='bbox 2283 4071 2527 4143; x_wconf 88' lang='lat' dir='ltr'>pertinet.</span> <span class='ocrx_word' id='word_1_753' title='bbox 2556 4072 2688 4124; x_wconf 86' lang='lat' dir='ltr'>Nam</span> <span class='ocrx_word' id='word_1_754' title='bbox 2724 4070 2769 4122; x_wconf 90' lang='lat' dir='ltr'>si</span> <span class='ocrx_word' id='word_1_755' title='bbox 2804 4068 3073 4146; x_wconf 49' lang='lat' dir='ltr'>nonnulli„</span> <span class='ocrx_word' id='word_1_756' title='bbox 3102 4079 3164 4122; x_wconf 86' lang='lat' dir='ltr'>ut</span> <span class='ocrx_word' id='word_1_757' title='bbox 3186 4069 3469 4140; x_wconf 80' lang='lat' dir='ltr'>Kicpcrtus</span> <span class='ocrx_word' id='word_1_758' title='bbox 3500 4069 3740 4140; x_wconf 87' lang='lat' dir='ltr'>(quem⁹</span> <span class='ocrx_word' id='word_1_759' title='bbox 3724 4084 3835 4140; x_wconf 75' lang='lat' dir='ltr'>ipse</span> 
     </span>
     <span class='ocr_line' id='line_1_99' title="bbox 2284 4146 3828 4222; baseline -0.003 -17"><span class='ocrx_word' id='word_1_760' title='bbox 2284 4151 2409 4204; x_wconf 88' lang='lat' dir='ltr'>olim</span> <span class='ocrx_word' id='word_1_761' title='bbox 2433 4160 2637 4205; x_wconf 85' lang='lat' dir='ltr'>secutus</span> <span class='ocrx_word' id='word_1_762' title='bbox 2662 4147 2836 4222; x_wconf 83' lang='lat' dir='ltr'>sum),</span> <span class='ocrx_word' id='word_1_763' title='bbox 2864 4166 2973 4203; x_wconf 89' lang='lat' dir='ltr'>non</span> <span class='ocrx_word' id='word_1_764' title='bbox 3006 4147 3159 4219; x_wconf 82' lang='lat' dir='ltr'>longe</span> <span class='ocrx_word' id='word_1_765' title='bbox 3184 4165 3216 4201; x_wconf 85' lang='lat' dir='ltr'>a</span> <span class='ocrx_word' id='word_1_766' title='bbox 3255 4148 3475 4220; x_wconf 80' lang='lat' dir='ltr'>Cyaneis</span> <span class='ocrx_word' id='word_1_767' title='bbox 3504 4146 3557 4201; x_wconf 89' lang='lat' dir='ltr'>id</span> <span class='ocrx_word' id='word_1_768' title='bbox 3586 4157 3828 4219; x_wconf 87' lang='lat' dir='ltr'>ponunt,</span> 
     </span>
     <span class='ocr_line' id='line_1_100' title="bbox 2284 4225 3835 4298; baseline -0.003 -15"><span class='ocrx_word' id='word_1_769' title='bbox 2284 4230 2511 4285; x_wconf 85' lang='lat' dir='ltr'>maxime</span> <span class='ocrx_word' id='word_1_770' title='bbox 2524 4230 2765 4284; x_wconf 88' lang='lat' dir='ltr'>nituntur</span> <span class='ocrx_word' id='word_1_771' title='bbox 2779 4227 2933 4282; x_wconf 86' lang='lat' dir='ltr'>Plinii</span> <span class='ocrx_word' id='word_1_772' title='bbox 2950 4227 3068 4281; x_wconf 92' lang='lat' dir='ltr'>loco</span> <span class='ocrx_word' id='word_1_773' title='bbox 3084 4226 3291 4298; x_wconf 89' lang='lat' dir='ltr'>qualem</span> <span class='ocrx_word' id='word_1_774' title='bbox 3314 4226 3569 4280; x_wconf 70' lang='lat' dir='ltr'>editiones</span> <span class='ocrx_word' id='word_1_775' title='bbox 3585 4225 3835 4279; x_wconf 83' lang='lat' dir='ltr'>exhibere</span> 
     </span>
     <span class='ocr_line' id='line_1_101' title="bbox 2282 4303 3836 4379; baseline -0.003 -16"><span class='ocrx_word' id='word_1_776' title='bbox 2282 4307 2535 4364; x_wconf 83' lang='lat' dir='ltr'>solebant.</span> <span class='ocrx_word' id='word_1_777' title='bbox 2550 4307 2733 4363; x_wconf 88' lang='lat' dir='ltr'>Strabo</span> <span class='ocrx_word' id='word_1_778' title='bbox 2758 4305 3015 4379; x_wconf 91' lang='lat' dir='ltr'>oppidum</span> <span class='ocrx_word' id='word_1_779' title='bbox 3039 4305 3106 4360; x_wconf 88' lang='lat' dir='ltr'>ad</span> <span class='ocrx_word' id='word_1_780' title='bbox 3124 4304 3505 4378; x_wconf 69' lang='lat' dir='ltr'>Salmydeasum</span> <span class='ocrx_word' id='word_1_781' title='bbox 3522 4305 3679 4359; x_wconf 88' lang='lat' dir='ltr'>Ponti</span> <span class='ocrx_word' id='word_1_782' title='bbox 3710 4303 3836 4358; x_wconf 86' lang='lat' dir='ltr'>litus</span> 
     </span>
     <span class='ocr_line' id='line_1_102' title="bbox 2282 4382 3839 4457; baseline -0.003 -15"><span class='ocrx_word' id='word_1_783' title='bbox 2282 4387 2525 4454; x_wconf 79' lang='lat' dir='ltr'>collocat3</span> <span class='ocrx_word' id='word_1_784' title='bbox 2565 4385 2872 4443; x_wconf 71' lang='lat' dir='ltr'>Ptolemaeus</span> <span class='ocrx_word' id='word_1_785' title='bbox 2910 4383 3183 4439; x_wconf 63' lang='lat' dir='ltr'>‘Producitur</span> <span class='ocrx_word' id='word_1_786' title='bbox 3227 4382 3577 4457; x_wconf 78' lang='grc' dir='ltr'><strong>(Φιλόπολιν)</strong></span> <span class='ocrx_word' id='word_1_787' title='bbox 3604 4402 3637 4439; x_wconf 83' lang='grc' dir='ltr'>ι</span> <span class='ocrx_word' id='word_1_788' title='bbox 3668 4383 3839 4438; x_wconf 87' lang='lat' dir='ltr'>Philia</span> 
     </span>
     <span class='ocr_line' id='line_1_103' title="bbox 2282 4459 3834 4540; baseline -0.003 -19"><span class='ocrx_word' id='word_1_789' title='bbox 2282 4467 2644 4540; x_wconf 88' lang='lat' dir='ltr'>promontorio</span> <span class='ocrx_word' id='word_1_790' title='bbox 2664 4475 2875 4520; x_wconf 86' lang='lat' dir='ltr'>centum</span> <span class='ocrx_word' id='word_1_791' title='bbox 2902 4463 3067 4519; x_wconf 88' lang='lat' dir='ltr'>stadia</span> <span class='ocrx_word' id='word_1_792' title='bbox 3097 4481 3272 4517; x_wconf 79' lang='lat' dir='ltr'>versus</span> <span class='ocrx_word' id='word_1_793' title='bbox 3298 4462 3571 4517; x_wconf 88' lang='lat' dir='ltr'>meridiem</span> <span class='ocrx_word' id='word_1_794' title='bbox 3599 4459 3834 4516; x_wconf 87' lang='lat' dir='ltr'>dissitam</span> 
     </span>
     <span class='ocr_line' id='line_1_104' title="bbox 2284 4539 3833 4615; baseline -0.004 -15"><span class='ocrx_word' id='word_1_795' title='bbox 2284 4556 2459 4612; x_wconf 88' lang='lat' dir='ltr'>notat,</span> <span class='ocrx_word' id='word_1_796' title='bbox 2485 4543 2616 4600; x_wconf 87' lang='lat' dir='ltr'>adeo</span> <span class='ocrx_word' id='word_1_797' title='bbox 2641 4554 2701 4598; x_wconf 91' lang='lat' dir='ltr'>ut</span> <span class='ocrx_word' id='word_1_798' title='bbox 2717 4542 2786 4599; x_wconf 89' lang='lat' dir='ltr'>ad</span> <span class='ocrx_word' id='word_1_799' title='bbox 2812 4547 3033 4598; x_wconf 75' lang='lat' dir='ltr'>Der-cum</span> <span class='ocrx_word' id='word_1_800' title='bbox 3056 4542 3226 4596; x_wconf 87' lang='lat' dir='ltr'>lacum</span> <span class='ocrx_word' id='word_1_801' title='bbox 3252 4541 3495 4615; x_wconf 87' lang='lat' dir='ltr'>ponenda</span> <span class='ocrx_word' id='word_1_802' title='bbox 3518 4541 3605 4595; x_wconf 89' lang='lat' dir='ltr'>sit.</span> <span class='ocrx_word' id='word_1_803' title='bbox 3632 4539 3833 4595; x_wconf 89' lang='lat' dir='ltr'>Eodem</span> 
     </span>
     <span class='ocr_line' id='line_1_105' title="bbox 2285 4617 3833 4696; baseline -0.004 -18"><span class='ocrx_word' id='word_1_804' title='bbox 2285 4623 2483 4678; x_wconf 74' lang='lat' dir='ltr'>faciunt</span> <span class='ocrx_word' id='word_1_805' title='bbox 2498 4621 2641 4696; x_wconf 90' lang='lat' dir='ltr'>quod</span> <span class='ocrx_word' id='word_1_806' title='bbox 2664 4625 2860 4676; x_wconf 73' lang='lat' dir='ltr'>Demus</span> <span class='ocrx_word' id='word_1_807' title='bbox 2876 4619 3017 4674; x_wconf 86' lang='lat' dir='ltr'>lacus</span> <span class='ocrx_word' id='word_1_808' title='bbox 3034 4639 3066 4674; x_wconf 91' lang='lat' dir='ltr'>a</span> <span class='ocrx_word' id='word_1_809' title='bbox 3082 4621 3291 4674; x_wconf 84' lang='lat' dir='ltr'>Zosimo</span> <span class='ocrx_word' id='word_1_810' title='bbox 3312 4617 3333 4692; x_wconf 92' lang='lat'>(</span> <span class='ocrx_word' id='word_1_811' title='bbox 3355 4637 3404 4686; x_wconf 89' lang='lat'>1,</span> <span class='ocrx_word' id='word_1_812' title='bbox 3434 4619 3533 4693; x_wconf 84' lang='lat'>34)</span> <span class='ocrx_word' id='word_1_813' title='bbox 3565 4617 3833 4686; x_wconf 79' lang='grc' dir='ltr'><strong>Φιλιατῑνη</strong></span> 
     </span>
     <span class='ocr_line' id='line_1_106' title="bbox 2284 4693 3833 4775; baseline -0.005 -20"><span class='ocrx_word' id='word_1_814' title='bbox 2284 4703 2437 4774; x_wconf 78' lang='grc' dir='ltr'><strong>λίμνη</strong></span> <span class='ocrx_word' id='word_1_815' title='bbox 2464 4699 2748 4775; x_wconf 82' lang='lat' dir='ltr'>appellatur</span> <span class='ocrx_word' id='word_1_816' title='bbox 2772 4709 2826 4752; x_wconf 84' lang='lat' dir='ltr'>et</span> <span class='ocrx_word' id='word_1_817' title='bbox 2850 4697 2995 4770; x_wconf 86' lang='lat' dir='ltr'>quod</span> <span class='ocrx_word' id='word_1_818' title='bbox 3030 4698 3321 4770; x_wconf 82' lang='lat' dir='ltr'>Stephanus</span> <span class='ocrx_word' id='word_1_819' title='bbox 3350 4699 3407 4753; x_wconf 87' lang='grc' dir='ltr'><strong><em>Β.</em></strong></span> <span class='ocrx_word' id='word_1_820' title='bbox 3436 4697 3618 4751; x_wconf 88' lang='lat' dir='ltr'>dicit:</span> <span class='ocrx_word' id='word_1_821' title='bbox 3649 4693 3833 4759; x_wconf 76' lang='grc' dir='ltr'><strong>Φιλία,</strong></span> 
     </span>
     <span class='ocr_line' id='line_1_107' title="bbox 2285 4769 3835 4851; baseline -0.005 -17"><span class='ocrx_word' id='word_1_822' title='bbox 2285 4781 2435 4834; x_wconf 76' lang='grc' dir='ltr'><strong>ἄλλοι</strong></span> <span class='ocrx_word' id='word_1_823' title='bbox 2450 4779 2506 4835; x_wconf 72' lang='grc' dir='ltr'>δι</span> <span class='ocrx_word' id='word_1_824' title='bbox 2520 4779 2700 4834; x_wconf 71' lang='grc' dir='ltr'><strong>Φινίαν</strong></span> <span class='ocrx_word' id='word_1_825' title='bbox 2724 4778 2977 4851; x_wconf 69' lang='grc' dir='ltr'><strong>γράφουσι..</strong></span> <span class='ocrx_word' id='word_1_826' title='bbox 2999 4776 3157 4850; x_wconf 81' lang='lat' dir='ltr'>Apud</span> <span class='ocrx_word' id='word_1_827' title='bbox 3174 4776 3401 4831; x_wconf 89' lang='lat' dir='ltr'>Plinium</span> <span class='ocrx_word' id='word_1_828' title='bbox 3418 4792 3563 4847; x_wconf 88' lang='lat' dir='ltr'>pro.</span> <span class='ocrx_word' id='word_1_829' title='bbox 3542 4769 3835 4846; x_wconf 73' lang='lat' dir='ltr'>Spiropolis</span> 
     </span>
     <span class='ocr_line' id='line_1_108' title="bbox 2285 4850 3838 4930; baseline -0.006 -16"><span class='ocrx_word' id='word_1_830' title='bbox 2285 4859 2545 4914; x_wconf 85' lang='lat' dir='ltr'>Barbarus</span> <span class='ocrx_word' id='word_1_831' title='bbox 2580 4854 2913 4912; x_wconf 85' lang='lat' dir='ltr'>scribendum</span> <span class='ocrx_word' id='word_1_832' title='bbox 2936 4856 3211 4930; x_wconf 85' lang='lat' dir='ltr'>proposuit</span> <span class='ocrx_word' id='word_1_833' title='bbox 3233 4853 3595 4928; x_wconf 83' lang='lat' dir='ltr'>Bospompolis</span> <span class='ocrx_word' id='word_1_834' title='bbox 3623 4850 3703 4905; x_wconf 83' lang='lat' dir='ltr'>vel</span> <span class='ocrx_word' id='word_1_835' title='bbox 3724 4855 3838 4905; x_wconf 80' lang='lat' dir='ltr'>See-</span> 
     </span>
     <span class='ocr_line' id='line_1_109' title="bbox 2287 4930 3837 5028; baseline -0.007 -36"><span class='ocrx_word' id='word_1_836' title='bbox 2287 4937 2510 5012; x_wconf 78' lang='lat' dir='ltr'>nopolis.</span> <span class='ocrx_word' id='word_1_837' title='bbox 2538 4939 2648 5008; x_wconf 84' lang='lat' dir='ltr'>Ego</span> <span class='ocrx_word' id='word_1_838' title='bbox 2668 4937 2903 5028; x_wconf 78' lang='lat' dir='ltr'>suspicor</span> <span class='ocrx_word' id='word_1_839' title='bbox 2928 4935 3083 4989; x_wconf 75' lang='lat' dir='ltr'>finisse</span> <span class='ocrx_word' id='word_1_840' title='bbox 3108 4932 3414 5006; x_wconf 79' lang='lat' dir='ltr'>Uriopolim,</span> <span class='ocrx_word' id='word_1_841' title='bbox 3440 4931 3625 4986; x_wconf 89' lang='lat' dir='ltr'>urbem</span> <span class='ocrx_word' id='word_1_842' title='bbox 3653 4947 3684 4983; x_wconf 86' lang='lat' dir='ltr'>a</span> <span class='ocrx_word' id='word_1_843' title='bbox 3703 4930 3837 4982; x_wconf 80' lang='lat' dir='ltr'>Jove</span> 
     </span>
     <span class='ocr_line' id='line_1_110' title="bbox 2289 5008 3837 5084; baseline -0.006 -15"><span class='ocrx_word' id='word_1_844' title='bbox 2289 5015 2424 5069; x_wconf 88' lang='lat' dir='ltr'>Urio</span> <span class='ocrx_word' id='word_1_845' title='bbox 2456 5013 2677 5080; x_wconf 80' lang='lat' dir='ltr'>dictam3</span> <span class='ocrx_word' id='word_1_846' title='bbox 2715 5014 2771 5067; x_wconf 92' lang='lat' dir='ltr'>in</span> <span class='ocrx_word' id='word_1_847' title='bbox 2794 5013 2988 5084; x_wconf 79' lang='lat' dir='ltr'>Geogr.</span> <span class='ocrx_word' id='word_1_848' title='bbox 3010 5015 3240 5066; x_wconf 81' lang='lat' dir='ltr'>Ravenn.</span> <span class='ocrx_word' id='word_1_849' title='bbox 3286 5008 3424 5065; x_wconf 78' lang='lat' dir='ltr'>Fani</span> <span class='ocrx_word' id='word_1_850' title='bbox 3448 5008 3594 5063; x_wconf 90' lang='lat' dir='ltr'>locus</span> <span class='ocrx_word' id='word_1_851' title='bbox 3617 5016 3837 5061; x_wconf 80' lang='lat' dir='ltr'>vocatur</span> 
     </span>
     <span class='ocr_line' id='line_1_111' title="bbox 2300 5053 3837 5175; baseline -0.007 -27"><span class='ocrx_word' id='word_1_852' title='bbox 2300 5092 2482 5158; x_wconf 81' lang='lat' dir='ltr'>Urion,</span> <span class='ocrx_word' id='word_1_853' title='bbox 2498 5093 2647 5148; x_wconf 88' lang='lat' dir='ltr'>sicuti</span> <span class='ocrx_word' id='word_1_854' title='bbox 2662 5053 2782 5146; x_wconf 72' lang='lat' dir='ltr'>²alibi</span> <span class='ocrx_word' id='word_1_855' title='bbox 2802 5108 3011 5164; x_wconf 89' lang='lat' dir='ltr'>quoque</span> <span class='ocrx_word' id='word_1_856' title='bbox 3027 5087 3203 5160; x_wconf 76' lang='grc' dir='ltr'><strong>Οόρια,</strong></span> <span class='ocrx_word' id='word_1_857' title='bbox 3224 5087 3421 5160; x_wconf 73' lang='grc' dir='ltr'><strong>Οὔριον,</strong></span> <span class='ocrx_word' id='word_1_858' title='bbox 3446 5086 3619 5159; x_wconf 68' lang='lat' dir='ltr'>&#39;thov</span> <span class='ocrx_word' id='word_1_859' title='bbox 3639 5082 3837 5175; x_wconf 87' lang='lat' dir='ltr'>oppida</span> 
     </span>
     <span class='ocr_line' id='line_1_112' title="bbox 2290 5163 3840 5240; baseline -0.008 -12"><span class='ocrx_word' id='word_1_860' title='bbox 2290 5183 2593 5228; x_wconf 86' lang='lat' dir='ltr'>occurrunt.</span> <span class='ocrx_word' id='word_1_861' title='bbox 2614 5171 2723 5226; x_wconf 85' lang='lat' dir='ltr'>Nisi</span> <span class='ocrx_word' id='word_1_862' title='bbox 2738 5170 3067 5225; x_wconf 87' lang='lat' dir='ltr'>librariorum</span> <span class='ocrx_word' id='word_1_863' title='bbox 3085 5167 3237 5240; x_wconf 89' lang='lat' dir='ltr'>culpa</span> <span class='ocrx_word' id='word_1_864' title='bbox 3252 5166 3545 5239; x_wconf 88' lang='lat' dir='ltr'>Uriopolis⁹</span> <span class='ocrx_word' id='word_1_865' title='bbox 3530 5183 3587 5219; x_wconf 88' lang='grc' dir='ltr'>ιιι</span> <span class='ocrx_word' id='word_1_866' title='bbox 3599 5163 3840 5238; x_wconf 76' lang='lat' dir='ltr'>Spiropo-</span> 
     </span>
     <span class='ocr_line' id='line_1_113' title="bbox 2292 5243 3836 5323; baseline -0.006 -18"><span class='ocrx_word' id='word_1_867' title='bbox 2292 5251 2363 5306; x_wconf 82' lang='lat' dir='ltr'>lis</span> <span class='ocrx_word' id='word_1_868' title='bbox 2379 5251 2539 5317; x_wconf 88' lang='lat' dir='ltr'>abiit,</span> <span class='ocrx_word' id='word_1_869' title='bbox 2552 5251 2661 5304; x_wconf 81' lang='lat' dir='ltr'>fieri</span> <span class='ocrx_word' id='word_1_870' title='bbox 2679 5251 2887 5323; x_wconf 87' lang='lat' dir='ltr'>potuit,</span> <span class='ocrx_word' id='word_1_871' title='bbox 2906 5260 2966 5303; x_wconf 86' lang='lat' dir='ltr'>ut</span> <span class='ocrx_word' id='word_1_872' title='bbox 2982 5248 3165 5320; x_wconf 89' lang='lat' dir='ltr'>aliquis</span> <span class='ocrx_word' id='word_1_873' title='bbox 3190 5247 3404 5301; x_wconf 89' lang='lat' dir='ltr'>latinam</span> <span class='ocrx_word' id='word_1_874' title='bbox 3422 5262 3602 5300; x_wconf 81' lang='lat' dir='ltr'>vocem</span> <span class='ocrx_word' id='word_1_875' title='bbox 3621 5243 3836 5314; x_wconf 83' lang='lat' dir='ltr'>fingeret</span> 
     </span>
     <span class='ocr_line' id='line_1_114' title="bbox 2292 5291 3239 5402; baseline -0.005 -18"><span class='ocrx_word' id='word_1_876' title='bbox 2292 5347 2397 5402; x_wconf 88' lang='lat' dir='ltr'>qua</span> <span class='ocrx_word' id='word_1_877' title='bbox 2422 5291 2565 5384; x_wconf 76' lang='lat' dir='ltr'>Iovis</span> <span class='ocrx_word' id='word_1_878' title='bbox 2587 5327 2748 5400; x_wconf 77' lang='grc' dir='ltr'>οὖρίου</span> <span class='ocrx_word' id='word_1_879' title='bbox 2771 5345 2963 5382; x_wconf 87' lang='lat' dir='ltr'>nomen</span> <span class='ocrx_word' id='word_1_880' title='bbox 2980 5325 3239 5381; x_wconf 69' lang='lat' dir='ltr'>redderet.</span> 
     </span>
    </p>
   </div>
  </div>
 </body>
</html>
