4584 6284
1089 593 1248 654 Xlll.
1291 594 1838 655 ΣΚΑΜΑΝΔΡΟΣ.

777 771 817 811 ι.
850 747 1198 831 Σκάμανδρος
1225 749 1462 828 ποταμός
1505 752 1618 809 ἐστι
1643 755 1736 824 τῆς
1774 750 2042 828 Τρωάδος.
2091 749 2256 812 Ἐκα-

690 839 830 899 letto
859 839 912 896 δὲ
942 835 1190 918 πρότερον
1211 838 1449 910 Ξάνθος,
1487 838 1870 920 μετωνομάσθη
1901 838 1954 897 δὲ
1986 840 2052 896 δι’
2082 839 2257 897 αἰτίαν

693 923 959 996 τοιαύτην.
1046 925 1412 1005 Σκάμανδρος,
1449 924 1786 1004 Κορύὸαντος
1834 924 1924 984 καὶ
1956 925 2259 1002 Δημοδίκης

687 1019 830 1085 παῖς,
857 1017 961 1072 τῶν
994 1017 1088 1085 τῆς
1121 1012 1282 1081 Ῥέας
1309 1014 1616 1094 μυστηρίων
1641 1013 1964 1090 τελουμένων
1992 1015 2258 1098 αἰφνιδίως

694 1100 820 1178 [τὴν
865 1103 1022 1175 θεὰν]
1069 1103 1421 1182 θεασάμενος,
1479 1102 1720 1182 ἐμμανὴς
1760 1102 1963 1183 ἐγένετο
2006 1103 2099 1166 καὶ
2140 1107 2255 1183 μεθ’

689 1193 853 1269 ὁρμῆς
881 1190 970 1249 ἐπὶ
1020 1191 1230 1252 Ξάνθον
1258 1191 1350 1250 τὸν
1394 1191 1637 1270 ποταμὸν
1667 1192 1918 1274 ἕνεχθεὶς,
1960 1190 2142 1252 ἑαυτὸν
2183 1195 2254 1260 εἰς

687 1282 866 1339 τοῦτον
906 1278 1119 1351 ἔὸαλεν,
1168 1277 1225 1349 ὃς
1267 1283 1362 1339 ἀπ’
1385 1281 1543 1340 αὖτοῧ
1572 1281 1913 1362 Σκάμανδρος
1943 1281 2253 1361 μετωνομά-

689 1372 811 1438 σθη.

765 1475 813 1516 2.
851 1457 1116 1520 Γεννᾶται
1139 1453 1184 1516 δ’
1213 1458 1268 1516 ἐν
1297 1460 1441 1542 αὐτῷ
1462 1457 1654 1538 βοτάνη
1677 1465 1910 1540 σεῑστρος
1931 1455 2252 1536 καλουμένη,

686 1545 1062 1624 παραπλήσιος
1103 1543 1386 1629 ἰρεὸίνθῳ,
1415 1547 1634 1616 κόκκους
1670 1543 1724 1607 δὲ
1766 1547 1878 1629 ἔχει
1922 1547 2253 1625 σειομένους,

687 1631 802 1693 ὅθεν
851 1632 949 1708 τὴν
977 1634 1336 1715 προσηγορίαν
1385 1635 1597 1698 ἔλαὸεν·
1636 1634 1833 1709 ταύτην
1862 1637 1911 1695 οῖ
1941 1637 2251 1716 κατέχοντες

689 1717 810 1781 οὔτε
845 1723 1140 1802 φαντασίαν
1178 1721 1296 1782 οὔτε
1325 1721 1438 1784 θεὸν
1483 1723 1701 1806 ὀφθέντα
1745 1723 2047 1806 φοὸοῦνται,
2079 1724 2253 1793 καθὼς

686 1811 888 1891 ἱστορεῖ
921 1811 1299 1892 Δημόστρατος
1319 1813 1373 1871 ἐν
1405 1811 1453 1894 β’
1473 1811 1592 1893 περὶ
1627 1816 1910 1892 Ποταμῶν.

770 1921 822 1965 a·
865 1900 1200 1984 Παράκειται
1229 1903 1274 1960 δ’
1299 1904 1444 1986 αὐτῷ
1471 1901 1590 1982 ὅρος
1617 1899 1738 1976 Ἴδη
1759 1947 1778 1979 ,
1813 1903 1872 1964 τὸ
1905 1901 2154 1982 πρότερον
2193 1902 2250 1963 δὲ

690 1991 935 2051 ἐκαλεῖτο
961 1989 1254 2072 Γάργαρον,
1301 1989 1432 2050 ὅπου
1458 1990 1584 2059 Διὸς
1617 1990 1710 2053 καὶ
1741 1992 1958 2070 Μητρὸς
1995 1992 2124 2051 θεῶν
2151 1995 2253 2072 βω-

693 2078 784 2158 μοὶ
825 2077 1193 2159 τυγχάνουσιν.
1277 2078 1396 2154 Ἴδη
1437 2079 1491 2140 δὲ
1539 2080 1917 2160 μετωνομάσθη
1964 2082 2029 2139 δι’
2079 2079 2252 2140 αἰτίαν

688 2165 963 2240 τοιαύτην.
1047 2167 1346 2249 Αἰγέσθιος,
1375 2173 1405 2230 ὁ
1425 2169 1684 2248 γεννηθεὶς
1706 2174 1768 2231 ἐκ
1787 2175 1878 2230 τοῦ
1903 2168 2023 2237 Διὸς
2047 2190 2208 2254 φορου
2223 2170 2254 2202 ¹*

689 2256 852 2337 κόρης
902 2255 1049 2331 Ἴδης
1095 2258 1328 2339 ἐρασθεὶς
1381 2262 1600 2332 συνῆλθε
1647 2264 1712 2340 τῇ
1759 2259 2111 2340 προειρημένῃ
2161 2259 2254 2318 καὶ

692 2345 964 2425 έγέννησεν
1011 2345 1062 2416 ἐξ
1088 2349 1250 2419 αὖτῆς
1288 2347 1407 2416 τοὺς
1446 2347 1743 2428 εἰρημένους
1779 2348 1997 2417 Ἰδαίους
2036 2346 2256 2408 Δακτύ-

691 2436 833 2500 λους.
921 2435 1212 2510 Γενομένης
1240 2435 1285 2494 δ’
1307 2439 1468 2508 αὐτῆς
1498 2437 1715 2516 ἄφρονος
1749 2436 1804 2494 έν
1844 2440 1922 2517 τῷ
1964 2440 2060 2509 τῆς
2101 2431 2256 2503 Ῥέας

691 2518 866 2599 ἀδύτῳ
897 2519 1171 2601 Αἰγέσθιος
1197 2523 1269 2589 εἰς
1315 2523 1473 2599 τιμὴν
1511 2525 1604 2594 τῆς
1639 2523 2021 2604 προειρημένης
2047 2523 2109 2584 τὸ
2136 2522 2253 2598 ὅρος

686 2601 834 2680 Ἴδην
864 2606 1257 2686 μετωνόμασεν.

763 2715 814 2757 4.
860 2697 1118 2760 Γεννᾶται
1145 2697 1190 2756 δ’
1219 2699 1272 2757 ἰν
1318 2700 1463 2781 αύτῷ
1497 2700 1634 2768 λίθος
1677 2698 1921 2783 κρύφιος,
1972 2695 2026 2767 ὃς
2078 2699 2254 2776 μόνοις

685 2790 792 2851 τοῖς
840 2783 1143 2867 μυστηρίοις
1193 2789 1295 2845 τῶν
1345 2790 1473 2848 θεῶν
1517 2789 1776 2869 φαίνεται,
1835 2785 2009 2854 καθὼς
2057 2787 2258 2869 ἱστορεῖ

687 2869 1030 2951 Ἡράκλειτος
1059 2873 1344 2944 Σικυώνιος
1370 2877 1424 2934 ἐν
1447 2874 1499 2955 β’
1529 2875 1651 2956 περὶ
1671 2875 1867 2938 Λίθων.

1203 3039 1361 3100 xlv.
1413 3037 1716 3099 ΤΑΝΑΙΣ.

769 3212 814 3255 1.
859 3194 1062 3262 Τάναϊς
1086 3194 1325 3274 ποταμός
1352 3199 1492 3256 ἐστιν
1517 3201 1610 3268 τῆς
1652 3195 1898 3264 Σκυθίας·
1929 3193 2257 3264 ἔκαλεῖτοδὲ

689 3280 936 3361 πρότερον
968 3283 1268 3358 Ἀμαζόνιος
1299 3281 1384 3342 διὸ
1413 3283 1472 3344 τὸ
1495 3283 1588 3351 τὰς
1614 3283 1899 3361 Ἀμαζόνας
1927 3283 2174 3342 λούεσθαι
2200 3286 2254 3342 ἐν

691 3369 852 3448 αὐτῷ·
883 3369 1266 3448 μετωνομάσθη
1297 3367 1352 3429 δὲ
1373 3372 1440 3430 δι’
1485 3369 1656 3435 αἰτίαν
1683 3369 1953 3442 τοιαύτην.
2037 3370 2258 3444 Τάναΐς,

691 3460 984 3540 Βηρωσσοῦ
1043 3457 1135 3518 καὶ
1164 3457 1446 3532 Λυσίππης
1476 3467 1601 3536 μιᾶς
1642 3461 1746 3518 τῶν
1774 3457 2074 3536 Ἀμαζόνων
2103 3465 2254 3529 παῖς,

696 3547 1120 3630 σωφρονέστατος
1160 3547 1434 3631 ὑπάρχων,
1467 3549 1529 3609 τὸ
1562 3549 1852 3626 γυναικεῖον
1887 3545 2032 3623 γένος
2059 3546 2259 3621 ἐμίσει,

699 3635 854 3716 μόνον
879 3634 1014 3718 Ἄρη
1049 3634 1353 3716 σεὸόμενος,
1385 3640 1438 3697 ἐν
1469 3637 1656 3721 ἀτιμίᾳ
1683 3634 1737 3700 δὲ
1781 3626 1921 3717 εἶχεν
1949 3634 2041 3697 καὶ
2066 3633 2128 3694 τὸ
2156 3658 2254 3715 γα·

697 3732 837 3802 μεῖν.
925 3723 996 3789 Ἦ
1040 3727 1089 3787 δ’
1121 3725 1399 3811 Ἀφροδίτη
1444 3726 1722 3806 ἐπιθυμίαν
1753 3727 1898 3809 αὗτῷ
1924 3729 2019 3798 τῆς
2063 3722 2261 3804 μητρὸς

698 3813 1001 3896 ἐνέσκηψεν.
1070 3813 1139 3877 Ὁ
1163 3817 1218 3877 δὲ
1241 3819 1366 3877 κατ’
1394 3814 1561 3899 ἀρχὰς
1588 3813 1683 3893 μὲν
1710 3813 2037 3895 ἀντεμάχετο
2057 3816 2134 3895 τῷ
2160 3812 2262 3872 πά.

697 3907 791 3962 θει·
820 3901 1101 3982 νικώμενος
1129 3902 1184 3965 δὲ
1227 3902 1332 3965 ὑπὸ
1362 3909 1458 3979 τῆς
1499 3903 1729 3983 ἀνάγκης
1761 3907 1867 3964 τῶν
1907 3903 2126 3982 οἴστρων
2167 3899 2259 3960 καὶ

691 3991 917 4064 εὗσεὸὴς
941 3993 1202 4070 διαμεῖναι
1247 3990 1590 4072 βουλόμενος,
1618 3991 1800 4052 ἑαυτὸν
1831 3989 2037 4072 ἔρριψεν
2068 3990 2141 4056 εἰς
2163 3987 2250 4048 τὸν

697 4078 997 4157 Ἀμαζόνων
1040 4079 1300 4162 ποταμὸν,
1349 4081 1403 4149 ὃς
1451 4082 1546 4140 ἀπ’
1587 4081 1748 4141 αὐτοῦ
1783 4079 1982 4146 Τάναῖς
2027 4099 2254 4156 μετωνο·

699 4165 898 4242 μάσθη.

780 4275 826 4316 α.
873 4258 1124 4322 Γεννᾶται
1153 4253 1209 4316 δὲ
1239 4257 1292 4315 ἐν
1321 4257 1462 4334 αὐτῷ
1483 4254 1646 4338 φυτὸν
1691 4253 1879 4315 ἁλίνδα
1905 4251 2249 4330 καλούμενον·

699 4344 969 4426 παρόμοια
1001 4344 1056 4405 δὲ
1083 4344 1195 4426 ἔχει
1222 4345 1290 4405 τὰ
1331 4344 1502 4428 φύλλα
1539 4343 1806 4426 κράμὸηςι
1892 4344 2067 4403 Τοῦτο
2107 4345 2243 4401 λειο-

697 4433 993 4514 τριὸοῦντες
1023 4436 1069 4495 οῖ
1096 4432 1192 4506 τὴν
1219 4432 1399 4514 χώραν
1438 4437 1797 4499 κατοικοῦντες
1836 4430 2136 4511 ἀλείφονται
2173 4429 2251 4508 τῷ

769 4609 928 4662 XIII.
957 4611 988 4677 S
1016 4625 1063 4663 1.
1087 4605 1176 4674 τὴν
1207 4606 1340 4677 θεὰν]
1379 4606 1553 4679 suppl.
1593 4625 1624 4660 e
1656 4604 1797 4676 conj.
1835 4604 2107 4660 Hereheri.

1907 407 2743 472 PSEUDOPLUTARCHUS

2706 675 2714 684 ·
2756 594 2929 656 xm.
2986 597 3477 661 scAMANnssa.

2426 770 2476 808 1.
2514 753 2833 810 Scamander
2856 757 3079 812 Troadis
3123 760 3316 815 fluvius
3348 772 3458 829 est;
3496 763 3644 836 prius
3670 763 3918 818 Xanthus

2352 851 2661 923 vocabatur3
2691 873 2887 910 nomen
2923 875 3048 914 vero
3069 861 3291 915 mutavit
3315 860 3415 916 hac
3444 860 3511 918 de
3538 881 3714 920 causa.
3783 865 3911 918 Sm-

2350 945 2589 1012 mander‚
2608 949 2921 1022 Corybantis
2944 961 3000 1006 et
3014 951 3327 1008 Demodices
3354 953 3510 1018 filius,
3539 973 3649 1026 quo
3669 965 3888 1028 tempo&

2347 1049 2506 1102 Rheae
2520 1052 2762 1122 mysteria
2781 1051 3193 1122 celebrabantur,
3213 1054 3365 1109 deam
3386 1055 3563 1110 subito
3584 1058 3909 1130 conspiciens

2348 1145 2524 1203 furere
2549 1151 2707 1223 coepit
2728 1161 2785 1206 et
2810 1171 2930 1208 cum
2955 1153 3154 1228 impetu
3180 1154 3246 1209 ad
3270 1157 3544 1210 Xanthum
3567 1156 3787 1210 fluvium
3818 1155 3902 1210 ds

2345 1247 2579 1315 volutus,
2611 1250 2668 1304 in
2684 1269 2808 1306 eum
2834 1269 2890 1307 so
2911 1250 3133 1325 conjecit
3149 1295 3163 1318 ,
3195 1257 3286 1328 qui
3313 1256 3439 1310 hinc
3461 1257 3897 1315 transnominatu-

2344 1364 2425 1409 est
2466 1355 2806 1411 Scamander.

2417 1477 2470 1516 2.
2514 1463 2759 1516 Nascitur
2810 1464 2866 1517 in
2912 1464 3075 1519 fluvio
3113 1465 3275 1520 herba
3302 1486 3463 1540 quam
3491 1470 3705 1523 sistrum
3737 1487 3909 1525 nounae

2344 1558 2501 1614 nant,
2529 1549 2807 1605 erebintho
2839 1550 3054 1618 similis,
3082 1553 3261 1607 acinos
3296 1573 3353 1609 se
3378 1566 3647 1609 moventes
3672 1555 3871 1610 habens

2343 1633 2489 1688 unde
2526 1635 2683 1690 etiam
2708 1654 2903 1691 nomen
2936 1637 3113 1694 habet.
3183 1641 3335 1696 Hanc
3372 1643 3465 1712 qui
3490 1641 3781 1714 possident,
3812 1659 3910 1698 nee

2342 1722 2706 1794 phantasmata
2734 1742 2834 1779 nec
2858 1722 3083 1780 deorum
3121 1729 3421 1799 praesentias
3446 1729 3635 1782 timent
3651 1768 3668 1795 ,
3693 1739 3755 1784 ut
3792 1749 3911 1785 nar·

2343 1820 2427 1864 rat
2452 1812 2818 1865 Demostratus
2839 1811 2979 1867 libro
2998 1812 3232 1868 mundo
3258 1817 3340 1868 De
3365 1815 3559 1870 fluviis.

2417 1903 2468 1957 3.
2496 1900 2715 1974 Adjacet
2742 1902 2907 1958 fluvio
2931 1903 3030 1958 Ida
3053 1922 3240 1971 mons;
3274 1907 3424 1978 prius
3452 1906 3741 1962 vocabatur
3770 1908 3911 1962 Gar·

2343 2021 2536 2075 garus3
2583 2014 2788 2059 exstant
2831 2007 2889 2059 in
2914 2022 2981 2059 eo
3013 2006 3162 2061 Jovis
3206 2015 3261 2060 et
3304 2007 3490 2061 Matris
3532 2004 3756 2061 deorum
3782 2024 3914 2063 aa.

2343 2109 2531 2164 Postea
2571 2117 2777 2162 mutato
2803 2108 3022 2162 nomine
3060 2107 3157 2162 Ida
3204 2106 3381 2163 dictus
3422 2126 3579 2163 mons
3604 2119 3683 2164 est
3723 2108 3823 2164 bac
3842 2108 3917 2164 de

2344 2227 2515 2266 causa.
2533 2209 2848 2282 AEgesthius,
2863 2209 3009 2263 Jovis
3026 2207 3183 2276 filius,
3198 2207 3309 2264 ldae
3324 2208 3511 2282 puellae
3536 2227 3715 2265 amore
3731 2221 3918 2284 captus

2343 2312 2634 2367 concubuit
2656 2329 2780 2367 cum
2808 2329 2869 2366 ea
2891 2312 3178 2384 genuitque
3204 2311 3376 2367 Idaeos
3397 2330 3533 2384 quos
3554 2323 3747 2368 vocant
3767 2315 3914 2369 Dac-

2344 2410 2507 2482 tylos3
2532 2409 2726 2464 deinde
2763 2427 2888 2464 vero
2914 2426 3081 2481 quum
3107 2409 3201 2463 Ida
3227 2411 3282 2463 in
3312 2410 3471 2464 Rheae
3496 2410 3655 2482 adyto
3692 2410 3917 2466 demen-

2346 2508 2415 2560 tia
2442 2516 2684 2578 correpta
2704 2515 2837 2558 asset
2858 2504 3230 2575 (evanui-sset?
3248 2509 3292 2576 ),
3334 2505 3632 2576 AEgoethius
3659 2509 3714 2562 in
3739 2507 3913 2564 hono·

2344 2625 2457 2660 rem
2484 2603 2596 2677 ejus
2620 2615 2860 2660 montem
2887 2602 3038 2658 Idam
3063 2603 3443 2664 denominavit.

2414 2707 2469 2768 l·-
2498 2703 2742 2758 Nascitur
2772 2703 2827 2756 iu
2862 2699 2959 2756 Ida
2998 2701 3127 2774 lapis
3159 2702 3441 2775 crypbius,
3490 2703 3527 2758 i.
3554 2723 3605 2758 e.
3649 2704 3907 2770 occultus,

2345 2789 2439 2862 qui
2480 2790 2690 2843 nonnisi
2723 2789 2783 2841 in
2828 2786 3055 2842 deorum
3090 2789 3351 2860 mysteriis
3374 2801 3619 2862 apparet,
3650 2801 3709 2844 ut
3730 2803 3915 2846 narrat

2345 2878 2639 2932 Heraclitus
2656 2876 2933 2949 Sicyonius
2952 2875 3089 2930 libro
3115 2874 3350 2931 secundo
3376 2879 3457 2930 De
3486 2877 3765 2950 lapidibus.

2858 3034 3017 3096 xlv.
3074 3032 3383 3094 TANAIS.

2424 3223 2475 3262 1.
2511 3205 2703 3262 Tanais
2752 3202 2945 3257 fluvius
2988 3211 3065 3256 est
3107 3200 3332 3273 Scythiae
3343 3221 3361 3270 ;
3406 3201 3554 3272 prius
3596 3204 3912 3258 Amazonius

2349 3301 2656 3366 vocabatur,
2683 3299 2831 3373 quod
2875 3299 2931 3352 in
2969 3298 3084 3370 ipso
3114 3297 3410 3351 lavarentur
3435 3299 3762 3364 Amazones3
3794 3316 3910 3352 mn-

2348 3399 2479 3453 tavit
2509 3415 2633 3451 vero
2674 3413 2869 3450 nomen
2896 3392 2997 3448 hac
3020 3392 3091 3448 de
3122 3411 3297 3447 causa.
3348 3393 3570 3461 Tanais,
3615 3394 3821 3448 Berossi
3856 3405 3903 3452 ει

2349 3495 2593 3569 Lysippae
2617 3492 2897 3549 Amazonis
2923 3490 3079 3554 filius,
3110 3488 3363 3543 muliebre
3384 3506 3567 3559 genus,
3594 3506 3758 3561 quum
3776 3505 3905 3552 essa

2349 3592 2831 3648 continentissimus
2847 3630 2863 3654 ,
2912 3587 3095 3644 oderat
3137 3597 3188 3641 et
3217 3585 3388 3640 solum
3418 3588 3643 3640 Martem
3659 3625 3675 3653 ,
3726 3590 3913 3661 spreti,-

2351 3693 2549 3766 nuptiis
2568 3731 2583 3756 ,
2624 3691 2679 3744 in
2723 3690 2927 3744 honore
2967 3685 3211 3741 habebat.
3300 3687 3481 3740 Venus
3517 3703 3644 3740 vero
3684 3689 3906 3760 propria

2348 3791 2532 3845 man-is
2568 3790 2615 3843 ei
2653 3785 2972 3841 desiderium
3012 3784 3266 3849 immisit3
3304 3781 3454 3855 cujus
3488 3801 3723 3839 amorem
3756 3785 3909 3842 initie

2348 3887 2567 3943 viriliter
2588 3884 2671 3938 ille
2689 3855 2906 3956 roep'uit,
2924 3880 3015 3936 sed
3038 3881 3353 3934 necessitatis
3370 3880 3593 3934 stimulis
3614 3893 3910 3955 superatus,

2345 3995 2399 4041 et
2452 3981 2631 4036 volens
2680 3981 2735 4033 in
2780 3979 2972 4051 pietate
3014 3987 3069 4031 et
3112 3976 3435 4030 continentia
3468 3993 3807 4048 permanere,
3852 3999 3914 4036 se

2346 4078 2520 4150 ipsum
2542 4069 2769 4143 conjecit
2795 4071 2849 4124 in
2871 4070 3090 4125 fluvium
3119 4069 3487 4134 Amazonium,
3517 4069 3611 4141 qui
3634 4068 3702 4123 ab
3723 4087 3788 4124 eo
3808 4071 3917 4125 Ta-

2344 4171 2460 4224 nais
2478 4164 2849 4221 denominatus
2872 4173 2969 4218 est.

2414 4275 2469 4314 α.
2510 4256 2755 4312 Nascitur
2806 4255 2859 4309 in
2906 4255 3023 4326 ipso
3070 4252 3246 4325 planta
3294 4251 3509 4307 baliada
3558 4251 3698 4306 dicta
3716 4292 3731 4318 ,
3786 4252 3911 4308 folia

2344 4345 2572 4402 crambae
2597 4343 2859 4398 simillima
2886 4352 3115 4413 gestans,
3142 4357 3301 4413 quam
3327 4339 3463 4394 illius
3480 4339 3709 4410 regionis
3728 4339 3917 4395 incole·

2344 4444 2623 4508 postquam
2663 4431 3055 4492 contriverunt,
3088 4427 3303 4500 ejusque
3340 4445 3498 4482 succo
3523 4445 3579 4481 se
3618 4439 3906 4495 unxerunt,

2346 4601 2517 4671 φόρου.
2551 4599 2723 4652 Possis
2757 4615 2769 4650 ε
2799 4596 2828 4650 ὁ
2848 4558 3097 4668 γεννηθεὶς
3120 4593 3174 4647 ἐκ
3209 4597 3297 4647 τοῦ
3315 4593 3426 4656 Διὸς
3450 4597 3651 4665 σπόρου,
3675 4595 3753 4649 vel
3776 4597 3909 4660 Διός,

764 4692 795 4759 S
822 4705 874 4742 2.
910 4688 1159 4760 σεῖστρος]
1193 4687 1382 4758 σίστρος
1424 4686 1571 4752 cod.;
1600 4704 1703 4741 em.
1739 4689 1822 4742 M.
1857 4684 2052 4739 Eadem
2098 4681 2260 4736 babes
2352 4679 2548 4751 [κάλλει
2574 4678 2828 4750 δια]φόρου
2861 4675 3025 4746 κόρης.
3058 4675 3081 4744 ΙΙ
3106 4702 3179 4714 -
3212 4672 3438 4745 ἄφρονος]
3472 4698 3497 4721 ι
3525 4675 3632 4727 vix
3659 4672 3911 4728 dubitan-

699 4767 844 4842 apud
871 4766 1248 4823 Pseudaristot.
1269 4767 1462 4822 Mirab.
1483 4787 1532 4823 c.
1561 4773 1660 4820 160
1676 4777 1730 4820 et
1753 4768 2009 4819 Zonaram
2038 4776 2170 4818 tom.
2203 4779 2255 4826 α,
2349 4759 2479 4813 dum
2506 4758 2633 4830 quin
2660 4756 2728 4810 ab
2746 4766 2959 4810 auctore
2984 4754 3142 4807 suerit
3163 4751 3401 4824 ἀφανοῦς,
3425 4755 3555 4807 utin
3579 4753 3737 4806 simili
3758 4771 3909 4824 argu-

740 4892 753 4906 .
791 4850 944 4906 1636.

697 4867 735 4923 p
769 4933 803 5001 S
825 4930 876 4984 3.
915 4929 1193 5001 Γάργαρον]
1227 4930 1475 5001 Τάρταρον
1505 4929 1646 4995 cod.;
1680 4947 1784 4985 em.
1807 4932 1888 4993 G.
1925 4929 1948 4997 ss
1969 4956 2042 4968 —
2077 4924 2130 4980 ἐκ
2172 4926 2260 4978 τοῦ

697 5009 960 5080 διοσφορου
989 5010 1107 5078 (sic)
1130 5007 1321 5065 codex.
1369 5034 1392 5056 ‹-
1429 5011 1583 5063 Fon-te
1609 5009 1660 5063 ἐκ
1685 5013 1770 5063 τοῦ
1790 5007 1900 5068 Διὸς
1927 5006 2011 5059 καὶ
2027 5007 2115 5070 τῆς
2137 5003 2258 5056 Θεσ-

702 5089 919 5160 μοφόρου
933 5129 947 5152 ,
975 5087 1056 5142 vel
1093 5087 1147 5142 ἔκ
1185 5091 1276 5142 τοῦ
1308 5087 1420 5150 Διὸς
1436 5127 1452 5152 ,
1481 5088 1752 5160 κανηφόρου
1792 5087 1938 5158 κόρης
1964 5082 2197 5156 ἐρασθείς.
2232 5107 2254 5128 ⁸

705 5169 1075 5240 Wytlenbach,
1109 5167 1229 5224 coll.
1269 5168 1361 5233 25,
1404 5185 1427 5222 1
1463 5167 1878 5241 εΔαμασαλκίδαν
1897 5165 2261 5235 κανηφοροΰσαν

702 5253 995 5326 βιασάμενος
1047 5247 1346 5305 Hercherus
1373 5265 1474 5320 pro
1503 5248 1775 5320 κανηφόρου
1813 5245 2061 5319 proponit
2087 5262 2262 5316 κερνη·

2350 4849 2529 4893 mento
2570 4856 2619 4894 c.
2660 4839 2718 4902 10,
2758 4837 2810 4894 3.
2844 4859 2868 4883 ι
2905 4831 3261 4900 Wrttcnbach.

2421 4922 2452 4988 S
2475 4923 2529 4983 4.
2566 4919 2755 4990 μόνοις]
2780 4915 2927 4988 μόνος
2944 4912 3089 4982 cod.;
3116 4930 3220 4966 em.
3249 4914 3311 4965 R.

2420 4999 2571 5053 xlv,
2602 5001 2632 5066 S
2675 5014 2723 5052 1.
2762 4994 2820 5049 *rb
2856 4993 3057 5065 γαμεῖν]
3098 4990 3211 5054 τοὺς
3240 4991 3425 5062 γαμεῖν
3455 4989 3641 5044 codex.
3672 4989 3848 5043 Verba
3870 4987 3905 5057 ἧ

2351 5079 2404 5134 δὲ
2438 5077 2690 5150 Ἀφροδίτη
2718 5077 2775 5130 in
2799 5074 2980 5130 codice
3001 5073 3190 5126 omissa
3221 5088 3409 5124 manus
3434 5067 3663 5124 secunda
3692 5070 3747 5122 in
3773 5086 3909 5122 mar-

2352 5161 2472 5232 gine
2512 5156 2805 5229 adscripsit.

2423 5243 2453 5309 S
2476 5256 2530 5294 α.
2552 5237 2749 5309 ᾶλινδα]
2774 5233 2973 5290 Ἄλινδα
2987 5229 3262 5302 legendum
3282 5246 3393 5284 esse
3408 5245 3706 5298 nomenque
3721 5227 3906 5300 planus
