4584 6284
606 459 755 532 xxvj

1931 459 2519 524 PROLEGOMENA

604 591 801 648 artem
828 592 892 648 et
917 585 1252 650 consilium
1283 586 1634 680 desideres,
1666 606 1855 680 quam
1897 589 2160 654 modum
2249 597 2491 655 veteres
2508 593 2711 657 critici
2730 594 3133 674 collegerunt.
3152 596 3507 660 Laudantur
3523 598 3587 661 in
3608 598 3803 661 schol.

601 662 899 727 arbitrere
922 671 1128 746 poetoe
1158 663 1464 746 defuisse,
1494 684 1602 747 qui
1631 668 1898 730 nimium
1929 687 2064 733 sese
2095 668 2162 732 in

601 749 942 816 luminibus
970 752 1354 837 quibusdam
1375 760 1470 817 sat
1492 753 1772 836 protritis
1791 757 2160 838 exercuerit,

595 837 765 903 velut
789 837 1025 903 factum
1053 839 1342 904 videmus
1379 845 1517 918 596,
1550 845 1691 922 666,
1715 847 1860 924 994,
1884 848 2062 924 1041,
2092 850 2164 908 ut

594 928 904 992 Bacchica
950 927 1336 993 deverticula
1373 936 1762 1012 praeteream.
1791 933 1922 997 Nec
1957 931 2162 1016 putidi

593 1016 830 1099 ingenii
880 1016 980 1081 vel
1029 1016 1241 1099 potius
1287 1017 1547 1084 artificia
1585 1019 1935 1086 umbratica
1977 1021 2162 1085 facile

594 1103 952 1169 invenerint
979 1104 1479 1182 excusationem,
1511 1112 1581 1170 ut
1607 1107 1773 1188 quod
1802 1109 2162 1173 Eustathius

593 1192 1032 1257 admirabatur
1075 1192 1418 1259 ludibrium
1449 1215 1506 1259 ν.
1553 1199 1672 1260 416
1714 1217 1729 1260 :
1776 1197 1899 1259 ἔνθα
1944 1197 2161 1276 Μέλας,

593 1283 679 1344 ὅθι
709 1285 946 1365 Κρᾶθις,
977 1281 1066 1344 ἵνα
1097 1283 1202 1367 ῥέει
1235 1284 1386 1368 ὑγρὸς
1413 1285 1594 1364 Ἶάων,
1623 1274 1762 1369 ’Ἧχι
1799 1287 1891 1348 καὶ
1943 1286 2162 1368 ὧγῦγιος

595 1370 894 1449 μηκύνεται
939 1369 1096 1433 ὕδασι
1143 1372 1369 1450 Λάδωνς
1417 1372 1580 1436 adde
1626 1393 1714 1436 vs.
1757 1377 1900 1438 440.
1959 1377 2161 1448 Quare

597 1449 1008 1524 co'mmodum
1031 1460 1278 1524 videtur
1303 1461 1384 1524 ad
1411 1480 1484 1525 ea
1511 1461 1716 1543 potius
1739 1463 2020 1528 animum
2048 1463 2162 1528 ad·

595 1554 844 1614 vertere
857 1595 876 1630 ,
907 1568 1051 1632 quae
1075 1549 1432 1632 neglectum
1451 1597 1470 1629 ,
1494 1549 1738 1616 aridum
1775 1571 2160 1638 pravumque

597 1637 910 1703 sermonis
941 1637 1228 1702 habitum
1274 1645 1339 1702 et
1377 1639 1739 1705 citeriorum
1781 1643 2159 1707 saeculorum

596 1731 865 1806 arguant
896 1723 1240 1791 licentiam.
1269 1727 1440 1792 Talia
1477 1737 1624 1792 sunt
1659 1729 1791 1794 fere
1827 1731 1966 1794 haec
2013 1751 2030 1794 ε
2075 1731 2164 1794 si-

596 1810 859 1894 quidem
886 1831 1101 1876 versus
1147 1813 1501 1896 pedestrem
1527 1833 1882 1879 sermonem
1913 1822 2163 1900 specta-

593 1917 772 1977 mus,
799 1901 966 1966 male
1012 1901 1252 1967 habent
1280 1909 1317 1980 ἡ
1355 1902 1454 1983 μία
1491 1907 1689 1978 ίκάστη
1718 1908 1904 1984 (101).
1945 1915 2155 1976 τοῖος...

593 1989 775 2071 ἕρπει,
820 1981 995 2060 οἶος...
1027 1990 1256 2074 βὲὅηκεν
1299 1990 1481 2076 (273).
1533 1993 1626 2055 καὶ
1673 1995 1836 2068 αὖτ’ῆς
1885 1995 1939 2063 ἐς
1983 1993 2156 2071 στόμα

590 2077 785 2157 λίμνης
815 2076 1000 2161 (307).
1033 2076 1292 2154 μηκίστου
1327 2079 1495 2141 νότιον
1544 2079 1660 2162 ῥόον
1697 2081 1938 2159 ext-fatone
1966 2081 2152 2165 (801).

590 2164 972 2246 μεγαλώνυμος
1014 2168 1069 2227 ἓν
1111 2167 1260 2249 χθονὶ
1299 2168 1476 2248 Σίλγη
1524 2170 1686 2248 (860.
1719 2169 1800 2230 of.
1832 2169 1958 2250 77).
1991 2170 2152 2230 πολύ-

587 2257 776 2314 πτολιν
796 2245 919 2315 αἶαν
945 2252 1143 2335 ἔχουσα
1169 2255 1353 2338 (889).
1371 2247 1568 2338 ’ᾗχιπερ
1584 2256 1862 2338 Ἀντιόχοιο
1885 2255 2154 2336 ἰπῶνυμος

589 2341 884 2424 Ἀντιόχεια
917 2341 1102 2426 (917).
1137 2341 1311 2417 Ἀσίης
1340 2343 1714 2425 βασιλεύτατον
1751 2345 1895 2414 ἔθνος
1942 2345 2151 2427 ἔχουσιν

589 2430 814 2512 (1056).
849 2430 933 2492 At
971 2429 1094 2495 alia
1135 2431 1472 2496 commissa
1514 2429 1582 2495 in
1623 2430 1883 2512 singulis
1931 2432 2150 2497 formis

587 2535 661 2582 ac
707 2516 1160 2599 significatibus
1214 2524 1572 2596 cernuntur,
1607 2524 1679 2582 ut
1714 2519 1928 2601 Ταύρου
1957 2521 2142 2604 (168).

583 2605 871 2679 ναιήσαντο
933 2603 1120 2689 (349).
1177 2606 1537 2687 Τεγεστραίων
1603 2607 1781 2689 (382).
1837 2609 2146 2687 Βουλιμίων

587 2693 773 2778 (387).
798 2691 1043 2776 Πάχῧνος
1070 2694 1258 2776 (469).
1275 2695 1447 2775 δρῦμά
1480 2694 1658 2776 (492).
1673 2693 1931 2777 Νηρικίης
1955 2697 2144 2777 (495).

583 2783 860 2862 ἑσπερίδας
884 2783 1066 2864 (563).
1091 2782 1265 2843 κλίσιν
1289 2781 1468 2862 (615).
1501 2784 1586 2842 ἔπ’
1612 2782 1932 2864 ἂνθρόιποισι
1975 2783 2146 2864 μίγη-

580 2894 680 2931 σαν
710 2870 892 2951 (656).
917 2869 1147 2951 πηγετόν
1177 2869 1358 2952 (667).
1381 2869 1636 2949 Σουγδιάς
1682 2870 1865 2951 (747).
1896 2871 1952 2931 ἔν
1995 2871 2145 2954 πρώί

574 2982 742 3019 τοισιν
773 2957 954 3039 (889).
988 2958 1172 3040 Σύριοι
1197 2957 1378 3040 (904).
1406 2956 1693 3037 Ἀπᾱμείης
1725 2958 1905 3040 (918).
1929 2960 2145 3022 ἀντιπέ-

579 3070 732 3128 ραιαν
751 3047 933 3127 (962).
949 3046 1250 3109 Κασπιάων
1270 3049 1494 3127 (1039).
1509 3044 1904 3129 πορφυρίωσαν
1921 3052 2144 3130 (1122);

575 3155 726 3201 nam
766 3153 909 3218 quae
965 3135 1033 3199 in
1083 3135 1296 3219 specie
1351 3135 1678 3200 nominum
1731 3135 2145 3203 barbarorum

582 3229 802 3288 novata
835 3231 1010 3304 sunt,
1035 3241 1112 3286 ea
1138 3223 1384 3288 facilius
1410 3223 1654 3288 veniam
1675 3223 2142 3306 impetrabunt,

578 3331 669 3374 vs.
703 3315 846 3384 956,
877 3315 978 3388 57,
1008 3314 1107 3376 59.
1143 3313 1343 3388 Quare
1370 3309 1650 3374 nondum
1687 3309 1846 3372 mihi
1882 3329 2146 3392 persua-

582 3399 723 3463 deri
746 3398 974 3482 patior‚
996 3418 1031 3462 a
1045 3398 1153 3462 tali
1181 3403 1369 3481 poeta
1386 3395 1694 3478 proficisci
1717 3414 1846 3461 non
1868 3398 2144 3480 potuisse

583 3487 900 3568 βορεόπιδάς
951 3489 1111 3566 (565)
1139 3493 1250 3550 aut
1285 3486 1566 3565 περάσειας
1603 3483 1792 3566 (608);
1839 3483 1922 3548 de
1962 3485 2144 3568 χώραν

583 3576 746 3657 (118)
774 3572 1032 3657 quidem
1066 3573 1312 3639 haesito.
1347 3571 1623 3637 Tandem
1644 3579 1714 3636 ut
1737 3592 2144 3639 numerorum

584 3669 964 3728 concentum
1014 3662 1235 3745 paucis
1275 3661 1744 3741 describamus,
1781 3662 2146 3746 Dionysium

583 3756 844 3832 apparet
869 3757 1088 3830 utpote
1112 3747 1378 3833 quitum
1407 3749 1523 3812 aevi
1552 3749 1804 3813 serioris
1839 3752 2000 3815 mori
2031 3753 2149 3816 ob-

582 3845 971 3920 sequeretur,
996 3842 1131 3900 tum
1179 3855 1428 3920 gravem
1477 3836 1850 3919 intelligeret
1903 3839 2144 3905 heroici

581 3926 879 3991 carminis
912 3927 1228 3990 incessum
1257 3925 1494 3991 leniore
1519 3927 1793 4010 quodam
1834 3934 2146 4012 tempera-

581 4021 794 4080 mento
820 4013 1095 4097 mitigari
1124 4014 1358 4078 dehere
1384 4015 1701 4079 trochaica
1719 4034 1961 4081 caesura
1977 4017 2142 4080 tertii

577 4102 758 4185 pedis
781 4103 1245 4186 propemodum
1269 4121 1455 4166 usum
1481 4123 1618 4168 esse
1648 4111 1945 4188 tanquam
1986 4107 2145 4187 legi-

573 4192 762 4270 tima,
789 4209 934 4274 quae
967 4191 1246 4272 rhythmi
1273 4190 1568 4256 velocitas
1594 4193 1874 4258 colorem
1899 4193 2146 4260 institu-

574 4280 762 4354 tionis
795 4299 869 4344 ac
899 4279 1150 4344 facilem
1185 4277 1645 4344 festinationem
1691 4281 2137 4365 aequipararet;

580 4369 808 4433 deinde
866 4369 1226 4451 hominem,
1272 4369 1380 4450 qui
1430 4368 1606 4434 tritas
1653 4369 1915 4434 haberet
1956 4390 2141 4435 aures

579 4456 1001 4539 percipiendis
1016 4463 1344 4539 poetarum
1359 4456 1787 4538 leporibus‚ab
1799 4456 2141 4522 invenustis

575 4538 848 4608 hiatibus
869 4545 1086 4609 sedulo
1113 4545 1349 4609 cavisse
1365 4591 1381 4620 ,
1403 4544 1670 4626 syllabas
1695 4563 1822 4628 qua
1841 4565 1992 4609 usus
2013 4565 2138 4611 non

575 4631 768 4696 ferret
784 4651 1020 4696 eaesura
1037 4633 1466 4714 infrequenter
1483 4632 1875 4715 produxisse,
1896 4634 2141 4698 obstan·

576 4718 744 4782 tibus
769 4719 1070 4802 exemplis
1090 4719 1351 4782 minime
1376 4719 1760 4800 elegantibus
1783 4724 1928 4799 751,
1954 4726 2134 4803 1147,

575 4807 892 4892 aliquanto
919 4809 1060 4890 plus
1081 4805 1203 4870 sibi
1231 4805 1572 4889 sumpsisse
1594 4807 1659 4870 in
1677 4806 1901 4870 Atticis
1929 4825 2136 4871 corre·

573 4895 915 4977 ptionibus.
949 4918 982 4955 ο

654 4985 968 5046 ernum.
994 5017 1074 5032 -
1092 4987 1331 5048 Praeter
1349 4984 1706 5065 Periegesin
1728 4987 1954 5049 Noster
1980 4986 2140 5049 scri-

570 5071 772 5153 psisse
797 5091 834 5135 a
855 5073 1170 5138 nonnullis
1193 5072 1510 5136 ferebatur
1528 5075 1758 5134 Λιθιακά
1786 5074 1914 5138 sive
1940 5075 2138 5137 Λιθικά

571 5165 636 5224 ot
665 5159 976 5244 Ὀρνιθιακά
1003 5167 1067 5225 et
1108 5161 1447 5242 Βασσαρικά.
1481 5163 1756 5238 Quorum
1799 5161 1868 5224 τὰ
1905 5162 2136 5224 Λιθιακά

2250 679 2331 742 ad
2364 679 2547 744 Dion.
2577 700 2634 744 v.
2659 684 2800 750 714.
2826 682 2935 746 uhi
2963 681 3101 748 hoec
3134 702 3151 746 :

2251 949 2301 1008 Δ
2326 859 2543 1007 ΘΓίνεται
2576 857 2629 919 δὲ
2656 858 2780 940 παρ’
2808 860 2982 929 αὗτοῖς
3008 859 3321 943 σάπφειρος,
3348 858 3417 931 ὥς
3438 884 3595 944 φησιν
3628 863 3680 921 ἰν
3706 870 3815 930 τοῖς,

2306 970 2324 1006 ι
2358 955 2485 1016 ικοῖς
2500 971 2515 986 ·

2454 1110 2546 1172 καὶ
2570 1111 2673 1192 γὰρ
2700 1111 2923 1184 κυανίην
2948 1112 3126 1174 πλάκα
3156 1135 3464 1195 σαπφειροιο

2333 1199 2519 1272 ἰξιδάη
2546 1201 2665 1284 περὶ
2686 1201 2879 1262 κόλπον
2905 1197 3229 1282 Ἐρυθραίων
3256 1200 3527 1282 Ἀριηνῶν.

2253 1391 2567 1454 Praeterea
2614 1388 2919 1454 Maximus
2954 1389 3032 1452 ad
3072 1389 3322 1473 Dionys.
3371 1393 3676 1473 Areopag.
3724 1390 3814 1450 De

2252 1486 2510 1560 myster.
2536 1478 2732 1542 theol.
2758 1497 2816 1542 c.
2843 1483 2882 1542 2
2903 1478 2988 1542 ita
3008 1476 3235 1542 habet:

2334 1665 2489 1739 Φησὶ
2532 1664 2588 1727 δὲ
2632 1665 2725 1726 καὶ
2770 1663 2950 1744 τιμίας
2991 1665 3134 1727 λίθου
3169 1668 3485 1746 ἀγάλματα,
3511 1659 3619 1728 οἷον
3662 1664 3749 1724 ὅτε
3774 1667 3810 1739 ἦ

2250 1752 2557 1834 σμάραγδος
2600 1754 3025 1834 ἀποκαθαρθιῒσα
3073 1759 3167 1813 τοῦ
3212 1753 3545 1836 περιέχοντος
3590 1750 3817 1834 γεώδους

2251 1839 2417 1913 αὐτὴν
2447 1845 2688 1922 ἀναφανῇ
2717 1841 2968 1920 ἄγαλμα,
2997 1840 3259 1903 τουτέστιν
3302 1841 3604 1920 ἀγλάϊσμα,
3626 1839 3756 1923 πρὸς
3782 1840 3815 1901 8

2249 1929 2487 2007 μάλιστα
2513 1935 2604 1990 νῦν
2638 1928 2852 2011 βλέπων
2870 1920 2985 1990 εἶπε
3020 1929 3081 1990 τὸ
3118 1930 3481 2013 προκείμινον,
3508 1933 3579 1998 ὣς
3617 1927 3809 1992 Διονύ-

2248 2041 2360 2087 σιος
2382 2021 2412 2078 ὁ
2434 2018 2653 2092 ποιητὴς
2680 2019 2734 2079 ἐν
2767 2019 2819 2099 β’
2840 2019 3090 2080 Λιθικῶν·

2326 2204 2424 2274 τῆς
2452 2199 2883 2282 βαθυχλοιάοντος
2906 2198 3144 2268 ἱάσπιδος
3169 2197 3205 2272 ἢ
3234 2199 3527 2280 ἆμεθῦστου

2326 2289 2704 2372 πορφυρόεντος
2732 2286 2949 2368 ἄγαλμα
2963 2333 2982 2368 ,
3012 2289 3380 2371 μελαγκράτης
3406 2291 3450 2350 θ’
3474 2289 3738 2356 ὑάκινθος.

2241 2481 2310 2542 In
2326 2475 2539 2560 priore
2559 2493 2739 2538 versu
2750 2472 3074 2553 legebatur
3083 2471 3519 2553 βαθυχλοάοντος,
3537 2472 3618 2537 ad
3637 2474 3809 2556 quod

2239 2564 2499 2650 quidam
2528 2561 2863 2644 adscripsit
2893 2580 2909 2624 :
2940 2584 3031 2642 γρ.
3063 2559 3512 2643 βαθυχλοαούσης.
3537 2563 3672 2638 Quo
3707 2579 3810 2625 re-

2221 2653 2571 2718 ferendum
2590 2651 2671 2716 sit
2688 2654 2813 2727 τῆς,
2840 2649 3028 2715 modo
3062 2649 3497 2732 incorruptum
3518 2650 3630 2730 sit,
3657 2649 3806 2715 sciri

2229 2744 2365 2825 jam
2410 2741 2647 2826 nequit.
2684 2738 3125 2820 Bernhardyus
3170 2737 3422 2820 ingenio
3468 2738 3805 2820 indulgens

2237 2831 2461 2912 refingi
2500 2829 2699 2897 voluit
2726 2848 2743 2892 ι
2786 2832 2879 2902 τῆς
2919 2827 3111 2906 ἔμαθον
3150 2827 3348 2910 χλοάον
3392 2827 3501 2888 τότ’
3538 2828 3801 2898 ἰάσπιδος.

2235 2924 2307 2985 Iu
2352 2919 2551 2984 altero
2591 2935 2778 2982 versu
2826 2915 3025 2980 codex
3072 2915 3499 2999 μελαγκρατίτης
3537 2919 3689 2992 tux„
3721 2917 3800 2979 ad

2236 3028 2383 3093 quoe
2432 3007 2741 3091 glossator
2788 3003 3101 3068 annotavit
3136 3022 3151 3064 2
3189 3026 3279 3085 γρ.
3327 3001 3701 3085 μελαγκράτης
3744 3027 3806 3065 τε

2239 3097 2499 3164 ὑάκινθος.
2529 3096 2665 3158 Vox
2696 3091 3064 3174 μιλαγκράτης
3092 3109 3235 3173 quae
3272 3089 3336 3153 in
3366 3089 3582 3171 Steph.
3612 3089 3802 3153 Thes.

2237 3203 2333 3268 gr.
2385 3182 2795 3256 desideratur,
2848 3179 2927 3243 de
2987 3177 3391 3262 hyacinthino
3454 3177 3667 3241 colore
3722 3175 3803 3240 ad

2237 3273 2492 3355 nigrum
2530 3276 2821 3352 vergente
2868 3265 3272 3346 intelligenda
3314 3271 3427 3327 est.
3471 3263 3563 3327 Cf.
3607 3265 3805 3345 Hesy-
3907 3281 3913 3286 ·

2236 3360 2442 3438 chius,
2473 3356 2582 3443 qui
2608 3357 2896 3419 ὑακίνθινον
2925 3353 3369 3435 interpretatur
3392 3351 3799 3430 ὖπομελανίζον.

2316 3449 2766 3513 ὈΡΝΙΘΙΑΚΑ
2788 3463 2827 3509 a
2844 3442 3238 3526 periegeseos
3249 3447 3436 3524 poeta
3446 3441 3650 3504 aliena
3662 3459 3802 3505 esse

2235 3546 2302 3604 et
2330 3538 2415 3603 ad
2442 3533 2804 3619 Dionysium
2831 3530 3144 3616 quendam
3164 3528 3757 3611 Philadelphensem
3775 3577 3797 3606 ,

2237 3646 2431 3711 quem
2459 3625 2543 3693 oh
2562 3623 2856 3690 dictionis
2880 3621 3413 3706 improprietatem
3430 3621 3519 3681 τὸν
3545 3620 3797 3682 ὑπόκενον

2234 3714 2791 3799 cognominabant,
2828 3712 3139 3795 pertinere
3164 3710 3599 3774 censebantur.
3621 3709 3798 3774 Idem

2233 3805 2405 3868 haud
2462 3803 2653 3868 dubio
2701 3808 2799 3866 est
2847 3799 3173 3883 Dionysius
3219 3817 3411 3882 quem
3455 3798 3797 3862 Eutecnius

2235 3899 2692 3959 commemorat
2708 3889 2789 3954 ad
2816 3889 3007 3953 finem
3024 3887 3475 3972 paraphraseos
3492 3886 3798 3968 poematis

2234 3978 2409 4065 quod
2434 3979 2691 4049 ’Ῑξιυτικά
2732 3977 2832 4041 vel
2875 3975 3010 4058 Περὶ
3054 3975 3269 4058 ὀρνίθων
3312 3971 3795 4052 inscribebatur,

2234 4075 2299 4132 et
2346 4066 2627 4149 oppiano
2672 4065 2771 4130 vel
2820 4064 2940 4147 ipsi
2982 4063 3278 4146 Dionysio
3319 4081 3358 4125 a
3402 4061 3552 4124 viris
3595 4059 3795 4124 doetis

2230 4156 2599 4220 vindicatur.
2627 4153 2835 4218 Verba
2859 4151 3145 4217 Eutecnii
3177 4152 3319 4214 haec
3348 4155 3491 4212 sunt
3526 4168 3541 4210 ε

2311 4243 2499 4307 Ταῦτά
2529 4266 2649 4320 μοι,
2672 4242 2923 4325 κράτιστε
2970 4241 3225 4320 βασιλεῦ,
3251 4236 3375 4318 περὶ
3416 4241 3506 4296 τοῦ
3550 4234 3665 4316 βίου
3704 4234 3798 4294 καὶ

2228 4337 2324 4406 τῆς
2342 4332 2507 4415 ἄγρας
2530 4335 2635 4392 τῶν
2664 4331 2879 4414 ὀρνίθων
2901 4329 3040 4389 ἔστιν
3068 4330 3252 4400 εἰπεῖν,
3270 4324 3539 4393 Διονύσιος
3570 4321 3626 4384 δὲ
3656 4322 3797 4384 αὗτὰ

2229 4421 2377 4504 παρὰ
2406 4425 2497 4481 τοῦ
2519 4423 2612 4492 τῆς
2638 4424 2847 4491 Λητοῦς
2871 4417 3195 4484 Ἀπόλλωνος
3220 4409 3531 4496 διδαχθῆναί
3558 4435 3711 4495 φησι.

2309 4546 2749 4610 ΒΑΣΣΑΡΙΚΔ
2792 4540 2986 4605 iidem
3028 4539 3233 4604 critici
3258 4538 3342 4604 oh
3376 4537 3674 4602 orationis
3699 4554 3797 4600 as-

2232 4635 2565 4719 peritatem
2612 4651 2741 4696 non
2790 4638 3004 4696 nostro
3055 4628 3351 4711 Dionysio
3369 4673 3387 4706 ,
3422 4626 3533 4689 sed
3580 4624 3796 4690 Samio

2229 4721 2668 4787 attribuerunt.
2700 4720 2864 4781 Num
2892 4724 3061 4781 recte
3087 4734 3167 4779 au
3196 4733 3377 4778 secus
3404 4711 3471 4775 id
3499 4711 3786 4791 fecerint,

2229 4812 2297 4876 in
2326 4809 2539 4874 medio
2567 4807 2749 4873 nobis
2776 4803 3257 4888 relinquendum
3272 4809 3389 4879 est,
3408 4801 3517 4884 qui
3532 4817 3791 4864 carmen

2229 4899 2395 4966 istud
2424 4917 2549 4963 non
2576 4897 2863 4961 novimus
2890 4895 3013 4959 nisi
3040 4913 3117 4958 ex
3142 4889 3505 4974 fragmentis
3540 4907 3684 4970 quae
3713 4907 3788 4953 ex

2229 5007 2305 5052 eo
2322 4986 2585 5051 servavit
2596 4983 2947 5066 Stephanus
2961 4981 3303 5065 Byzantius
3320 4977 3788 5042 Bassaricorum

2227 5081 2446 5140 auctor
2472 5091 2597 5138 non
2643 5072 2920 5135 diversus
2967 5069 3157 5134 fuerit
3183 5069 3262 5131 ab
3306 5085 3383 5132 eo
3409 5065 3520 5150 qui
3562 5065 3788 5144 Gigan-

2225 5163 2461 5226 tiadem
2506 5161 2585 5224 ab
2632 5160 2857 5225 eodem
2912 5159 3224 5241 Stephano
3268 5153 3600 5237 aliquoties
3658 5151 3788 5214 lau·

567 5255 739 5313 recte
767 5249 846 5312 ad
883 5253 1172 5314 Nostrum
1199 5251 1419 5314 referri
1459 5269 1532 5313 ex
1577 5251 1874 5314 orationis
1920 5251 2132 5314 indole
2227 5251 2433 5315 datam
2459 5248 2869 5314 concinnavit.
2891 5249 2981 5311 Ac
3002 5247 3263 5312 fortasse
3284 5245 3561 5312 Nonnus,
3592 5255 3783 5321 quem
