4584 6284
599 476 655 556 ,vj
1917 473 2490 538 PROLEGOMENA

677 611 970 694 Superest
997 617 1067 674 ut
1093 609 1175 674 de
1194 609 1332 674 aliis
1358 607 1734 692 quibusdam
1763 623 2153 683 moneamus,
2249 606 2556 690 periegesi
2592 607 2969 690 antiquaria,
3002 609 3104 674 cui
3130 613 3491 692 Byzantium
3530 621 3595 678 et
3623 613 3806 678 Chal-

597 714 740 780 quae
773 698 1051 779 quamvis
1075 703 1314 763 certam
1342 694 1646 778 temporis
1673 697 1887 758 notam
1913 712 2036 757 non
2063 691 2162 756 in·
2249 693 2456 758 cedon
2504 703 2834 779 ceteraque
2876 697 3139 781 Bospori
3181 699 3320 764 loca
3351 700 3805 784 amplissimam

595 783 875 862 volvant,
917 783 1200 850 indicare
1225 790 1440 847 tamen
1479 781 1770 846 videntur
1795 781 2159 863 Dionysium

596 871 968 955 scriptorem
995 873 1194 936 fuisse
1225 870 1338 936 aevi
1363 870 1690 935 citerioris,
1717 867 2042 951 Ejusmodi
2067 875 2161 932 est

595 960 768 1045 quod
789 961 1028 1045 templa
1047 959 1316 1025 Junonis
1341 967 1408 1024 et
1424 959 1704 1024 Plutonis
1718 1005 1735 1036 ‚
1762 975 1904 1042 quae
1926 959 2160 1041 Byzan-

593 1048 896 1130 tii-erant,
931 1069 970 1114 a
997 1052 1160 1131 Cyro
1187 1057 1408 1114 contra
1436 1050 1692 1132 Scythas
1723 1045 2160 1131 proficiscente

595 1146 875 1207 cremata
923 1156 1059 1202 esse
1093 1143 1423 1202 narrantur
1451 1140 1560 1220 (fr.
1602 1143 1662 1216 9,
1694 1158 1755 1222 p.
1797 1139 1935 1214 23).
1967 1134 2159 1201 Vides

596 1229 826 1312 Cyrum
868 1226 1172 1293 confundi
1211 1245 1355 1292 cum
1399 1227 1606 1292 Dario.
1650 1229 1847 1305 Quem
1881 1243 2158 1290 errorem

594 1337 677 1383 ne
695 1318 859 1386 forte
877 1317 1151 1383 librariis
1173 1317 1468 1401 imputes,
1489 1335 1564 1382 eo
1586 1316 1970 1400 impedimur
1985 1314 2159 1399 quod

595 1409 826 1491 Cyrum
840 1425 955 1490 per
964 1405 1296 1471 Thraciam
1308 1411 1526 1470 contra
1539 1407 1795 1489 Scythas
1808 1406 2158 1489 profectum

597 1516 737 1562 esse
767 1505 1000 1580 praeter
1037 1497 1333 1560 Nostrum
1373 1494 1756 1560 hariolantur
1788 1495 2158 1560 Ammianus

487 1595 490 1597 ’
595 1586 997 1651 Marcellinus
1039 1588 1150 1662 23,
1188 1587 1259 1662 6,
1301 1589 1340 1648 7
1383 1589 1447 1648 et
1485 1591 1839 1650 coaetaneus
1879 1583 2156 1666 Dionysii

595 1673 844 1738 Flavius
865 1675 1276 1738 Philostratus
1293 1674 1356 1736 in
1375 1673 1640 1737 Heroico
1661 1679 1721 1750 6,
1745 1677 1808 1756 5,
1829 1692 1893 1755 p.
1912 1676 2026 1737 251
2050 1672 2152 1735 ed.

599 1763 810 1828 Didot.
843 1763 1080 1852 Deinde
1103 1781 1250 1826 vero
1278 1763 1354 1826 fr.
1378 1767 1479 1841 48,
1514 1782 1576 1846 p.
1600 1767 1680 1827 58
1701 1780 2160 1827 commemora-

598 1862 704 1918 tur
745 1854 974 1918 Timaea
1015 1852 1206 1917 turris
1224 1898 1242 1933 ,
1274 1871 1418 1934 quae
1459 1852 1608 1917 olim
1638 1853 1872 1934 pharus
1923 1852 2153 1927 fuerat3

581 1947 723 2024 jam
751 1961 920 2016 vero,
952 1943 1024 2004 D.
1058 1940 1264 2025 inquit
1281 1987 1299 2022 ,
1334 1943 1638 2004 lucernam
1666 1946 1965 2005 exstinxit
2011 1947 2160 2003 tem-

593 2051 712 2115 pus
733 2036 941 2094 omnia
961 2048 1308 2094 consumens
1323 2037 1383 2092 et
1408 2034 1622 2094 tun-tm
1637 2047 1860 2110 mayna
1878 2047 1963 2091 ex
1982 2034 2158 2109 parte

600 2122 878 2185 dissolvi!
886 2142 916 2202 ,·
952 2118 1020 2184 in
1050 2118 1264 2184 tabula
1292 2125 1500 2184 autem
1540 2118 2016 2200 Peutingeriana
2060 2117 2156 2180 Ti-

596 2227 758 2275 maea
777 2209 963 2273 statio
986 2213 1084 2273 est
1108 2225 1252 2290 quae
1268 2208 1333 2271 in
1358 2213 1490 2272 tota
1507 2206 1607 2272 via
1622 2254 1642 2288 ,
1663 2226 1789 2292 qua
1810 2205 1984 2289 Sycis
2009 2205 2159 2269 Phi-

595 2300 747 2364 liam
783 2299 929 2376 itur,
961 2301 1212 2362 notatur
1251 2294 1468 2374 unica3
1497 2315 1579 2360 an
1621 2297 1812 2378 igitur
1850 2296 1915 2361 in
1946 2295 2154 2360 tabula

598 2405 852 2472 quoque
907 2384 1067 2448 nihil
1104 2383 1416 2448 indicatur
1461 2383 1582 2448 nisi
1626 2384 1920 2468 collapsae
1965 2383 2154 2446 turris

595 2476 836 2540 ruinae?
872 2473 992 2537 Vix
1027 2472 1390 2537 credideris.
1424 2475 1737 2538 Praeterea
1763 2491 1802 2537 a
1837 2471 2152 2537 Ciceronis

596 2563 746 2628 inde
777 2573 1064 2645 tempore
1091 2579 1298 2624 sermo
1327 2567 1423 2625 est
1453 2560 1530 2623 de
1567 2564 1719 2625 Jove
1747 2560 1921 2634 Urio,
1953 2564 2152 2623 statua

595 2651 1031 2731 celeberrima,
1055 2649 1224 2714 unde
1240 2649 1579 2712 Asiaticum
1601 2650 1815 2712 fanum
1831 2651 1866 2712 J
1869 2647 2000 2711 ovis
2019 2645 2150 2710 Urii

595 2741 814 2806 dicunt
837 2737 1222 2822 Pomponius
1241 2735 1430 2816 Mela,
1453 2738 1784 2818 Menippus
1802 2783 1819 2813 ,
1853 2735 2150 2799 Arrianus

591 2835 658 2892 et
703 2836 1024 2909 postremo
1062 2826 1206 2890 loco
1256 2833 1476 2890 auctor
1509 2825 1762 2888 Tabulas
1815 2823 2152 2905 Peutinge-

589 2919 810 2996 rianae3
843 2915 1174 2998 Dionysius
1202 2922 1438 2990 autem,
1461 2915 1569 2978 uhi
1600 2912 1679 2976 de
1709 2915 1880 2977 Fauo
1911 2931 2150 2976 sermo-

587 3025 734 3072 nem
759 3007 907 3071 facit
927 3007 1034 3090 (tr.
1053 3008 1134 3068 58
1163 3009 1225 3068 et
1242 3006 1321 3068 59
1339 3005 1382 3083 ),
1408 3003 1758 3086 permultus
1777 3001 2037 3087 quidem
2056 3011 2154 3066 est

587 3097 668 3162 de
714 3096 894 3178 pueri
941 3093 1215 3178 quadam
1245 3098 1446 3155 statua
1484 3092 1702 3176 (cujus
1741 3091 2153 3155 Philostratus

589 3204 841 3269 quoque
879 3186 1023 3267 (Im.
1073 3201 1131 3245 c.
1179 3184 1322 3260 12),
1352 3179 1612 3262 aequalis
1637 3180 1888 3257 Nostri,
1933 3179 2148 3244 memi-

590 3275 739 3354 nit),
765 3272 878 3336 sed
904 3273 1121 3335 Jovem
1140 3267 1362 3334 Urium
1382 3286 1462 3330 ne
1486 3267 1675 3330 verbo
1706 3267 1966 3351 quidem
1986 3285 2156 3331 com-

592 3366 924 3436 memorat,
949 3358 1110 3422 adeo
1127 3362 1199 3419 ut
1221 3362 1424 3420 statua
1441 3357 1578 3438 ejus
1593 3363 1730 3420 tum
1743 3356 1878 3437 jam
1894 3357 2156 3440 periisse

591 3451 878 3515 videatur
899 3449 990 3532 (V.
1013 3445 1271 3510 Boeckh.
1299 3445 1365 3508 C.
1388 3447 1436 3508 I.
1460 3451 1522 3520 2,
1551 3464 1614 3526 p.
1637 3448 1757 3508 9¹76
1778 3445 1817 3528 ).
1845 3447 1986 3509 Jam
2007 3465 2156 3511 vero

595 3544 843 3602 constat
871 3540 1099 3598 statum
1120 3530 1606 3613 geographicum
1635 3532 1698 3595 in
1718 3533 1954 3597 Tabula
1972 3535 2151 3599 Peut.
2212 3529 2218 3535 ’

597 3622 1033 3713 repraesentari
1060 3640 1210 3687 eum
1244 3621 1353 3705 qui
1397 3629 1532 3686 erat
1564 3623 1733 3687 circa
1775 3641 2009 3687 annum
2039 3628 2158 3690 230

597 3717 724 3782 sive
777 3722 1062 3796 tempore
1124 3709 1458 3776 Alexandri
1511 3712 1738 3775 Severi.
1802 3713 1892 3776 Ne
1945 3719 2158 3778 tamen

596 3812 930 3890 propterea
954 3799 1325 3883 Dionysium
1353 3800 1567 3864 medio
1607 3799 1864 3864 demum
1885 3801 1984 3866 vel
2014 3821 2160 3867 exe-

601 3903 746 3960 unte
787 3892 1001 3957 seculo
1042 3890 1232 3954 tertio
1291 3888 1614 3973 scripsisse
1661 3897 2004 3956 statuamus
2047 3893 2160 3972 (ut

599 3985 732 4065 ipse
773 3981 1166 4062 conjeceram
1197 3977 1264 4040 in
1291 3985 1422 4042 not.
1455 3976 1535 4040 ad
1567 3979 1641 4039 fr.
1675 3980 1775 4054 58,
1812 3997 1874 4059 p.
1907 3979 2050 4062 76),
2085 4000 2160 4044 ea

598 4092 740 4156 quse
791 4088 980 4152 supra
1028 4067 1355 4131 attulimus
1411 4065 1659 4130 obstare
1703 4065 2013 4129 videntur.
2065 4070 2159 4131 Ac

595 4160 854 4225 omnino
884 4175 1008 4220 non
1038 4161 1134 4218 est
1163 4154 1500 4219 verisimile
1529 4153 1768 4234 singula
1799 4161 1862 4216 et
1895 4153 2156 4217 minima

597 4263 864 4332 quaeque
890 4245 956 4307 in
982 4242 1222 4307 Tabula
1258 4240 1736 4322 Peutingeriana
1762 4241 1844 4304 ad
1870 4247 2160 4325 tempora

596 4333 932 4401 Alexandri
957 4330 1169 4397 Severi
1193 4328 1665 4395 accommodata
1697 4348 1865 4405 esse;
1897 4349 1976 4394 ex
1991 4331 2161 4394 anti-

597 4425 922 4511 quioribus
954 4420 1184 4485 tabulis
1209 4418 1381 4485 haud
1421 4437 1620 4502 pauca
1651 4417 1718 4481 in
1756 4435 1898 4482 eam
1929 4419 2161 4483 transi-

596 4515 798 4582 verint
829 4530 971 4596 quae
1013 4510 1112 4575 vel
1159 4508 1506 4575 omittenda
1533 4508 1631 4572 vel
1669 4507 1973 4573 mutanda
2002 4507 2159 4573 fuis-

597 4609 754 4668 sent.
788 4604 952 4665 Inter
969 4617 1045 4664 ea
1065 4604 1273 4662 autem
1299 4598 1758 4661 numerandum
1778 4616 1916 4662 esse
1941 4599 2158 4660 Jovem

596 4692 816 4757 Urium
873 4707 1000 4752 non
1053 4708 1091 4753 e
1135 4687 1430 4771 Dionysio
1476 4687 1668 4752 modo
1713 4686 2004 4768 colligas,
2046 4688 2158 4752 sed

599 4779 790 4844 etiam
822 4797 858 4842 e
886 4777 1226 4842 Ptolemaeo
1243 4822 1262 4857 ,
1293 4776 1403 4861 qui
1435 4776 1579 4842 loco
1605 4775 1778 4841 Jovis
1823 4776 1960 4842 Urii
1989 4795 2161 4841 com-

598 4872 912 4931 memorat
935 4867 1148 4930 fanum
1172 4865 1408 4930 Dianae.

677 4956 848 5037 Opus
897 4953 1176 5037 Dionysii
1220 4953 1490 5036 pretium
1535 4960 1601 5017 et
1635 4953 1890 5018 laudem
1932 4954 2158 5037 praeci-

597 5060 789 5125 puam
817 5041 1020 5125 posita
1043 5042 1236 5106 habet
1257 5041 1323 5106 in
1354 5041 1644 5108 locorum
1662 5090 1679 5114 ,
1715 5061 1858 5126 quae
1884 5041 2160 5106 auctoris

598 5148 730 5194 aevo
758 5131 838 5194 ad
867 5132 1218 5212 Bosporum
1247 5136 1445 5204 erant,
1471 5147 1739 5194 recensu
1767 5128 2154 5213 plenissimo.

595 5217 746 5296 Quae
774 5216 1093 5282 adduntur
1105 5216 1524 5302 mythologiea
1548 5219 1647 5282 vel
1671 5218 1969 5283 historica
1986 5215 2160 5280 haud

593 5307 950 5390 spernenda
980 5307 1239 5391 quidem
1258 5354 1274 5384 ,
1309 5309 1420 5372 sed
1449 5307 1634 5390 longe
1659 5307 1886 5372 absunt
1911 5327 1947 5371 a
1974 5306 2160 5370 docta

2247 782 2563 847 scribendi
2588 784 2911 848 materiam
2937 786 3217 868 praehere
3236 797 3546 870 poterant.
3564 791 3629 854 Si
3652 791 3803 872 quid

2246 873 2473 936 Nostro
2504 891 2649 937 cum
2676 874 2981 938 Pausania
2998 893 3345 940 commune
3378 884 3503 957 est,
3532 878 3599 941 id
3634 897 3807 962 quae·

2247 960 2500 1024 siverim
2543 960 2607 1024 in
2662 961 2942 1044 quaesitae
2990 962 3311 1045 elegantiae
3364 966 3763 1030 affectatione
3782 1013 3798 1038 ‚

2246 1066 2391 1131 quae
2421 1047 2726 1131 prooemio
2761 1048 3048 1133 proditur
3077 1059 3139 1116 et
3166 1053 3398 1134 passim
3426 1054 3524 1118 vel
3553 1074 3669 1137 per
3716 1056 3808 1118 la-

2245 1137 2407 1203 tinas
2427 1138 2593 1205 Gillii
2614 1139 2930 1206 versiones
2953 1140 3244 1223 pellucet.

2690 1423 3059 1471 Lamncmms
3096 1425 3359 1473 Locomm

2334 1521 2466 1574 Qua
2504 1520 2569 1567 11<
2606 1519 2840 1567 AMPLo
2878 1521 3131 1568 moursn
3172 1523 3712 1572 comuomwn.

2330 1653 2385 1712 1.
2432 1647 2885 1730 Bosporium
2934 1650 3545 1729 promontorium
3591 1651 3707 1733 (fr.
3742 1658 3801 1715 ’1.

2568 1733 2659 1797 Cf.
2694 1733 2837 1799 Gill.
2864 1735 3017 1816 Top.
3046 1737 3254 1801 Const.
3282 1756 3345 1820 p.
3373 1741 3453 1802 78
3476 1737 3578 1802 ed.
3604 1743 3807 1819 1561),

2564 1823 2976 1904 Chrysoceras
3008 1822 3196 1907 -apud
3232 1823 3393 1888 Plin.
3440 1830 3505 1898 4,
3547 1829 3649 1900 11,
3697 1831 3803 1902 18;

2561 1909 2753 1974 hodie
2801 1911 3292 1976 Serae-bourona.
3348 1915 3417 1976 In
3472 1931 3550 1979 eo
3596 1916 3811 1996 paullo

2563 2017 2754 2081 supra
2776 2018 3149 2065 mucronem
3182 2021 3197 2065 :

2324 2091 2383 2151 2.
2431 2090 2577 2150 Ara
2620 2087 3340 2155 MinervaeEchasiae
3386 2093 3505 2171 (fr.
3554 2095 3616 2167 8,
3658 2093 3803 2157 coll.

2560 2177 2635 2240 fr.
2664 2179 2745 2239 54
2768 2184 2831 2241 et
2847 2178 3000 2260 Top.
3024 2180 3231 2242 Const.
3260 2181 3320 2254 2,
3355 2182 3393 2242 2
3415 2185 3477 2242 et
3494 2185 3555 2256 2,
3580 2181 3710 2262 21).
3740 2184 3807 2244 In

2558 2264 2781 2327 eodem
2810 2282 2906 2347 pr.
2939 2285 2956 2328 :

2322 2356 2380 2416 3.
2427 2352 2821 2434 Templum
2848 2353 3185 2435 Neptuni
3228 2359 3291 2416 et

2324 2445 2384 2504 4.
2432 2441 2663 2521 Lapis
2691 2440 3257 2506 memorabilis.
3288 2441 3417 2504 Sub
3445 2444 3685 2525 templo
3712 2445 3809 2508 in-

2564 2537 2658 2590 tra
2688 2544 2940 2590 murum

2319 2620 2379 2681 5.
2426 2613 2681 2678 Stadia
2736 2621 2813 2678 et
2856 2615 3273 2698 gymnasia.
3321 2618 3561 2681 Deinde
3602 2619 3668 2682 in
3699 2621 3810 2685 Ce-

2556 2710 2688 2766 rate
2704 2701 2848 2768 sinu

2321 2797 2382 2856 6.
2428 2795 2567 2855 Tre
2582 2809 2623 2853 s·
2656 2796 2968 2874 portus,
2989 2790 3055 2855 in
3082 2810 3161 2856 eo
3184 2791 3386 2857 litoris
3410 2794 3612 2876 spatio
3636 2797 3807 2879 quod

2557 2879 2837 2961 pertinet
2856 2897 3018 2963 usqu
3087 2878 3170 2944 ad
3210 2889 3458 2963 portam
3493 2884 3813 2964 Baqdcbe-

2558 2971 2821 3049 Kapussi
2836 3014 2856 3044 ,
2899 2988 3043 3053 qum
3070 2963 3239 3034 Gillii
3264 2977 3446 3034 aetate
3474 2973 3810 3039 vocabatur

2560 3055 2739 3138 Oria,
2789 3057 2834 3122 i.
2870 3075 2927 3122 e.
2971 3065 3153 3140 porta
3198 3064 3290 3120 τοῦ
3336 3058 3577 3141 νιωρίου.
3624 3059 3807 3127 Juxta

2560 3145 2771 3227 νεώριον
2826 3164 2975 3210 vero
3026 3146 3263 3211 scimus
3308 3147 3502 3212 fuisse
3547 3157 3801 3230 portum

2561 3233 2971 3315 Bmtiptovvel
2991 3235 3309 3318 Φωσφόριον
3330 3235 3592 3300 dictum.
3617 3238 3714 3302 Ab
3732 3258 3808 3303 eo
3908 3291 3912 3296 .

2560 3340 2777 3385 versus
2808 3322 3115 3387 orientem
3156 3323 3235 3386 ad
3274 3323 3423 3389 hod.
3458 3327 3809 3391 lau-Kiosk

2562 3417 2695 3472 erat
2765 3409 3013 3473 medius
3074 3417 3293 3492 portus
3348 3413 3557 3476 Africo
3627 3422 3808 3480 vento

2560 3505 2831 3581 apertus.

2325 3591 2397 3650 7..
2432 3586 2693 3650 Turris
2721 3586 3100 3651 moeniorum
3126 3587 3304 3650 urbis
3346 3592 3683 3671 postrema.

2325 3679 2385 3741 8.
2432 3677 2774 3760 Campus,
2817 3675 2983 3741 inter
3046 3675 3397 3742 secundum
3442 3684 3505 3742 et
3550 3678 3808 3743 tertium

2560 3765 2810 3831 collem.

2327 3859 2388 3920 9.
2430 3854 2820 3936 Templum
2837 3855 3181 3920 Telluris
3206 3853 3283 3940 (1)
3304 3857 3807 3938 supermare,ad

2564 3942 2809 4006 radices
2840 3941 3020 4008 collis
3044 3941 3237 4006 tertii.

2289 4033 2387 4093 10.
2431 4027 2743 4110 Templa
2804 4029 3109 4094 Cereris
3170 4036 3245 4093 et
3304 4032 3807 4114 Proserpinae

2568 4119 2777 4200 paullo
2824 4137 3014 4202 supra
3060 4119 3327 4184 Telluris
3374 4119 3601 4184 aedem.
3651 4124 3804 4185 Item

2560 4207 2699 4266 κατὰ
2734 4207 2997 4270 ἀπόόασιν
3026 4205 3091 4290 (ἲ)
3130 4213 3224 4281 τῆς
3257 4208 3527 4280 θαλάσσης
3552 4210 3630 4287 (Ξ)
3654 4209 3807 4273 olim

2562 4295 2812 4358 suerunt
2846 4315 2861 4358 ε

2309 4464 2378 4529 (1)
2404 4461 2611 4514 Telluris
2629 4463 2871 4528 templum
2905 4465 3024 4513 Otto
3051 4461 3275 4513 Frickius
3296 4475 3395 4512 non
3426 4461 3681 4514 diversum
3700 4478 3811 4516 esse

2244 4529 3809 4668 mm}2¹³¹²1?&155312102324303353553¹3¹13103.5.{22

2380 4643 2391 4654 .
2533 4643 2545 4655 .
2607 4643 2622 4668 ,
2684 4642 2696 4654 .

2244 4683 2327 4737 τῆς
2348 4677 2599 4735 Bacchidi:
2618 4675 2869 4738 λεγόμενον
2893 4674 3057 4723 τόπον.

2315 4754 2386 4820 (2)
2413 4752 2575 4805 Verba
2618 4755 2745 4804 aar&
2772 4753 3005 4804 ἀπόβασιν
3040 4759 3128 4814 τῆς
3155 4751 3393 4812 oco-doen:
3422 4751 3599 4803 Gillias
3616 4753 3698 4816 (fr.
3718 4753 3807 4817 9.)

2243 4825 2399 4880 vertit
2428 4844 2443 4876 2
2480 4827 2537 4876 in
2562 4825 2801 4876 abscessu
2829 4825 3022 4886 mar-ts,
3051 4822 3238 4876 addens
3264 4822 3486 4873 fortassis
3514 4823 3809 4875 vertendum

2245 4909 2358 4951 esse
2384 4911 2401 4948 ε
2430 4895 2504 4948 ad
2531 4907 2791 4948 recessum
2822 4894 3185 4947 abscedentem
3214 4907 3250 4944 ιι
3270 4907 3431 4944 onam.
3461 4892 3600 4946 Idem
3626 4893 3678 4944 in
3708 4896 3806 4946 To·

2245 4983 2382 5036 pogr.
2405 4969 2572 5020 const.
2601 4971 2649 5030 3,
2673 4970 2723 5029 4,
2743 4978 2795 5031 p.
2831 4971 2918 5018 156
2940 4964 3291 5030 interpretatur
3319 4985 3333 5014 ι
3358 4963 3431 5015 ad
3462 4967 3665 5016 exitum
3695 4969 3808 5017 sive

2244 5040 2543 5092 abscessum
2560 5039 2745 5087 waaris.
2774 5034 2853 5086 Ad
2882 5048 2996 5100 quas
3014 5033 3267 5087 Frickius:
3304 5054 3327 5076 ιι
3357 5031 3523 5085 Malim
3541 5033 3769 5096 equidem
3792 5055 3805 5084 ε

2248 5107 2325 5159 ad
2342 5120 2599 5158 recessum
2618 5117 2803 5168 maras,
2825 5103 2859 5154 i.
2886 5117 2933 5156 e.
2976 5117 3037 5156 eo
3060 5104 3188 5165 loco,
3216 5101 3299 5154 uhi
3334 5116 3470 5154 mare
3504 5103 3629 5154 colle
3662 5104 3809 5154 tertio

2247 5180 2483 5241 tanquam
2496 5175 2723 5228 recedere
2741 5175 2947 5241 cogitur.
2977 5195 3003 5220 n
3027 5177 3093 5225 At
3116 5173 3359 5239 ejusmodi
3374 5186 3522 5224 sensu
3548 5186 3646 5223 non
3668 5186 3810 5224 usur-

2247 5251 2397 5314 patur
2433 5248 2665 5302 ἀπόδασις
2690 5259 2809 5308 vox,
2839 5258 2958 5310 quae
2998 5244 3271 5310 sigmficare
3306 5243 3431 5294 solet
3466 5243 3809 5294 excensionem

2249 5321 2331 5373 vel
2368 5320 2534 5372 locum
2568 5318 2654 5370 ubi
2684 5333 2715 5371 e
2747 5319 2872 5370 mari
2901 5319 2955 5370 in
2983 5318 3104 5369 litus
3122 5315 3438 5368 adscenditur
3470 5314 3584 5378 (cr.
3612 5313 3810 5366 nomina
