4584 6284
2033 508 2515 572 DESCRIPTIO.

3747 518 3862 571 515

615 641 667 703 Δ
694 643 909 698 minoris
933 650 1160 696 mortem
1192 656 1301 693 non
1333 636 1473 692 videt
1488 676 1503 700 ,
1534 654 1631 691 nec
1664 648 1903 709 parentes
1925 636 2060 691 filios
2092 626 2240 710 plan'·
2337 648 2682 711 tyrannomm
2707 639 3018 713 principium
3049 640 3334 705 invenitur,
3363 648 3416 693 et
3441 640 3642 711 regitur
3666 657 3698 693 a
3719 638 3878 711 majo·

693 740 843 803 gunt.
870 730 1005 785 Cum
1031 745 1158 799 ergo
1184 727 1473 798 unicuique
1497 725 1710 783 illorum
1732 723 1843 779 dies
1866 726 2050 779 mortis
2073 742 2242 797 coepe-

694 820 766 871 rit
807 816 1191 889 propinquare,
1235 812 1363 867 facit
1383 811 1481 866 sihi
1504 810 1881 883 sarcophagum
1916 830 1979 865 ex
1998 813 2245 865 aromati·

694 903 795 957 bus
820 902 1024 955 varium
1040 938 1058 966 ,
1078 900 1329 971 quoniam
1354 896 1498 970 apud
1524 915 1615 951 eos
1644 906 1876 951 aromata
1900 895 2064 951 multa
2088 907 2242 963 sunt-3

692 1001 749 1045 et
769 1007 893 1043 cum
936 988 1134 1042 viventi
1160 986 1344 1041 ultima
1366 986 1569 1040 venerit
1591 985 1722 1040 hora
1740 1024 1755 1049 ,
1799 1002 1979 1039 omnes
2019 984 2245 1039 salutans

692 1076 1049 1147 omnibusque
1074 1072 1365 1128 valedicens
1393 1074 1449 1126 in
1479 1071 1665 1127 eodem
1684 1089 1741 1125 se
1763 1072 2078 1145 sarcophago
2094 1072 2246 1143 ponit

694 1165 845 1218 etita
866 1179 991 1217 cum
1014 1162 1293 1215 securitate
1318 1160 1547 1213 maxima
1568 1168 1766 1212 naturai
1790 1155 2025 1213 debitum
2048 1156 2243 1212 reddit.

698 1252 768 1305 Et
793 1249 907 1303 haec
932 1248 1149 1321 quidem
1184 1244 1341 1318 hujus
1367 1246 1533 1317 gentis
1568 1246 1725 1301 bona.
1766 1246 2030 1300 Habitatio
2068 1254 2241 1299 autem

698 1353 891 1389 eorum
912 1344 993 1389 est
1015 1333 1349 1387 mansionum
1376 1332 1545 1387 Lxx.

776 1424 830 1476 8.
861 1420 988 1474 Post
1008 1419 1149 1473 hanc
1177 1426 1379 1489 gentem
1401 1434 1467 1471 ex
1486 1415 1589 1471 alio
1614 1414 1769 1469 latere
1792 1416 2137 1470 Brachmanas
2160 1432 2245 1469 re·

706 1508 887 1563 ferunt
904 1506 1143 1561 habitare
1159 1546 1175 1571 ,
1212 1506 1379 1577 quiet
1414 1504 1513 1577 ipsi
1535 1520 1697 1576 quum
1724 1503 1829 1557 sint
1853 1504 1965 1557 sine
1990 1503 2241 1575 imperio,

708 1597 1003 1651 vicinorum
1025 1593 1312 1649 bonitatem
1336 1600 1566 1646 tenentes
1590 1588 1805 1645 feliciter
1825 1592 2029 1647 vivunt.
2078 1591 2149 1644 Et
2169 1598 2247 1643 est

708 1680 962 1736 habitatio
978 1698 1161 1735 eorum
1184 1679 1514 1733 mansionum
1540 1677 1611 1730 V.

781 1784 867 1823 10.
892 1769 1019 1822 Post
1046 1782 1135 1819 eos
1168 1764 1267 1817 alia
1293 1780 1415 1834 gens
1440 1779 1557 1833 quoe
1582 1772 1802 1817 vocatur
1835 1763 2015 1826 Emer,
2054 1770 2107 1814 et
2138 1762 2247 1832 ipsa

704 1853 819 1907 sine
861 1852 1083 1925 imperio
1108 1852 1284 1903 vivens
1310 1846 1613 1919 regulariter
1651 1848 1891 1918 transigit
1904 1886 1921 1913 ,
1963 1855 2017 1900 et
2036 1845 2238 1899 habitat

704 1948 895 1993 terram
916 1937 1249 1992 mansionum
1270 1935 1493 1989 XLVII.

775 2041 859 2082 11.
885 2026 1013 2079 Post
1032 2022 1131 2077 hos
1153 2020 1301 2091 regio
1322 2036 1438 2091 quae
1462 2018 1747 2091 appellatur
1768 2018 1947 2073 Nebna
1964 2057 1981 2084 ,
2028 2017 2123 2072 ubi
2138 2016 2249 2090 jam

632 2232 678 2289 B
704 2240 930 2287 mortem
974 2246 1087 2283 non
1132 2228 1293 2293 videt,
1323 2244 1421 2281 nec
1464 2236 1703 2299 parentes
1746 2225 1993 2281 tiliorum.
2024 2227 2252 2281 Scientes

2333 724 2483 780 ribus
2504 736 2558 780 et
2578 736 2660 781 est
2683 728 3008 781 mansionum
3032 728 3150 782 Lx.

2409 829 2492 866 ια.
2519 814 2612 866 Isti
2645 822 2700 867 et
2721 814 2974 867 seminant
2995 824 3049 865 et
3085 822 3324 877 metunt3
3363 830 3487 867 nam
3526 830 3686 885 supra
3724 811 3880 871 dicte

2334 908 2511 969 gentes
2527 936 2545 963 ,
2590 898 2702 951 sine
2739 899 3054 965 Camarinis,
3104 898 3278 969 pomis
3322 900 3616 969 transigunt
3661 909 3713 954 et
3755 898 3882 954 cibo

2333 983 2499 1056 mellis
2519 994 2742 1039 utuntur
2772 995 2826 1039 et
2845 986 3066 1058 piperis;
3099 985 3361 1039 Camarini
3383 996 3560 1039 autern
3583 1002 3744 1057 super
3767 984 3881 1039 hnc

2334 1068 2499 1135 bena,
2529 1070 2665 1124 sicut
2689 1080 2806 1125 ante
2840 1069 3095 1134 diximus,
3137 1080 3194 1124 et
3217 1088 3406 1143 panem
3453 1070 3715 1125 caelestem
3737 1071 3878 1126 acci·

2333 1156 2490 1228 piunt
2512 1154 2828 1211 cotidianum
2847 1195 2863 1222 ,
2885 1158 3010 1227 quia
3037 1174 3136 1211 nec
3161 1157 3240 1211 ira
3259 1174 3356 1211 nec
3372 1154 3639 1227 judicium
3667 1174 3766 1211 nec
3783 1174 3878 1211 cu·

2333 1240 2530 1314 piditas
2573 1259 2674 1295 nce
2696 1244 2810 1296 risa
2839 1260 2937 1297 nec
2976 1240 3127 1297 dolus
3154 1252 3234 1297 est
3258 1242 3401 1314 apud
3435 1242 3562 1296 'illos
3591 1259 3765 1313 neque
3789 1242 3882 1297 ali·

2336 1326 2485 1398 quod
2508 1327 2724 1384 malum.

2411 1417 2496 1472 23.
2523 1417 2620 1471 His
2643 1414 2840 1488 adjacet
2875 1417 3018 1487 regio
3046 1418 3246 1490 Dysap,
3274 1433 3430 1488 quam
3459 1426 3652 1486 regunt
3671 1416 3879 1471 inhabi-

2335 1512 2503 1556 tantes
2525 1501 2792 1575 quomodo
2813 1513 2866 1557 et
2904 1502 3080 1557 vicini.
3109 1504 3206 1558 Est
3247 1512 3422 1556 autem
3465 1500 3577 1555 haec
3599 1504 3746 1573 regio
3783 1501 3880 1558 du·

2334 1590 2606 1641 ccnlamm
2631 1595 2686 1640 et
2709 1588 2806 1641 xt.
2831 1586 3179 1642 mansionum.

2413 1676 2498 1737 14.
2523 1671 2778 1727 Posthaec
2800 1690 2926 1743 gens
2951 1690 3067 1744 quae
3089 1671 3378 1746 appellatur
3403 1672 3703 1737 Choneum,
3729 1672 3881 1744 cujus

2339 1758 2582 1812 homines
2631 1757 2814 1813 codem
2860 1758 3020 1813 modo
3083 1761 3316 1813 viventes
3370 1757 3440 1812 ad
3487 1757 3881 1813 similitudin-

2336 1844 2659 1910 vicinorum3
2685 1854 2762 1898 est
2783 1843 2924 1899 enim
2947 1842 3088 1917 apud
3109 1862 3198 1899 eos
3223 1842 3528 1899 indifferens
3547 1846 3672 1899 vita.
3718 1842 3880 1899 Habi-

2339 1942 2452 1987 tant
2469 1942 2664 1987 terram
2689 1934 2835 1987 CXX
2855 1933 3204 1989 mansionum.

2416 2021 2502 2073 15.
2546 2017 2754 2073 Deinde
2787 2019 2922 2073 Diva
2965 2036 3090 2089 gens
3130 2035 3247 2089 quae
3271 2017 3510 2073 similiter
3542 2035 3573 2072 a
3599 2017 3882 2089 majoribus

2416 2246 2499 2284 n.
2537 2228 2664 2283 Post
2691 2228 2785 2283 hos
2818 2229 2962 2300 regio
3001 2247 3118 2301 quae
3157 2229 3444 2302 appellatur
3479 2228 3690 2296 Nebus,
3717 2248 3752 2284 a
3783 2246 3889 2301 qua

710 2316 899 2388 singuli
920 2315 1065 2371 diem
1088 2315 1274 2372 mortis
1296 2331 1428 2379 suae,
1451 2313 1551 2368 sibi
1572 2312 1773 2369 faciunt
1792 2312 2167 2385 sarcophagum
2188 2312 2255 2368 de
2341 2322 2607 2377 invenitur
2623 2332 2960 2395 tyrannorum
2979 2324 3212 2389 initium,
3232 2333 3284 2377 et
3313 2324 3512 2394 regitur
3538 2341 3571 2377 a
3603 2322 3891 2395 majoribus

713 2402 1034 2457 aromatibus
1058 2403 1263 2457 varium
1280 2441 1296 2468 ,
1320 2400 1567 2473 quoniam
1608 2399 1677 2454 ad
1706 2418 1797 2455 eos
1820 2401 1995 2455 omnis
2026 2412 2255 2456 aromata

718 2488 990 2543 abundant
1004 2529 1019 2553 ,
1046 2499 1099 2543 et
1122 2506 1323 2561 ponens
1344 2504 1399 2543 se
1422 2487 1499 2541 ihi
1520 2498 1754 2559 expectat
1776 2488 2123 2559 exspirantem
2146 2488 2258 2541 ani·

715 2595 888 2641 mam;
910 2586 1129 2631 ventura
1145 2586 1318 2632 autem
1340 2574 1475 2629 hora
1494 2591 1673 2629 omnes
1698 2574 1923 2628 salutans
1942 2584 1995 2628 et
2014 2574 2258 2629 omnihus

719 2662 1009 2717 valedicens
1040 2664 1117 2716 sic
1139 2660 1377 2716 debitum
1403 2659 1605 2727 reddit,
1624 2670 1677 2714 et
1701 2671 1780 2715 est
1807 2660 1970 2715 multa
1994 2660 2259 2715 securitas.

720 2751 791 2804 Et
817 2748 931 2803 haec
953 2748 1169 2821 quidem
1193 2747 1349 2818 hujus
1375 2748 1537 2817 gentis
1560 2746 1701 2802 bona
1736 2765 1802 2801 ex
1834 2745 2231 2819 parte-diximus
2245 2766 2262 2814 ς

722 2836 888 2891 multa
916 2838 1059 2890 enim
1083 2834 1330 2889 hahentes
1357 2834 1529 2889 dicere
1544 2834 1985 2907 pretermisimus.
2007 2832 2268 2889 Habitatio

724 2930 901 2977 autem
924 2932 1078 2976 terrae
1097 2938 1282 2975 eorum
1305 2930 1384 2974 est
1406 2921 1735 2975 mansionum
1749 2920 2093 2993 septuaginta.

793 3012 849 3065 8.
882 3010 1009 3063 Post
1033 3009 1199 3080 ipsam
1232 3017 1436 3078 gentem
1460 3007 1589 3079 quid
1614 3005 1755 3061 aliud
1790 3006 1901 3061 est?
1924 3005 2268 3060 Venientibus

724 3094 794 3149 ad
818 3094 1117 3150 occidentes
1137 3094 1447 3149 Brachmani
1464 3092 1687 3164 degunt3
1716 3104 1771 3147 et
1791 3094 1891 3166 ipsi
1916 3094 2029 3147 sine
2048 3092 2269 3164 imperio

725 3182 1023 3251 transigunt
1050 3179 1184 3234 bene
1207 3190 1261 3235 et
1282 3177 1518 3233 detinent
1544 3178 1837 3233 vicinorum
1866 3178 2172 3234 honitatem.
2202 3178 2271 3232 Et

722 3277 809 3321 est
832 3266 1087 3321 hahitatio
1106 3283 1289 3320 eorum
1314 3266 1643 3320 mensionum
1668 3266 1919 3338 quinque.

799 3374 856 3424 9.
894 3354 1019 3407 Post
1060 3350 1163 3405 hos·
1199 3350 1361 3405 altera
1396 3352 1539 3421 regio
1580 3350 1901 3417 Eviltarum3
1929 3361 1983 3405 et
2022 3352 2121 3424 ipsi
2158 3351 2269 3404 sine

722 3439 951 3513 imperio
974 3448 1029 3493 et
1050 3455 1198 3511 pene
1220 3436 1441 3494 deorum
1465 3439 1623 3491 vitam
1642 3438 1891 3495 viventes.
1928 3439 1998 3492 Et
2025 3438 2139 3510 [est]
2167 3437 2267 3492 ho-

720 3544 851 3581 rum
868 3537 1009 3581 terra
1026 3525 1355 3580 tunsionum
1379 3526 1588 3596 triginta
1610 3524 1739 3579 duo.

801 3630 888 3672 10.
914 3614 1043 3669 Post
1062 3611 1159 3667 hos
1180 3610 1337 3667 altera
1358 3629 1480 3684 gens
1498 3628 1615 3684 quae
1639 3621 1853 3666 vocatur
1876 3612 2054 3679 Emer,
2082 3610 2267 3683 etipsa

721 3702 908 3757 vivens
955 3700 1072 3755 sine
1111 3701 1333 3774 imperio
1378 3699 1611 3771 transigit
1645 3698 1897 3770 legaliter3
1937 3709 1991 3754 et
2034 3696 2269 3753 habitant

721 3801 921 3844 terram
945 3789 1279 3845 mansionum
1310 3786 1647 3860 quadraginta
1666 3798 1883 3860 septem.

722 3991 755 4027 e
784 3972 935 4044 cnjus
956 3971 1259 4044 conjectura
1284 3989 1409 4027 mox
1430 3970 1552 4024 dedi
1578 3969 1925 4043 exspirantem
1952 3986 2048 4041 pro
2074 3968 2269 4023 codicis

720 4050 981 4123 scriptura
1006 4060 1342 4125 expetentem.

792 4132 825 4199 3
852 4148 906 4201 9.
936 4127 1265 4199 Eviltarum]
1278 4128 1487 4181 Horum
1505 4127 1704 4181 mentio
1726 4127 1783 4182 in
1804 4130 1851 4181 A
1868 4126 2075 4181 omissa.
2094 4123 2273 4179 Evittae

720 4218 849 4261 sunt
881 4206 1057 4263 Evilat
1098 4217 1251 4261 teu-a
1285 4208 1481 4276 (Moses
1512 4222 1563 4271 t,
1600 4220 1654 4268 a,
1697 4207 1786 4276 u)
1808 4204 2005 4263 incole.
2048 4201 2272 4259 Eosd-

720 4288 995 4341 Ravennas
1039 4302 1255 4358 quoque
1292 4282 1621 4357 geographus
1663 4287 1742 4353 (a,
1787 4286 1861 4355 1),
1902 4285 1995 4356 qui
2034 4282 2275 4337 biblicam

714 4363 1096 4437 geographiam
1120 4363 1190 4418 ad
1214 4362 1447 4417 tabulam
1470 4364 1759 4417 Romanam
1772 4402 1787 4427 ,
1815 4361 1981 4435 qualis
2002 4371 2177 4416 nostra
2198 4372 2274 4415 est

717 4443 1140 4513 Peutingeriana,
1154 4438 1587 4503 accommodavit,
1600 4442 1657 4494 in
1672 4439 1822 4496 india
1836 4440 2071 4497 collocat.
2096 4439 2277 4494 Prima

707 4520 930 4594 patria,
952 4520 1127 4591 inquit
1140 4557 1158 4585 ,
1178 4530 1259 4574 est
1283 4517 1448 4573 India
1467 4536 1583 4591 qnae
1602 4516 1806 4571 dicitur
1823 4516 2087 4573 Dimtriea
2113 4517 2275 4573 Heni·

722 4599 801 4651 lat
816 4637 834 4665 ,
862 4616 978 4671 quoe
1004 4594 1157 4671 apud
1188 4596 1420 4651 homines
1456 4594 1709 4669 quomodo
1738 4594 1817 4649 ad
1836 4586 2135 4650 orientalem
2152 4596 2276 4670 pla-

717 4694 842 4745 gam
848 4675 1019 4748 finita
1045 4673 1331 4731 invenitur.
1351 4673 1437 4728 Ab
1466 4674 1567 4727 hac
1588 4674 2075 4729 Dimirica·Hevilst
2099 4692 2276 4729 versus

722 4756 1126 4827 septentrionem
1154 4753 1209 4806 in
1238 4751 1406 4806 ·1ndia
1441 4752 1617 4806 Serica
1654 4750 2048 4807 Brachmaniam
2082 4762 2275 4807 ten-am

722 4833 894 4905 ponit.
936 4830 1185 4887 Similiter
1222 4829 1570 4885 Brachmanas
1612 4840 1666 4885 et
1707 4830 1913 4885 Evileos
1953 4828 2276 4902 conjunctim

723 4921 985 4966 memorat
1002 4909 1328 4983 Epiphanius
1349 4910 1406 4964 in
1429 4912 1626 4981 Expos.
1654 4908 1777 4963 fidet
1800 4908 1990 4966 cathol.
2020 4927 2072 4964 c.
2106 4926 2189 4964 ια.
2212 4912 2274 4964 In

716 4988 872 5044 libris
892 4990 1305 5044 Generationum
1333 5006 1399 5043 ex
1424 4988 1596 5043 Evilat
1619 4988 1873 5059 originem
1891 4987 2094 5042 ducunt
2127 5006 2274 5060 gym-

718 5068 1061 5139 nosophistae,
1082 5066 1182 5131 vel,
1206 5065 1497 5122 secundum
1520 5066 1837 5140 Syncellum‚
1856 5066 2093 5139 Γαγγινοὶ
2103 5106 2118 5131 ,
2134 5068 2275 5121 Gan·

712 5146 799 5215 gis
824 5145 1035 5203 accola.

792 5227 822 5293 S
865 5241 951 5279 10.
985 5224 1161 5296 Emer]
1206 5222 1532 5297 Populos-um
1590 5223 1805 5277 nomina
1848 5226 2032 5285 Emer,
2059 5223 2237 5277 Neleus
2255 5262 2271 5288 ,

2342 2422 2396 2467 et
2420 2422 2499 2467 est
2520 2414 2846 2467 mansionum
2870 2414 3146 2484 sexaginta.

2419 2520 2506 2561 12.
2541 2506 2682 2560 Hinc
2737 2506 3006 2561 seminatio
3051 2516 3107 2560 et
3143 2506 3354 2561 messio.
3401 2504 3666 2560 Praedictae
3713 2515 3889 2559 autem

2347 2604 2553 2665 gentes,
2595 2596 2706 2649 sine
2745 2596 3062 2661 Camarinis,
3102 2597 3286 2649 vivunt
3308 2596 3480 2667 pomis
3525 2606 3577 2649 et
3618 2596 3798 2668 pipere
3835 2605 3888 2649 et

2349 2686 2527 2753 melle;
2565 2688 2824 2742 Camerini
2867 2688 3007 2743 enim
3045 2706 3232 2761 panem
3279 2686 3518 2741 celestem
3565 2686 3890 2742 cotidianum

2351 2776 2634 2849 accipiunt.
2651 2779 2796 2832 Inter
2813 2796 2902 2832 eos
2926 2778 3095 2832 omnis
3121 2795 3220 2831 nec
3237 2778 3496 2843 irascitur,
3521 2795 3620 2831 nec
3628 2775 3890 2848 judicium

2352 2879 2635 2943 appetunt,
2661 2888 2833 2943 neque
2854 2872 2970 2925 rixa
2993 2888 3162 2943 neque
3178 2868 3434 2944 cupiditas
3449 2886 3622 2942 neque
3637 2868 3790 2923 dolus
3812 2868 3889 2924 vel

2353 2958 2552 3033 aliquid
2577 2960 2699 3015 mali
2723 2970 2818 3017 est.

2431 3052 2518 3111 13.
2552 3055 2680 3109 Post
2697 3071 2820 3125 ergo
2845 3053 3020 3108 Nebus
3043 3064 3248 3125 gentem
3272 3052 3472 3125 adjacet
3489 3054 3636 3125 regio
3659 3051 3887 3125 Disapb,

2355 3162 2513 3217 quam
2538 3146 2630 3217 qui
2654 3145 2916 3213 habitant,
2947 3156 3200 3217 reguntur
3233 3145 3368 3201 bene
3403 3144 3674 3217 quomodo
3709 3144 3886 3201 vicini.

2356 3235 2425 3289 Et
2461 3234 2698 3290 habitant
2739 3246 2926 3290 terram
2983 3246 3242 3289 tenentem
3293 3236 3586 3291 mansiones
3643 3234 3891 3290 ducentas

2356 3325 2712 3399 qudraginta.

2430 3422 2513 3481 14.
2551 3420 2676 3473 Post
2697 3416 2832 3471 hanc
2856 3434 2981 3488 gens
3005 3416 3082 3471 sic
3114 3414 3416 3489 appellanda
3449 3418 3666 3469 loneum
3686 3453 3704 3480 ,
3737 3412 3890 3485 cujus

2353 3507 2592 3563 homines
2642 3504 2828 3561 eodem
2871 3504 3030 3559 modo
3074 3503 3418 3559 vicinantibus
3463 3504 3694 3557 viventes
3733 3502 3892 3556 vitam

2353 3600 2636 3671 transigere
2679 3608 2894 3671 putant;
2921 3596 3224 3652 indifferens
3257 3596 3398 3651 enim
3425 3594 3494 3651 ad
3535 3614 3625 3650 eos
3665 3596 3790 3650 vita.
3823 3595 3894 3649 Et

2353 3692 2586 3749 habitant
2609 3702 2794 3747 terram
2821 3700 3028 3746 centum
3049 3691 3234 3763 viginti
3257 3688 3608 3744 mansionum.

2429 3784 2512 3841 15.
2551 3782 2754 3838 Deinde
2787 3782 2920 3838 Diva
2965 3798 3088 3854 gens
3125 3778 3312 3835 eodem
3359 3779 3522 3834 modo
3565 3789 3821 3850 reguntur
3862 3794 3893 3832 a

2353 3972 2586 4045 cepimus
2599 4010 2616 4036 ,
2645 3980 2894 4043 quantum
2939 3986 3034 4039 ego
3071 3968 3282 4041 quidem
3309 3968 3490 4023 sciam.
3537 3966 3896 4023 Gothofredus

2358 4049 2564 4123 Disaploe
2591 4048 2817 4103 fortassis
2841 4049 2896 4103 in
2914 4048 3123 4122 Nisapla
3136 4088 3154 4113 ,
3170 4051 3384 4101 Joneum
3400 4047 3457 4100 in
3477 4045 3728 4109 Inmium,
3751 4045 3898 4101 Diva

2359 4132 2413 4183 in
2456 4128 2610 4183 Dalm
2651 4126 2900 4183 mutanda
2943 4144 3052 4181 esse
3067 4166 3084 4193 ,
3129 4127 3296 4198 iisque
3329 4124 3633 4179 nominibus
3677 4124 3898 4180 indicari

2361 4209 2572 4281 Nysaeos
2589 4217 2644 4261 et
2666 4207 2792 4260 lmai
2815 4203 3010 4259 accolas
3026 4214 3080 4259 et
3098 4206 3237 4258 Daos
3254 4202 3468 4275 Scythas
3481 4204 3790 4274 suspicatur.
3801 4202 3895 4271 ΙΙ-

2359 4285 2682 4357 ngulariter]
2708 4283 2938 4353 legaliter
2956 4284 3018 4337 B.

2430 4368 2567 4435 §11-
2587 4360 2934 4438 principium]
2952 4359 3252 4435 principum
3277 4360 3428 4426 Cam,
3442 4359 3782 4434 principatus
3806 4358 3893 4414 ed.

2359 4444 2484 4498 Mai.
2514 4444 2536 4513 ΙΙ
2557 4472 2624 4485 -
2641 4445 2706 4497 In
2718 4442 2761 4495 Β
2773 4440 3034 4512 legebatur
3044 4439 3258 4496 Nebusa
3266 4457 3390 4512 qna.
3413 4442 3436 4509 ΙΙ
3461 4470 3534 4481 -
3554 4438 3726 4511 dolus]
3747 4438 3895 4494 dolor

2360 4519 2519 4579 codd.
2531 4519 3292 4589 Cav.etPsr.;em.Mat.u-1n
3304 4522 3347 4571 B
3361 4516 3624 4588 legebatur
3643 4534 3658 4571 :
3683 4528 3736 4571 et
3736 4518 3900 4591 piper

2361 4610 2412 4653 et
2428 4599 2580 4653 mella
2601 4596 2904 4661 Camurium·
2927 4614 3112 4668 panem
3135 4596 3271 4650 enim
3291 4606 3392 4649 etc.
3415 4596 3438 4665 ΙΙ
3460 4626 3533 4637 -
3549 4598 3578 4663 S
3597 4595 3659 4647 13
3677 4598 3898 4669 Dypsap

2361 4680 2502 4741 Par„
2517 4675 2720 4749 Disaplt
2735 4672 3234 4745 B.fl—<Iucentarum
3245 4684 3298 4726 et
3317 4677 3378 4729 Χ
3371 4674 3435 4745 L]
3460 4676 3542 4727 CC
3549 4674 3673 4727 Cav.
3687 4672 3816 4742 {1—§
3833 4676 3896 4735 11.

2366 4756 2634 4825 ffloneum]
2657 4757 2867 4808 Joneum
2886 4752 2948 4806 Β.
2973 4755 3056 4806 An
3069 4750 3203 4806 torte
3231 4750 3332 4805 fuit
3355 4748 3710 4804 Pandioneum
3725 4788 3742 4814 ,
3762 4752 3898 4804 Pan·

2362 4832 2535 4889 dionis
2578 4831 2831 4904 regnum?
2855 4830 3052 4901 Quodsi
3093 4840 3198 4896 est,
3239 4830 3408 4902 putari
3450 4829 3614 4902 possit
3648 4837 3899 4901 sequente

2362 4914 2576 4968 nomine
2605 4912 2752 4969 Diva
2785 4910 3000 4965 indicari
3025 4908 3374 4965 sicle-Divum
3396 4908 3506 4963 sive
3527 4906 3894 4981 Taprobanen,

2363 4990 2686 5065 insulamque
2711 4992 2764 5045 in
2783 4990 3130 5045 continentem
3157 4986 3445 5043 transferri.
3466 4986 3533 5041 Id
3553 4997 3731 5042 tamen
3746 4985 3898 5057 longe

2360 5072 2581 5144 petitum
2633 5069 2884 5123 videatur.
2917 5066 3153 5122 Conseri-i
3190 5065 3364 5120 malim
3405 5066 3652 5120 Cosmam
3685 5062 3894 5136 Indopl.

2363 5168 2416 5223 p.
2454 5150 2590 5207 138:
2617 5148 2714 5204 ἀπὸ
2737 5152 2822 5217 τῆς
2845 5147 3092 5210 Τζινίτζας
3117 5146 3208 5209 ἕως
3241 5150 3328 5213 τῆς
3363 5144 3519 5217 ἀρχῆς
3539 5148 3628 5213 τῆς
3666 5142 3898 5215 Περσῶος

2362 5222 2494 5275 πᾶσα
2523 5218 2770 5274 'louvia
2811 5217 2894 5272 καὶ
2937 5217 3086 5271 Ἰνδία
3115 5215 3200 5270 καὶ
3243 5213 3275 5284 ἡ
3318 5216 3548 5289 Βάκτρων
3573 5215 3734 5287 χώρα.
3771 5214 3796 5285 ΙΙ
3825 5242 3899 5255 ·-

720 5306 925 5376 Dysap‚
952 5307 1170 5359 Joneam
1197 5302 1277 5357 vel
1309 5303 1561 5357 (Ilioneum
1619 5301 1785 5368 Diva,
1810 5299 2023 5356 aliunde
2048 5319 2158 5356 non
2187 5318 2272 5354 ac·
2367 5300 2520 5371 CXX]
2557 5302 2759 5355 CXXX
2785 5298 2907 5352 Csv-
2939 5296 3102 5367 ss—§
3133 5296 3194 5349 15
3227 5294 3563 5349 ducentarum
3587 5290 3666 5364 Χ]
3709 5292 3904 5347 CCXX

3671 5394 3694 5421 ιι

3669 5393 3746 5437 §.³⁰
