4584 6284
1815 309 1912 368 DE
1942 307 2124 369 mon
2133 306 2309 368 Yslo
2340 305 2797 400 ymmone,

723 463 785 524 p.
825 447 961 522 107,
995 447 1197 506 14-15.
1233 445 1370 516 116,
1402 445 1530 505 5-6.
1563 445 1698 515 121,
1731 444 1856 504 3-4.
1886 443 2020 514 162,
2055 441 2260 502 28-29.

724 535 860 608 188,
920 530 1132 611 10-15)
1158 574 1176 608 ,
1237 527 1569 590 nonnullas
1617 545 1760 588 vero
1815 527 1931 589 sihi
1984 525 2266 608 proprias

721 618 972 693 habent,
1002 633 1268 700 quarum
1289 617 1574 678 maximae
1599 621 1742 677 sunt
1769 634 1828 696 p.
1849 617 1986 692 372,
2011 617 2260 692 29-379,

719 710 798 771 26
825 713 887 770 et
917 726 982 788 p.
1016 709 1159 781 400,
1192 706 1432 778 11-407,
1463 707 1559 767 15.
1599 705 1686 764 Ex
1717 701 1812 765 his
1842 702 2146 783 posterior
2175 703 2267 766 la-

716 812 880 856 cuna
903 790 1219 874 antiquior
1239 809 1426 873 quam
1457 791 1648 854 altera
1671 807 1804 852 esse
1825 787 2010 852 debet
2025 836 2042 866 ,
2076 789 2264 871 siqui-

721 880 868 944 dem
901 880 1090 943 etiam
1137 879 1334 943 codex
1379 881 1437 942 F
1471 887 1534 942 et
1559 877 1918 941 Didotianus
1958 877 2262 942 Eustathii

719 969 920 1034 codex
953 967 1032 1050 (1)
1062 967 1128 1030 in
1155 987 1218 1050 p.
1249 971 1385 1044 400,
1423 970 1488 1030 11
1525 964 1848 1042 desinunt,
1884 965 2034 1030 dum
2063 966 2126 1028 in
2160 984 2265 1030 ce-

722 1055 872 1119 teris
919 1073 1064 1118 cum
1095 1057 1200 1118 DL
1227 1053 1516 1134 componi
1557 1056 1907 1134 nequeunt,
1941 1053 2052 1115 sed
2095 1071 2265 1117 com·

723 1142 994 1226 ponendi
1024 1147 1162 1205 sunt
1183 1160 1326 1206 cum
1348 1142 1644 1216 EKMNd,
1669 1147 1972 1222 quatenus
1995 1159 2140 1204 cum
2165 1141 2262 1204 his

717 1249 1116 1296 communem
1145 1229 1376 1294 habent
1402 1229 1686 1292 lacunam
1706 1275 1722 1304 ,
1757 1247 1898 1312 quae
1929 1229 2197 1312 pertinet
2225 1249 2262 1292 a

721 1341 784 1404 p.
833 1323 968 1394 357,
999 1323 1068 1382 21
1124 1317 1202 1380 ad
1247 1337 1307 1400 p.
1359 1321 1497 1393 379,
1549 1321 1608 1381 8.
1667 1319 1900 1380 Rursus
1949 1337 2024 1380 ex
2069 1317 2254 1381 codd.

723 1408 1045 1472 EFKuNa
1071 1412 1133 1469 et
1156 1405 1362 1470 Didot.
1395 1404 1682 1468 arctioris
1714 1405 2096 1486 cognationis
2130 1407 2264 1470 vin-

715 1497 858 1559 culo
875 1494 1076 1576 juncti
1115 1499 1260 1556 sunt
1285 1492 1537 1556 codices
1568 1494 1627 1554 K
1629 1495 1742 1555 m*
1764 1499 1826 1554 et
1855 1491 2219 1558 Didoiianus
2237 1541 2254 1570 ,

718 1585 822 1667 qui
849 1601 1062 1648 omnes
1090 1600 1166 1646 ex
1189 1581 1350 1644 libro
1381 1587 1744 1658 manarunt,
1775 1581 1840 1644 in
1869 1601 1992 1663 quo
2031 1601 2138 1646 sex
2173 1584 2263 1647 ro-

714 1672 938 1734 liorum
965 1689 1268 1752 compago
1299 1673 1397 1751 (p.
1445 1671 1563 1733 335
1593 1687 1730 1750 sqq.
1763 1669 1861 1732 ed.
1900 1671 2132 1752 nostr.)
2161 1689 2265 1734 so-

714 1759 839 1824 luta
883 1767 1015 1822 erat
1063 1756 1220 1822 adeo
1267 1764 1340 1821 ut
1391 1757 1700 1837 genuinus
1749 1757 2042 1822 soliorum
2107 1758 2262 1824 ordo

713 1847 1062 1929 perturbari
1091 1846 1274 1909 facile
1303 1853 1550 1928 posset3
1591 1845 1988 1926 perturbatus
2023 1866 2170 1912 vero
2199 1849 2262 1910 in

711 1938 836 1999 ΚΜ
853 1943 948 1999 est
973 1934 1141 1999 hunc
1165 1934 1230 1996 in
1253 1933 1514 1997 modum
1545 1951 1561 1994 τ
1583 1935 1644 1995 4.
1672 1935 1731 1994 2.
1765 1935 1824 1997 6.
1851 1937 1906 1996 1.
1940 1936 1998 1997 5.
2025 1937 2064 1998 3
2087 1979 2104 2011 ,
2127 1933 2190 1996 in
2214 1935 2268 1996 F

709 2031 918 2088 autem
963 2031 1028 2086 et
1071 2021 1401 2086 Didotiano
1440 2019 1711 2100 genuina
1761 2019 1952 2084 series
1998 2020 2152 2085 abiit
2195 2041 2259 2085 m

711 2109 945 2176 hancce
973 2131 989 2175 ε
1020 2115 1078 2175 3.
1111 2114 1170 2174 2.
1201 2114 1260 2174 6.
1290 2115 1349 2174 1.
1377 2113 1435 2174 5.
1472 2112 1532 2171 4.
1577 2110 1864 2172 Ceterum
1891 2113 2005 2172 ista
2033 2128 2140 2172 sex
2156 2112 2267 2173 'fo-

717 2199 942 2264 tiorum
961 2197 1348 2280 perturbatio
1375 2195 1690 2278 antiquior
1710 2215 1846 2260 esse
1867 2195 2052 2261 debet
2077 2217 2262 2280 quam

717 2287 938 2351 lacuna
965 2305 1106 2369 quai
1137 2285 1324 2348 estin
1354 2287 1516 2347 DLF
1538 2291 1600 2345 et
1647 2284 1712 2346 in
1747 2284 2076 2348 Didotiano
2119 2284 2265 2349 inde

717 2395 754 2436 a
777 2393 840 2456 p.
873 2378 1012 2450 400,
1042 2378 1110 2437 11
1145 2373 1224 2435 ad
1260 2392 1322 2453 p.
1349 2376 1490 2446 407,
1518 2374 1624 2446 15,
1653 2371 1946 2453 quoniam
1980 2373 2142 2434 hanc
2179 2372 2268 2435 la-

711 2479 939 2526 cunam
980 2461 1260 2524 nondum
1297 2458 1532 2521 hahent
1561 2461 1724 2535 KM,·
1765 2458 2078 2541 antiquior
2119 2460 2265 2524 item

717 2557 812 2612 est
853 2565 1040 2629 quam
1077 2547 1302 2611 lacuna
1353 2564 1416 2627 p.
1463 2548 1606 2620 393,
1650 2549 1891 2621 11·395,
1932 2549 2032 2622 26,
2077 2565 2264 2629 quam

709 2635 902 2699 habes
928 2637 991 2698 in
1011 2637 1136 2698 ΚΜ
1157 2637 1309 2710 etin
1337 2635 1472 2712 EN,
1499 2633 1609 2697 sed
1639 2651 1780 2714 quae
1805 2634 1870 2696 in
1905 2636 1964 2696 F
1990 2637 2272 2700 nondum

707 2724 998 2788 occurrit.

787 2812 1100 2876 Editiones
1139 2811 1450 2892 Dionysii,
1484 2829 1751 2894 quarum
1789 2809 2008 2892 ingens
2045 2831 2266 2875 nume-

711 2919 815 2964 rus
849 2907 968 2980 est,
993 2898 1230 2973 videas,
1260 2896 1367 2972 sis,
1411 2897 1473 2961 in
1505 2897 1866 2960 Hoffmanni
1903 2898 2128 2963 Lexico
2170 2898 2266 2961 bi-

709 2986 1158 3070 bliographico.
1209 2987 1402 3050 Nobis
1437 2983 1709 3050 notanda
1745 2992 1839 3048 est
1875 2991 2104 3066 praeter
2131 2985 2265 3050 edi-

711 3074 912 3138 tiones
961 3073 1308 3157 principes,
1360 3092 1502 3156 quae
1531 3072 1756 3136 eodem
1811 3090 1973 3136 anno
2010 3077 2165 3137 1512
2205 3080 2269 3137 et'

707 3161 1001 3224 Ferrariae
1025 3166 1089 3223 et
1107 3159 1358 3223 Viennae
1383 3158 1783 3242 prodierunt,
1817 3158 2008 3224 editio
2036 3160 2258 3222 Aldina

707 3247 856 3309 anni
886 3250 1060 3322 1513,
1099 3265 1136 3310 e
1175 3247 1342 3310 bono
1379 3247 1488 3310 illa
1510 3245 1730 3310 codice
1767 3245 2100 3327 descripta.
2143 3249 2266 3310 De-

711 3333 858 3398 inde
885 3333 1184 3416 ampliore
1219 3334 1354 3416 jam
1381 3341 1684 3416 apparatu
1723 3331 1942 3397 critico
1973 3333 2257 3398 instructi

709 3423 1012 3487 Robertus
1058 3427 1121 3485 et
1151 3421 1454 3486 Rem-icus
1503 3421 1854 3503 Stephanus
1894 3420 2256 3503 Dionysium

713 3518 774 3574 et
791 3511 1180 3575 Eustathium
1215 3510 1452 3574 lacunis
1483 3511 1774 3573 mutilum
1795 3509 2124 3573 ediderunt
2139 3513 2259 3574 Lu-

713 3598 876 3663 tetiae
895 3647 910 3672 ,
944 3598 1048 3662 ille
1067 3617 1165 3661 an.
1203 3602 1381 3673 1547,
1406 3597 1512 3660 hic
1537 3617 1637 3660 an.
1668 3600 1842 3661 1577.
1877 3599 1966 3660 Ex
1985 3597 2256 3662 Henrico

717 3687 1024 3768 Stephano
1051 3685 1424 3766 posteriores
1456 3684 1728 3748 editores
1749 3732 1765 3761 ,
1795 3703 1830 3748 e
1862 3683 2090 3767 quibus
2131 3685 2258 3748 Hil-

718 3774 874 3837 lium
925 3781 989 3837 et
1033 3773 1398 3836 Hudsonum
1457 3791 1884 3837 commemoro
1903 3819 1920 3850 ,
1983 3775 2259 3855 pendent

717 3879 830 3944 per
855 3878 1050 3924 annos
1071 3863 1190 3924 240
1209 3860 1336 3923 sive
1357 3878 1555 3943 usque
1577 3861 1655 3923 ad
1679 3879 1910 3924 annum
1933 3865 2105 3938 1817,
2132 3881 2258 3944 quo

715 3951 782 4011 F.
814 3950 881 4011 C.
929 3947 1232 4024 Matthiae,
1275 3946 1538 4010 collecta
1577 3965 1614 4009 e
1649 3947 1833 4010 codd.
1877 3948 2258 4030 supellectile

711 4053 787 4099 ac
815 4055 968 4098 nova
998 4035 1294 4097 carminis
1337 4034 1703 4098 recensione
1748 4033 2061 4115 instituta,
2091 4033 2258 4098 haud

713 4141 910 4206 pauca
961 4121 1184 4184 melius
1225 4121 1356 4200 jam
1422 4121 1487 4183 in
1547 4121 1858 4201 Pericgesi
1905 4121 2255 4199 adornavit,

713 4229 902 4293 quam
927 4229 1053 4273 una
1073 4227 1218 4272 cum
1249 4208 1468 4272 Avieni
1499 4209 1874 4290 metaphrasi
1900 4215 1961 4272 et
1983 4211 2170 4274 Arato
2199 4216 2261 4274 et
2289 4209 2297 4216 '

707 4297 1156 4362 Gatasterismis
1187 4297 1612 4360 Eratosthenis
1653 4296 1853 4361 edidit
1875 4299 2258 4361 Francofurti

709 4403 808 4448 an.
835 4388 1011 4450 1817.
1043 4387 1112 4447 In
1140 4384 1361 4448 eadem
1383 4385 1482 4448 via
1511 4385 1760 4463 longius
1793 4384 2089 4467 deinceps
2117 4403 2261 4467 pro-

713 4491 956 4554 gressus
981 4479 1074 4536 est
1097 4473 1422 4537 Passovius
1439 4519 1456 4548 ,
1487 4473 1596 4554 qui
1630 4472 1978 4554 periegesin
2002 4479 2262 4536 annota-

717 4561 884 4624 tione
931 4561 1144 4625 critica
1193 4559 1556 4623 instructam
1601 4578 1700 4622 an.
1755 4563 1910 4623 1828
1955 4559 2254 4640 (Lipsiae,

715 4649 1022 4714 sumtibus
1061 4648 1406 4726 Teubneri)
1462 4647 1763 4711 exhibens
1814 4647 1880 4710 in
1939 4647 2260 4729 praemissa

723 4737 1080 4819 praefatione
1109 4757 1172 4818 p.
1211 4739 1292 4798 IX
1313 4736 1700 4816 arrogantius
1729 4755 1915 4818 quam
1947 4737 2150 4800 verius
2170 4756 2264 4800 as-

715 4825 1010 4888 severavit
1035 4825 1390 4904 Dionysium
1435 4823 1514 4886 ab
1543 4825 1680 4907 ipso
1715 4825 1905 4887 talem
1947 4823 2109 4901 dari,
2153 4825 2258 4906 qui

775 4969 844 5032 (1)
873 4969 1100 5020 codicem
1119 4968 1424 5020 Didotianum
1443 4965 1674 5018 adhibere
1689 4981 1786 5017 noa
1803 4967 1966 5030 potui,
1985 4979 2259 5042 quum-quo

709 5041 932 5161 tgnoepore
979 5039 1060 5091 ille
1091 5043 1252 5090 emtus
1283 5043 1377 5102 est,
1411 5037 1695 5090 Eustachius
1723 5037 1850 5101 typis
1874 5037 1976 5102 iam
2000 5049 2256 5102 expressus

3712 307 3905 370 xxxix

2354 437 2435 500 ab
2462 437 2635 500 omni
2666 445 2839 520 parte
2864 437 3171 517 genuinus
3210 445 3271 502 et
3298 438 3661 502 emendatus
3687 439 3907 502 haberi

2354 525 3911 696 fixtzssaffzffi'ffl‘31223013221‘133325‘2332353

2354 699 2634 764 criticam
2662 709 2725 765 et
2754 701 2965 783 copias
2991 720 3028 765 a
3050 701 3354 765 Bredovio
3378 721 3413 764 e
3444 701 3767 766 codicibus
3794 705 3912 765 Pa·-

2354 788 2559 852 risinis
2587 796 2912 870 congestas
2941 791 3004 852 in
3032 808 3183 854 usus
3204 809 3345 853 suos
3366 798 3737 855 convertens
3760 793 3905 855 Dio-

2353 877 2597 959 nysium
2648 897 2772 940 una
2800 896 2943 941 cum
2977 877 3246 957 Avieno,
3294 877 3644 953 prisciano,
3690 881 3911 942 Eusta-

2351 965 2515 1044 thio,
2557 965 2811 1031 scholiis
2839 974 2901 1030 et
2944 966 3307 1050 paraphrasi
3344 966 3551 1030 denuo
3596 967 3910 1032 recensuit

2352 1062 2538 1136 atque
2566 1055 3016 1119 commentario
3046 1054 3337 1118 instruxit
3360 1054 3667 1117 acuminis
3705 1055 3905 1118 critici

2353 1149 2416 1206 et
2440 1142 2811 1208 eruditionis
2851 1141 3290 1208 reconditioris
3330 1141 3639 1205 thesauris
3676 1143 3911 1224 plenis-—

2353 1231 2548 1313 simo,
2579 1232 2736 1297 adeo
2768 1239 2839 1296 ut
2864 1239 3005 1314 post
3030 1237 3229 1295 tantas
3258 1248 3493 1294 messes
3528 1230 3683 1293 nihil
3729 1230 3908 1295 nobis

2352 1321 2471 1383 nisi
2518 1321 2911 1403 spicilegium
2944 1321 3421 1402 relinqueretur.
3468 1319 3673 1382 Editio
3724 1320 3912 1382 Bern-

2351 1406 2667 1491 hardyana
2695 1408 2937 1472 duobus
2964 1407 3387 1472 voluminibus
3418 1406 3657 1490 prodiit
3680 1407 3909 1491 Lipsiae

2351 1511 2449 1556 an.
2484 1499 2661 1560 1828.
3194 1555 3199 1561 .

2430 1585 2664 1646 Groecae
2691 1585 3089 1663 Periegeseos
3122 1582 3484 1664 paraphrasi
3527 1581 3911 1664 subiecimus

2352 1671 2695 1754 Γεωγραφίαν
2719 1671 3064 1744 συνοπτικὴν,
3105 1689 3291 1751 quam
3324 1688 3357 1733 e
3384 1669 3608 1735 vitiosa
3632 1669 3909 1753 Dionysii

2352 1758 2715 1840 paraphrasi
2745 1766 2807 1822 et
2846 1759 3193 1822 secundum
3224 1757 3397 1822 orbis
3427 1758 3785 1840 Dionysiani
3822 1769 3911 1822 ta-

2352 1847 2563 1910 bulam
2628 1851 3001 1912 Nmnruonus
3066 1849 3438 1922 BmmnnES,
3500 1847 3712 1911 saeculi
3778 1850 3911 1912 xm

2352 1936 2721 2012 monachuS,
2762 1937 3052 1999 confecit.
3086 1936 3383 2016 Opusculi
3410 1935 3595 2016 hujus
3624 1935 3909 2000 codicem

2350 2021 2804 2106 Londinianum
2844 2024 3182 2087 Salmasius
3214 2023 3313 2105 (in
3344 2023 3539 2104 Epist.
3574 2023 3759 2100 lih.1,
3794 2027 3911 2089 123

2354 2111 2453 2175 ed.
2494 2112 2777 2192 Lugdun.
2826 2114 2960 2176 Bat.
3012 2116 3197 2189 1656,
3232 2111 3308 2190 4)
3342 2117 3829 2188 commemorat3
3876 2129 3911 2174 e

2352 2200 2571 2264 codice
2593 2200 2929 2281 Bodlejano
2954 2199 3187 2264 librum
3212 2199 3493 2264 editurus
3516 2206 3650 2263 erat
3670 2199 3913 2263 Hudso-

2356 2307 2471 2352 nus
2500 2289 2593 2370 (v.
2619 2291 2691 2352 G.
2726 2289 2873 2350 Min.
2906 2295 2950 2351 t.
2984 2293 3048 2365 2,
3076 2308 3138 2370 p.
3169 2288 3355 2368 208);
3390 2285 3729 2350 Bredovius
3764 2304 3911 2350 vero

2355 2385 2489 2440 tum
2536 2378 2662 2441 hoc
2700 2383 2833 2439 tum
2878 2377 3143 2439 alterum
3194 2373 3479 2456 eJusdem
3536 2373 3909 2439 Blemmidae

2359 2465 2495 2544 Περὶ
2515 2469 2611 2542 γῆς
2636 2463 3011 2546 opusculum
3038 2463 3203 2546 (jam
3241 2463 3394 2527 olim
3427 2461 3583 2525 illud
3612 2479 3712 2524 an.
3756 2465 3913 2527 1605

2358 2571 2393 2615 a
2418 2551 2743 2634 Wegelino
2767 2552 3057 2632 Augustas
3084 2549 3549 2613 Vindelicorum
3578 2549 3853 2632 editum)
3876 2569 3912 2614 e

2358 2640 2577 2704 codice
2605 2639 2887 2703 Parisino
2914 2641 2984 2701 N.
3011 2642 3165 2702 1414
3194 2638 3527 2720 exscripsit
3550 2641 3659 2720 (V.
3685 2638 3915 2703 Bredo-

2334 2730 2441 2793 ·vii
2463 2730 2661 2811 Epist.
2692 2727 2888 2790 Paris.
2918 2747 2979 2809 p.
3011 2729 3165 2805 43),
3198 2744 3274 2788 ex
3298 2725 3679 2790 Bredoviano
3702 2733 3913 2790 autem

2356 2816 2715 2900 apographo
2760 2816 2957 2880 edidit
3002 2815 3315 2899 Spohuius
3348 2815 3549 2899 (Lips.
3590 2819 3766 2880 1818.
3802 2815 3910 2898 4),

2356 2904 2537 2968 sicuti
2566 2903 2777 2987 paullo
2806 2909 2945 2986 post
2966 2924 3043 2966 ex
3067 2903 3464 2968 Holstcniano
3489 2901 3723 2966 codicis
3749 2901 3915 2965 Vati-

2358 2993 2497 3057 cani
2526 2992 2888 3074 apographo
2924 2991 3201 3055 Manzius
3230 2990 3712 3072 exprimendum
3742 3009 3917 3054 cura·

2354 3081 2439 3142 vit
2462 3081 2695 3162 (Romae
2725 3078 2927 3162 1819).
2943 3081 3093 3142 Post
3108 3079 3225 3142 hos
3250 3077 3686 3158 Bernhardyus
3710 3077 3904 3140 Blem-

2356 3164 2543 3229 midae
2596 3166 2661 3228 in
2712 3165 2987 3246 Dionysii
3036 3165 3335 3228 comitatu
3387 3164 3595 3227 locum
3644 3163 3915 3244 benigne

2354 3253 2683 3318 concessit.
2736 3252 2943 3316 Codex
2974 3251 3443 3325 Escorialensis,
3490 3269 3615 3332 quo
3662 3268 3780 3312 nos
3817 3251 3909 3314 usi

2354 3359 2605 3416 sumus,
2633 3341 2697 3404 in
2725 3341 3005 3420 catalogo
3034 3338 3218 3402 codd.
3250 3341 3461 3401 Escor.
3490 3339 3804 3416 signatur:
3833 3339 3909 3414 Ω,

2352 3433 2411 3505 4,
2446 3448 2509 3492 n.
2544 3433 2642 3493 29.

3014 3574 3263 3596 -n-o—

2435 3721 2699 3784 Comcuu
2740 3733 2905 3780 stent
2943 3733 3007 3780 m
3047 3731 3214 3778 mons
3253 3731 3333 3776 an
3376 3717 3703 3777 D1osrs1nx
3744 3729 3821 3775 m·

3006 3819 3265 3867 senona,

2690 3956 3002 4019 Parisinus
3076 3955 3194 4016 388
3237 3951 3452 4033 Suppl.

3036 4035 3189 4096 2771

3040 4123 3199 4182 2723

3046 4211 3203 4271 2855

3046 4299 3205 4360 2852

3045 4387 3205 4448 2562

3049 4477 3205 4536 2735

3046 4563 3205 4623 2772

3052 4651 3211 4710 1310

3053 4739 3202 4800 1411

3050 4826 3211 4886 2708

3052 4913 3213 4973 2730

3054 4999 3215 5060 2833

3054 5087 3218 5147 2834

2591 3958 2659 5148 ozzrx—mmmoeeooe>
