4584 6284
645 525 758 572 622

633 633 829 712 λαγών.
928 634 1001 696 Οἱ
1030 633 1074 692 δ’
1106 631 1280 714 ὄφεις,
1308 633 1357 690 οἱ
1398 629 1494 708 μὲν
1524 629 1703 710 μικροὶ
1729 629 1820 689 καὶ
1849 629 2186 704 σπιθαμιαῖοι

633 717 922 806 ἅφύλακτοί
958 719 1020 780 τέ
1047 719 1145 778 εἰσι
1172 717 1262 778 καὶ
1285 716 1596 786 θανατώδεις
1617 759 1635 790 ,
1667 718 1716 778 οἱ
1751 716 1808 776 δὲ
1842 715 2066 797 μεγάλοι
2097 714 2192 776 καὶ

630 811 760 890 ὑπὲρ
786 807 903 875 τοὺς
933 807 994 867 ιε’
1027 806 1216 887 πήχεις
1246 804 1516 883 δυνάμεως
1548 803 1826 886 περιουσία
1858 803 2020 864 πάλιν
2059 804 2191 886 ἀφό-

632 918 808 978 ρητοι,
835 895 1105 963 ἐπαοιδαῖς
1133 891 1188 952 δὲ
1209 893 1300 954 καὶ
1331 895 1563 974 βοτανῶν
1603 891 1768 976 ῥίζαις
1797 893 2002 952 ἰῶνται.
2038 894 2191 972 Κρο-

627 981 850 1042 κόδειλοι
870 983 919 1040 δ’
950 983 1079 1041 εἰσὶν
1107 983 1160 1040 ἐν
1183 984 1262 1061 τῷ
1290 980 1440 1062 Ἰνδῷ
1465 982 1726 1058 ποταμῷ,
1762 976 2062 1061 μικρότεροι
2085 983 2190 1038 τῶν

628 1069 897 1132 Νειλώων.
913 1068 1184 1151 ,Τέταρτοι
1213 1068 1259 1129 δ’
1285 1068 1416 1129 εἰσὶν
1439 1070 1486 1128 οἱ
1511 1068 1863 1148 χειρώνακτες
1893 1068 1986 1127 καὶ
2014 1068 2193 1140 κάπη-

625 1161 727 1222 λοι.
811 1157 1060 1238 Πέμπτοι
1079 1159 1128 1218 δ’
1167 1159 1218 1218 οἱ
1243 1157 1590 1235 πολεμισταὶ,
1621 1152 1806 1224 οἵτινες
1825 1155 1894 1218 τὰ
1918 1157 2014 1234 μὲν
2049 1155 2187 1214 ἄλλα

628 1246 718 1320 ἔτη
752 1248 1038 1308 εὐπαθοῦσι
1055 1290 1075 1322 ,
1118 1244 1430 1324 σιτιζόμενοι
1455 1251 1682 1326 προῖκα,
1712 1245 1764 1304 ἐν
1796 1243 1850 1303 δὲ
1878 1251 1987 1313 τοῖς
2031 1243 2190 1304 πολέ-

629 1359 743 1414 μοις
776 1334 1097 1418 έξέρχονται.
1179 1333 1374 1396 Ἕκτοι
1401 1334 1446 1392 δ’
1475 1335 1523 1393 οἱ
1544 1329 1718 1415 ἔφοροι
1733 1379 1749 1406 ,
1777 1332 1963 1400 οἵτινες
1979 1335 2191 1392 ἐπισκο·

627 1430 841 1492 ποῦντες
868 1424 1039 1506 λα’θρα
1063 1421 1444 1502 ἀναγγέλλουσι
1462 1431 1578 1490 ταῖς
1605 1423 1796 1502 ἀρχαῖς
1831 1420 1900 1480 τὰ
1937 1411 1997 1481 εἶ
2018 1419 2054 1492 ἢ
2091 1439 2189 1481 κα·

627 1516 732 1580 κῶς
748 1510 1109 1592 πραττόμενα.
1145 1506 1412 1586 Ἕὸδομοι
1430 1508 1476 1570 δ’
1498 1513 1548 1570 οἱ
1573 1509 1808 1592 σύνεδροι
1833 1507 1926 1570 καὶ
1952 1507 2191 1587 σύμὸου-

626 1601 708 1660 λοὶ
755 1605 845 1660 τοῦ
889 1597 1178 1680 βασιλέως,
1205 1597 1260 1667 ἐξ
1299 1587 1373 1657 ὧν
1404 1595 1471 1658 τὰ
1517 1601 1707 1680 ἀρχεῖα
1746 1597 1837 1658 καὶ
1879 1598 2190 1676 δικαστήρια

627 1688 719 1749 καὶ
747 1691 784 1760 ἡ
813 1686 1067 1760 διοίκησις
1093 1689 1198 1746 τῶν
1235 1683 1387 1746 ὅλων.
1468 1688 1551 1749 Οὔ
1577 1688 1654 1746 δεῖ
1677 1685 1723 1746 δ’
1744 1685 1798 1756 ἒξ
1821 1685 1984 1747 ἄλλου
2010 1683 2190 1766 γένους

627 1782 817 1854 γαμεῖν
833 1773 943 1836 οὔτ’
959 1773 1284 1849 ἐπιτηδεύειν
1303 1796 1356 1834 τι
1371 1773 1482 1832 ἄντ’
1495 1775 1658 1836 ἄλλου
1680 1773 1829 1850 ἄλλο,
1843 1775 1960 1836 οὐδὲ
1978 1774 2191 1844 πλείους

630 1863 1091 1970 μεταχειρίζεσθαι
1117 1860 1205 1921 τὸν
1231 1862 1382 1924 αὐτὸν
1412 1861 1626 1944 τέχνας,
1642 1860 1779 1934 πλὴν
1799 1861 1872 1923 si*
1890 1865 2188 1946 φιλοσοφεῖν

629 1974 815 2024 μονον.

709 2060 786 2102 22.
842 2033 976 2101 Ὀτι
1007 2035 1166 2099 Ἰνδοὶ
1201 2027 1334 2100 οἶνον
1367 2039 1426 2098 οὗ
1455 2035 1697 2112 πίνουσι,
1723 2035 1862 2110 πλὴν
1894 2039 1948 2098 ἐν
1989 2037 2190 2104 θυσίαις

630 2127 817 2208 μόνον,
846 2125 967 2188 ἀλλ’
989 2125 1102 2188 ἀπὸ
1126 2128 1293 2208 χυλοῦ
1311 2124 1496 2207 ὀρύζης
1516 2130 1726 2187 ποιοῦσι
1767 2124 1827 2186 τὸ
1858 2125 2008 2203 πόμα
2025 2169 2043 2199 ,
2065 2125 2188 2206 οὐχὶ

629 2215 684 2276 δὲ
710 2219 912 2297 κριθῆς.

708 2325 785 2367 2³.
814 2302 948 2367 Ὅτι
975 2301 1131 2366 Ἰνδοὶ
1157 2310 1396 2365 τοσοῦτον
1437 2299 1732 2375 ἁπλότητος
1755 2307 2188 2381 μεταποιοῦνται,

621 2400 698 2460 ὡς
741 2391 877 2470 μηδὲ
914 2389 983 2451 τὰ
1003 2389 1137 2453 οίκοι
1164 2390 1462 2475 φυλάττειν·
1497 2387 1597 2464 τὴν
1620 2389 1725 2470 γὰρ
1763 2389 2012 2449 ἀπιστίαν
2058 2389 2185 2469 φασὶ

627 2480 1174 2562 πονηροδιδασκαλίαν
1197 2465 1348 2541 εἶναι.

705 2587 785 2631 ss.
813 2563 946 2630 ‘on
973 2565 1127 2628 Ἰνδοὶ
1157 2563 1407 2639 ἀλήθειαν
1439 2565 1532 2624 καὶ
1567 2562 1758 2645 ἀρετὴν
1790 2564 2025 2640 μάλιστα
2055 2567 2188 2624 ἐπι,

625 2655 920 2730 τηδεύουσι,
939 2655 1028 2714 καὶ
1057 2657 1086 2712 ὃ
1113 2653 1265 2721 ἁλοὺς
1289 2654 1375 2715 ἰπὶ
1396 2651 1823 2736 ψευδομαρτυρίᾳ
1853 2653 2189 2734 ἀκρωτηριά-

625 2747 790 2812 ζεται.

705 2849 783 2893 2ο.
815 2827 948 2891 Ὅτι
989 2826 1106 2896 τοὺς
1133 2830 1238 2887 τῶν
1266 2827 1449 2889 Ἰνδῶν
1481 2827 1714 2907 βασιλεῖς
1742 2837 1981 2908 γυναῖκες
2027 2826 2181 2905 κομί·

623 2923 796 2992 ζουσιν
829 2902 1225 2998 ἰπιῖιελόμεναι·
1263 2916 1355 2976 ἐὰν
1393 2915 1454 2977 δέ
1478 2939 1556 2984 τις
1578 2915 1710 2997 γυνὴ
1753 2915 2011 2993 μεθύοντα
2041 2919 2188 2997 βασι·

620 3007 716 3071 λέα
753 3004 1036 3086 ἀποκτείνῃ
1051 3050 1067 3078 ,
1097 3013 1336 3082 τιμᾶται.

703 3114 774 3156 2⁸.
810 3090 946 3156 Ὀτι
961 3097 1066 3154 τῶν
1087 3094 1214 3173 παρ’
1241 3092 1429 3161 Ἰνδοῖς
1449 3094 1624 3173 σοφῶν
1655 3090 1747 3151 δύο
1767 3089 1892 3170 γένη
1926 3090 2086 3151 ἐστίν·
2115 3081 2189 3148 ὧν

621 3184 673 3243 οἱ
712 3183 806 3261 μὲν
853 3179 1173 3263 Βραχμᾶνές
1225 3181 1374 3254 εἰσιν,
1405 3181 1454 3240 οἱ
1505 3178 1563 3238 δὲ
1614 3181 1661 3241 Γ
1662 3187 1903 3260 ερμᾶνες.
2010 3180 2083 3241 Οἱ
2134 3179 2189 3236 δὲ

623 3273 939 3352 Βραχμᾶνες
966 3268 1260 3348 ἀπέχονται
1288 3267 1537 3350 ζμψύχων
1560 3269 1652 3327 καὶ
1679 3266 2015 3348 ἀφροδισίων,
2047 3266 2194 3345 φιλο-

628 3361 919 3436 μαθοῦντες
969 3357 1024 3415 ἐν
1065 3355 1275 3436 ἀφθόνῳ
1323 3355 1566 3414 διαθέσει·
1611 3358 1642 3414 ὃ
1686 3354 1733 3413 δ’
1771 3351 2034 3432 ἀκροατὴς
2074 3349 2196 3411 οὔτε

625 3445 928 3529 χρὲμψαιτο
953 3441 1073 3506 οὔτε
1093 3441 1330 3515 λαλήσαι
1371 3440 1491 3502 οὗτε
1517 3439 1718 3502 πτύσαι
1733 3441 1894 3514 ,ἀλλ’
1929 3438 2194 3507 εὐτάκτως

630 3544 771 3618 σιγᾷ·
801 3533 895 3608 ἔτη
921 3531 978 3593 δὲ
994 3532 1071 3602 λζ’
1103 3531 1268 3600 οὕτως
1292 3530 1455 3604 ζήσας
1475 3529 1695 3598 ἕκαστος
1720 3531 1988 3610 ἀναχωρεῖ
2020 3528 2094 3596 εἰς
2120 3527 2190 3588 τὰ

630 3625 798 3686 οἰκεῖα
837 3622 928 3684 καὶ
966 3620 1103 3700 μετὰ
1142 3625 1311 3682 ταῦτα
1334 3623 1389 3681 έν
1419 3619 1674 3702 εὗπαθείᾳ
1710 3621 1774 3701 ζῇ
1788 3662 1808 3694 ,
1855 3620 2196 3702 χρυσοφορῶν

631 3711 727 3774 καὶ
747 3716 915 3794 κρεῶν
942 3709 1254 3789 ἁπτόμενος.

713 3823 787 3866 27.
833 3798 968 3866 Ὅτι
997 3799 1155 3862 Ἰνδοὶ
1200 3799 1465 3878 νομίζουσι
1500 3799 1589 3860 τὸν
1636 3797 1731 3875 μὲν
1771 3796 1952 3859 ἷνθᾶδῑ
1987 3794 2099 3878 βίθν
2129 3799 2199 3865 ὥς
2271 3859 2276 3866 -
2444 3894 2626 3932 m
2646 3881 3020 3945 oeuoeptomm
3047 3879 3240 3924 statum
3278 3885 3393 3923 esse
3461 3876 3688 3922 mortem
3712 3881 3841 3920 m

2253 3925 2258 3928 .
2286 3897 2419 3934 num
3408 3887 3425 3934 ὅ

629 3890 700 3954 ἂν
729 3889 905 3968 ἀκμὴν
930 3889 1199 3968 κυομένων
1232 3879 1385 3963 εἶναι,
1415 3887 1504 3948 τὸν
1532 3883 1588 3948 δὲ
1629 3886 1851 3948 θάνατον
1886 3886 2089 3967 γένεσιν
2118 3887 2190 3953 εἰς

634 3977 724 4039 τὸν
772 3977 935 4047 ὄντως
994 3979 1108 4058 βίον
1156 3977 1245 4038 τὸν
1285 3976 1570 4055 εὐδαίμονα
1624 3983 1732 4044 τοῖς
1792 3973 2196 4058 φιλοσοφήσασι·

632 4067 720 4130 τὸν
757 4067 813 4129 δὲ
840 4068 1038 4146 κόσμον
1074 4065 1319 4146 γεννητὸν
1354 4062 1446 4126 καὶ
1487 4063 1716 4147 φθαρτόν
1758 4086 1889 4149 φασι
1913 4063 2008 4126 καὶ
2033 4086 2194 4146 σφαι-

633 4158 807 4236 ροειδῆ
823 4201 842 4230 ,
886 4152 979 4214 καὶ
1020 4154 1100 4214 ὅτι
1129 4156 1158 4212 ὁ
1181 4150 1408 4224 ποιήσας
1431 4151 1526 4211 καὶ
1565 4151 1772 4210 διοικῶν
1801 4149 1958 4210 αὐτὸν
1985 4149 2096 4218 θεὸς
2129 4149 2194 4209 δι’

634 4238 758 4304 ὅλου
784 4240 1178 4324 διαπεφοίτηκεν
1205 4241 1364 4301 αὐτοῦ
1381 4283 1399 4314 ,
1437 4237 1531 4299 καὶ
1564 4234 1646 4298 ὅτι
1668 4240 1723 4298 αἱ
1743 4236 1912 4321 ψυχαὶ
1946 4235 2197 4298 ἀθάνατοί

636 4332 738 4392 εἶσι
753 4328 878 4408 ,καὶ
903 4327 971 4391 τὰ
996 4327 1098 4390 ὓπδ
1113 4332 1212 4410 γῆν
1240 4325 1609 4408 δικαιωτήρια.

715 4439 789 4480 ss.
814 4416 948 4480 'Ort
979 4417 1028 4478 ot
1055 4418 1319 4498 Γερμᾶνες
1357 4415 1418 4476 τὸ
1455 4413 1726 4476 πολιτικὸν
1753 4417 1848 4486 τῆς
1889 4410 2194 4497 φιλοσοφίας

635 4507 998 4589 μετέρχονται·
1023 4510 1091 4586 τῇ
1111 4504 1164 4565 δὲ
1187 4507 1398 4586 ἰατρικῇ
1417 4507 1673 4586 χρῶνται,
1693 4504 1750 4563 οὗ
1778 4505 1843 4581 τῇ
1867 4501 1954 4562 διὰ
1975 4500 2192 4584 φαρμά-

635 4619 744 4656 κων
761 4639 779 4668 ,
811 4593 948 4655 ἀλλὰ
973 4597 1040 4676 τῇ
1067 4593 1153 4653 διὰ
1181 4593 1382 4668 διαίτης
1406 4590 1468 4653 τὸ
1501 4590 1681 4654 πλέον·
1716 4590 1809 4652 καὶ
1831 4593 1935 4650 τῶν
1963 4588 2194 4672 φαρμά-

631 4706 744 4744 κων
765 4681 835 4742 τὰ
859 4681 1160 4741 ἐπίπλαστα
1181 4679 1275 4741 καὶ
1293 4679 1574 4761 ἔπίχριστα
1597 4681 1908 4757 εὖδοκιμεῖν.

714 4791 790 4831 2ο.
825 4768 964 4833 Ὅτι
987 4771 1179 4838 πάντες
1193 4767 1374 4830 Ἰνδῶν
1399 4771 1448 4828 οἱ
1468 4767 1621 4851 σοφοὶ
1647 4766 1926 4848 καρτερίαν
1951 4769 2193 4839 ἀσκοῦσι,

629 4857 730 4931 τήν
757 4857 806 4918 τ’
835 4862 890 4919 ἕν
916 4867 1027 4927 τοῖς
1048 4857 1226 4928 πόνοις
1254 4855 1344 4917 καὶ
1367 4854 1465 4931 τὴν
1501 4860 1555 4917 ἐν
1582 4864 1698 4922 ταῖς
1736 4858 2031 4936 έπιμοναῖς,
2063 4851 2194 4913 ὥστ’

631 4946 713 5026 ἐφ’
741 4945 853 5014 ἑνὸς
899 4944 1176 5026 σχήματος
1221 4945 1462 5020 ἀκίνητον
1509 4945 1806 5006 διατελέσαι
1844 4942 1940 5016 τὴν
1985 4941 2192 5025 ἡμέραν

630 5033 786 5106 ὅλην.

631 5278 916 5352 φιλοσοφεῖν
941 5278 1116 5352 μόνον]
1139 5275 1272 5346 πλὴν
1294 5276 1450 5333 εἰτῶν
1470 5277 1748 5350 φιλοσόφων
1769 5295 1840 5338 τις
1865 5273 1963 5344 εἴη.
1985 5273 2192 5330 Strabo.

638 5359 662 5430 ΙΙ
693 5389 768 5402 —-
797 5365 988 5416 22-26.
1032 5379 1090 5434 p.
1143 5375 1406 5432 ·709·712.
1441 5360 1464 5430 ΙΙ
1498 5387 1573 5400 -
1606 5362 1694 5412 26.
1736 5356 1854 5428 γένη
1895 5352 2021 5409 ἐστίν
2069 5352 2192 5409 cod.

1918 505 2593 568 CHRESTOMATHIAE

2281 628 2479 700 lepores
2498 639 2761 701 superant.
2848 628 3142 700 Serpentes,
3172 627 3321 698 parvi
3344 626 3559 701 quidem
3586 638 3642 682 et
3667 629 3833 700 palmi

2280 707 2629 784 longitudine,
2677 711 2861 766 evitari
2898 707 3041 764 haud
3084 707 3230 763 facile
3273 720 3496 780 possunt
3532 721 3587 764 et
3636 709 3826 766 letiferi

2281 805 2429 857 sunt,
2456 795 2631 865 magni
2652 811 2807 861 vero,
2836 792 3137 867 quindecim
3154 790 3361 846 cubitos
3383 791 3710 860 excedentes,
3737 812 3826 848 ro·

2279 876 2422 932 boris
2447 877 2677 951 potentia
2704 887 2830 932 sunt
2850 875 3089 932 timendi.
3162 873 3448 930 Medentur
3468 876 3834 932 incantationi-

2280 959 2380 1015 bus
2402 973 2455 1016 et
2477 961 2739 1016 radicibus
2759 959 3061 1016 herbarum.
3085 961 3152 1014 In
3180 957 3321 1014 Indo
3344 960 3563 1015 flumine
3583 959 3836 1014 crocodili

2281 1055 2407 1100 sunt
2431 1046 2659 1100 minores
2686 1062 2845 1118 quam
2871 1043 2962 1117 qui
3002 1044 3057 1097 in
3084 1042 3205 1097 Nilo
3232 1051 3541 1098 nascuntur.
3572 1046 3835 1112 Quartum

2281 1146 2444 1200 genus
2490 1147 2677 1184 eorum
2715 1138 2813 1195 est,
2861 1127 2955 1201 qui
2997 1137 3133 1181 artes
3165 1136 3438 1197 exercent,
3478 1135 3531 1180 et
3575 1125 3839 1182 institores

2280 1224 2425 1272 sunt.
2498 1215 2758 1285 Quintum
2782 1231 2944 1286 genus
2968 1223 3047 1268 est
3062 1209 3398 1278 bellatorum,
3440 1211 3533 1284 qui
3569 1210 3834 1283 reliquum

2281 1307 2487 1372 tempus
2513 1299 2667 1354 otiosi
2693 1307 2855 1370 agunt
2875 1306 2929 1352 et
2949 1297 3109 1368 gratis
3134 1292 3375 1364 aluntur,
3404 1293 3497 1350 sed
3536 1293 3656 1349 belli
3696 1304 3833 1349 tem-

2282 1400 2410 1456 pore
2431 1382 2791 1456 egrediuntur.
2862 1381 3001 1436 Sexti
3036 1391 3163 1436 sunt
3186 1381 3527 1454 inspectores,
3562 1379 3655 1452 qui
3682 1379 3841 1451 inspi-

2279 1468 2473 1523 cientes
2496 1467 2629 1523 olam
2652 1467 2759 1538 regi
2784 1465 2959 1521 omnia
2984 1466 3294 1520 renunciant
3310 1482 3429 1537 quae
3450 1463 3584 1519 bene
3605 1473 3698 1518 aut
3714 1481 3837 1535 per-

2279 1570 2458 1626 peram
2486 1561 2729 1624 aguntur.
2779 1549 2993 1625 Septimi
3018 1559 3146 1604 sunt
3169 1548 3452 1606 consiliarii
3472 1557 3527 1602 et
3558 1564 3839 1602 assessores

2279 1636 2434 1708 regis,
2464 1653 2623 1710 penes
2649 1653 2785 1709 quos
2813 1645 2866 1690 et
2905 1633 3231 1704 magistratus
3274 1643 3329 1686 et
3346 1630 3547 1705 judicia
3568 1641 3625 1687 et
3656 1649 3835 1686 rerum

2279 1721 2520 1776 omnium
2562 1718 2962 1780 administratio.
3032 1719 3155 1772 Non
3200 1717 3323 1771 licet
3350 1733 3473 1770 eum
3514 1714 3614 1770 alio
3650 1731 3841 1786 genere

2279 1799 2545 1854 connubia
2584 1799 2920 1866 contrahere,
2948 1815 3047 1853 nec
3074 1797 3142 1853 ab
3173 1796 3333 1851 unius
3360 1794 3562 1867 generis
3587 1794 3839 1850 institutis

2277 1878 2348 1934 ad
2367 1878 2497 1933 alius
2522 1877 2870 1944 descendere;
2899 1895 3069 1951 neque
3093 1875 3321 1932 eundem
3346 1873 3503 1928 simul
3526 1891 3581 1927 se
3602 1872 3840 1946 pluribus

2277 1958 2405 2014 dare
2431 1957 2715 2014 tractandis
2735 1998 2752 2026 ,
2778 1958 2879 2014 nisi
2895 1958 3014 2031 quis
3037 1957 3107 2012 sit
3126 1954 3493 2030 philosophus.

2349 2055 2437 2094 22.
2482 2036 2606 2092 Indi
2628 2038 2809 2092 vinum
2844 2055 2953 2092 non
2978 2035 3199 2101 bibunt,
3225 2043 3577 2107 preterquam
3603 2031 3660 2085 in
3685 2031 3843 2086 sacri-

2278 2124 2435 2193 ficiis;
2474 2135 2659 2197 potum
2693 2143 2725 2179 a
2753 2141 2911 2180 succo
2935 2141 3105 2196 orynoe
3142 2119 3453 2190 conficiunt,
3499 2134 3610 2172 non
3659 2127 3833 2172 autem

2278 2210 2483 2266 hordei.

2347 2299 2437 2354 23.
2474 2297 2597 2352 Indi
2622 2307 2823 2353 tantum
2854 2295 3049 2352 habent
3072 2292 3445 2366 simplicitatis,
3472 2301 3533 2345 ut
3557 2307 3627 2344 ne
3647 2287 3839 2344 domus

2276 2386 2493 2461 quidem
2518 2385 2841 2451 custodiant3
2870 2402 2992 2438 nam
3018 2380 3369 2437 diffidentiam
3399 2378 3657 2433 malorum
3686 2375 3840 2448 ajunt

2276 2475 2577 2544 magistram
2604 2489 2732 2526 esse.

2348 2573 2435 2632 24.
2462 2565 2584 2622 Indi
2622 2567 2891 2620 veritatem
2930 2571 2984 2616 et
3005 2561 3251 2616 virtutem
3276 2567 3524 2613 exercent
3564 2557 3796 2611 maxime
3814 2595 3833 2622 ,

2279 2651 2412 2706 adeo
2440 2662 2501 2706 ut
2545 2650 2641 2723 qui
2683 2647 2795 2704 falsi
2829 2645 3116 2702 testimonii
3158 2645 3431 2699 convietus
3464 2643 3552 2708 sit,
3586 2641 3838 2697 extremis

2252 2739 2513 2812 'partibus
2536 2737 2771 2810 corporis
2798 2733 3064 2790 multetur.

2349 2830 2439 2885 25.
2466 2827 2725 2883 Indorum
2750 2842 2897 2897 reg-es
2924 2822 3167 2878 mulieres
3193 2831 3415 2889 curant;
3445 2831 3498 2876 et
3525 2821 3570 2875 si
3595 2840 3702 2895 qua
3726 2839 3839 2876 mu·

2275 2963 2375 3018 lier
2398 2977 2573 3033 regem
2592 2959 2799 3014 ebrium
2831 2953 3172 3016 interemerit.
3199 2950 3491 3006 honoribus
3519 2949 3766 3006 afficitur.

2350 3097 2443 3151 26.
2472 3091 2778 3162 sapientum
2804 3084 2947 3158 apud
2968 3083 3134 3140 Indos
3161 3081 3271 3136 duo
3298 3091 3423 3136 sunt
3461 3099 3670 3154 genera,
3702 3098 3835 3152 quo-

2277 3196 2401 3234 rum
2415 3177 2505 3232 alii
2530 3174 2879 3230 Brachmanes
2903 3180 3178 3235 vocantur,
3202 3169 3293 3224 alii
3312 3170 3620 3225 Germanas.
3644 3168 3837 3223 Brach-

2279 3283 2459 3320 manes
2486 3263 2554 3318 ab
2594 3259 2903 3316 animalibus
2944 3269 2999 3313 et
3041 3259 3253 3312 Venere
3296 3255 3562 3311 abstinent
3581 3295 3599 3322 ,
3644 3254 3836 3310 studiis

2279 3352 2468 3406 intenti
2491 3350 2548 3404 in
2570 3346 2873 3404 conditione
2892 3343 3108 3400 liberalI.
3134 3340 3385 3399 Auditori
3404 3358 3513 3395 non
3530 3341 3651 3396 licet
3664 3358 3837 3411 neque

2282 3436 2427 3509 loqui
2444 3476 2461 3502 ,
2503 3453 2603 3490 nec
2630 3442 2921 3488 sternutare
2956 3449 3056 3485 nee
3089 3446 3388 3494 exsoeeare3
3414 3425 3507 3484 sed
3532 3425 3837 3498 compositis

2287 3520 2525 3576 moribus
2540 3529 2692 3575 utens
2716 3517 2831 3572 silet
2840 3532 3086 3595 prorsus;
3107 3524 3160 3569 et
3184 3530 3310 3570 eum
3332 3511 3545 3583 triginta
3566 3520 3829 3582 etseptem

2283 3629 2453 3667 annos
2475 3610 2553 3666 sie
2578 3608 2783 3675 vixerit,
2802 3606 2859 3662 in
2876 3623 2969 3660 sua
2988 3601 3201 3670 secedit,
3228 3611 3283 3657 et
3310 3599 3477 3656 laxius
3496 3597 3839 3670 licentiusque

2287 3701 2436 3766 vivit,
2458 3717 2647 3755 aurum
2679 3707 2881 3770 gestans
2914 3704 2968 3750 et
2992 3691 3235 3748 carnibus
3266 3687 3573 3745 animalium
3598 3703 3831 3742 vescens.

2360 3809 2446 3862 27.
2488 3789 2612 3846 Indi
2635 3797 2821 3862 putant
2843 3785 2979 3840 hane
3011 3784 3174 3838 vitam
3192 3780 3345 3854 quasi
3371 3777 3636 3853 quendam
3657 3777 3835 3834 homi-

2284 3977 2493 4041 partum
2522 3967 2579 4019 in
2600 3980 2775 4018 veram
2796 3958 2941 4015 illam
2964 3969 3019 4014 et
3036 3957 3243 4013 beatam
3280 3957 3444 4010 vitam
3468 3955 3531 4008 iis
3563 3954 3661 4026 qui
3696 3963 3840 4008 recte

2283 4055 2389 4108 sint
2413 4047 2793 4126 philosopham
2812 4043 3073 4104 mundum
3089 4043 3233 4098 hune
3251 4051 3429 4096 ortum
3448 4050 3501 4094 et
3520 4037 3842 4113 quandoque

2285 4141 2620 4198 interiturum
2642 4153 2773 4202 ess03
2796 4135 2925 4193 item
2943 4131 3256 4207 sphericum
3278 4147 3421 4195 esse;
3438 4126 3764 4182 conditorem
3786 4136 3841 4180 et

2282 4227 2759 4285 administratorem
2769 4221 3007 4278 omnium
3025 4217 3184 4273 deum
3205 4216 3509 4271 universum
3522 4211 3807 4285 pervadere
3817 4231 3835 4278 3

2282 4315 2482 4372 animas
2498 4308 2950 4374 immortalesesse,
2975 4315 3027 4360 et
3029 4302 3228 4376 judicia
3239 4301 3439 4356 institui
3456 4296 3596 4372 apud
3620 4296 3835 4352 inferos.

2354 4409 2443 4462 28.
2469 4405 2755 4460 Ges-manes
2774 4397 2979 4454 civilem
2995 4405 3196 4471 partem
3217 4389 3561 4467 philosophiae
3589 4399 3835 4444 tractant.

2281 4492 2546 4549 Medicina
2588 4499 2829 4556 utuntur,
2872 4503 2984 4542 nnn
3034 4502 3098 4539 ea
3131 4499 3248 4557 quae
3276 4477 3699 4544 medicamentis,
3744 4475 3839 4530 sed

2283 4599 2401 4655 quae
2426 4578 2597 4634 victus
2622 4576 2827 4632 ratione
2840 4573 3132 4647 peragitur,
3154 4587 3218 4624 ex
3243 4565 3635 4622 medicamentis
3662 4573 3836 4618 autem

2283 4668 2511 4724 maxime
2526 4665 2799 4720 unctiones
2829 4659 3057 4734 probant
3082 4667 3136 4712 et
3158 4653 3542 4727 cataplasmata.

2353 4782 2446 4837 29.
2474 4763 2729 4820 Indorum
2773 4760 3029 4832 sapientes
3076 4770 3259 4809 omnes
3285 4749 3632 4806 constantiam
3680 4763 3833 4800 exer·

2281 4863 2431 4921 cent,
2456 4863 2573 4907 tum
2599 4867 2713 4905 eam
2734 4863 2853 4921 quan
2876 4845 2933 4900 in
2974 4840 3243 4898 laboribus
3259 4878 3276 4905 ,
3315 4849 3429 4892 tum
3460 4854 3578 4910 quae
3614 4836 3672 4889 in
3702 4832 3837 4889 tole·

2281 4940 2502 4998 lerantia
2521 4936 2757 4993 consistit
2771 4975 2788 5001 ,
2807 4930 2940 4987 adeo
2960 4941 3021 4985 ut
3040 4939 3213 4984 totum
3238 4924 3379 4981 diem
3402 4926 3457 4978 in
3478 4920 3667 4978 eodem
3690 4930 3840 4992 gestu

2282 5030 2490 5086 immoti
2512 5033 2866 5102 perseverent.

2285 5271 2473 5334 Paris..
2517 5288 2572 5337 γ.
2619 5266 2737 5322 εἰσίν
2784 5265 2909 5320 cod.
2956 5263 3098 5330 Pal.;
3138 5263 3335 5332 οἰκεῖα]
3380 5259 3509 5318 οἰκία
3549 5259 3670 5315 cod.
3706 5258 3729 5329 [Ι
3772 5285 3845 5298 -

2282 5368 2353 5421 27
2382 5360 2435 5404 et
2460 5352 2545 5406 28.
2576 5365 2633 5420 p.
2663 5347 2785 5419 713.
2834 5345 2857 5416 11
2889 5373 2962 5386 -
2985 5360 3076 5415 29.
3106 5341 3395 5414 καρτερίαν]
3424 5339 3675 5412 καρτερεῖν
3717 5333 3843 5390 cod.
