4584 6284
629 508 669 560 4

624 645 750 681 cum
785 627 914 682 rivis
961 625 1412 681 nobilissimorum
1453 621 1759 678 fluminum.
1795 621 1946 676 Nilus
1982 619 2196 694 quidem

627 731 778 768 suam
801 713 1158 768 amoenitatcm
1185 730 1253 766 ex
1287 728 1398 766 una
1418 711 1535 783 ripa
1565 719 1809 773 ostentat,
1841 726 1908 762 ex
1927 707 2084 763 altera
2104 707 2197 762 de-

625 799 849 864 format,
908 797 1226 873 patefaciens
1271 806 1486 852 exustos
1519 806 1574 850 et
1615 796 1860 851 latissime
1913 793 2200 849 retorridos

627 903 860 959 campos.
889 883 1022 938 Vidi
1044 884 1204 939 Penei
1227 884 1370 956 ripas
1387 922 1404 946 ,
1439 899 1573 954 quas
1593 899 1824 936 amoenas
1847 878 2084 935 efficiunt
2111 880 2196 936 illa

624 974 824 1029 nobilia
853 974 1058 1045 Tempe
1093 971 1384 1026 Thessalica
1407 970 1465 1025 in
1495 988 1775 1026 nemorosa
1796 967 2028 1024 convalle
2059 970 2198 1024 inter

625 1063 812 1116 Ossam
831 1071 884 1116 et
910 1058 1200 1132 Olympum
1227 1060 1327 1112 sita
1341 1098 1358 1123 ,
1389 1075 1485 1131 per
1509 1074 1628 1130 quae
1646 1055 1822 1112 media
1837 1057 2040 1111 Peneus
2073 1057 2196 1111 viri-

624 1147 710 1202 dis
735 1147 952 1212 labitur,
980 1162 1214 1210 amoena,
1257 1154 1320 1199 ut
1339 1143 1610 1210 dicuntur,
1641 1142 1736 1200 sed
1757 1153 1977 1216 angusta
2005 1155 2058 1198 et
2078 1144 2198 1198 bre-

626 1237 712 1289 via
729 1273 744 1298 ,
797 1230 1038 1304 undique
1089 1230 1358 1286 montibus
1411 1231 1468 1285 in
1515 1229 1846 1286 altitudinem
1889 1231 2196 1286 immensam

626 1320 775 1376 elatis
797 1328 1060 1374 coarctata
1075 1358 1091 1385 ,
1115 1327 1179 1372 ut
1217 1328 1390 1374 terror
1426 1317 1564 1374 adsit
1599 1317 2033 1392 pretereuntibus
2048 1359 2065 1386 ,
2103 1319 2196 1391 qui

628 1416 873 1480 augetur,
919 1408 964 1462 si
1002 1407 1154 1461 Livio
1193 1405 1458 1461 credimus
1474 1445 1491 1472 ,
1533 1407 1754 1480 strepitu
1798 1406 1958 1462 Penei
1997 1418 2195 1478 agreste

628 1495 888 1571 quiddam
912 1495 1236 1562 resonantis3
1261 1494 1372 1550 vidi
1395 1495 1525 1550 item
1557 1495 1700 1568 ripas
1731 1513 1963 1550 amoenas
1997 1495 2195 1569 aliquot

629 1585 913 1640 fluminum
935 1582 1156 1638 Mediae:
1185 1583 1267 1638 hoe
1287 1583 1431 1639 enim
1455 1593 1581 1638 sunt
1601 1583 1685 1638 illa
1702 1581 1974 1638 decantata
1994 1585 2194 1658 Tempe

627 1670 836 1727 Medica
854 1711 872 1740 ,
894 1673 1068 1726 virore
1080 1670 1294 1744 quidem
1311 1670 1608 1744 plantarum
1624 1689 1787 1726 manu
1807 1681 2036 1726 satarum
2057 1672 2189 1738 laeta,

627 1760 720 1815 sed
759 1759 1000 1832 undique
1039 1759 1309 1815 montibus
1333 1759 1528 1832 asperis
1561 1760 1822 1815 arenaceis
1837 1799 1854 1827 ,
1884 1760 1979 1832 qui
2004 1762 2192 1816 nativis

626 1845 910 1902 arboribus
921 1855 1118 1914 carent,
1134 1845 1456 1902 circumdata
1471 1863 1487 1902 t
1501 1856 1859 1902 verumtamen
1875 1846 2017 1903 nulla
2030 1867 2192 1904 amm·

627 1935 781 1990 niora
805 1934 1035 2007 spectavi
1055 1932 1214 1998 valle,
1241 1951 1340 2006 per
1356 1951 1516 2007 quam
1535 1931 1722 1989 defluit
1740 1933 2004 2007 Bosporus
2027 1936 2193 1990 utrin-

627 2039 735 2092 que
774 2021 978 2075 cinctus
1011 2017 1230 2074 collibus
1255 2018 1484 2074 molliter
1525 2019 1934 2092 assurgentibus,
1973 2020 2191 2076 vallibus

625 2106 819 2162 leniter
862 2107 1074 2180 pronis,
1117 2106 1354 2178 utrisque
1395 2106 1588 2179 partim
1632 2106 1950 2174 nemorosis,
1997 2108 2189 2180 partim

632 2191 856 2248 vitiferis
891 2203 948 2248 et
985 2190 1246 2263 frugiferis
1263 2232 1280 2258 ,
1325 2193 1519 2264 partim
1559 2192 1854 2265 insignibus
1890 2195 2189 2250 amoenitate

626 2279 920 2334 virctorum
965 2276 1186 2333 floribus
1205 2317 1222 2344 ,
1267 2276 1474 2341 herbis,
1524 2276 1802 2334 arboribus
1837 2279 2150 2337 enitentium
2166 2321 2183 2349 ,

621 2365 763 2418 inter
798 2380 920 2435 quie
953 2361 1214 2418 excellunt
1234 2361 1376 2418 horti
1409 2361 1538 2433 regii
1583 2377 1599 2416 τ
1627 2379 1761 2435 quos
1799 2361 2032 2434 singulos
2057 2362 2184 2436 qnid

619 2450 765 2504 aliud
791 2467 902 2504 esse
923 2448 1096 2504 dicam
1135 2465 1295 2520 quam
1338 2446 1632 2502 leessaliea
1671 2448 1758 2503 illa
1795 2449 1998 2522 Tempe
2021 2467 2186 2504 amoe-

617 2537 834 2590 nissima
849 2578 864 2602 ,
885 2534 978 2592 sed
999 2533 1152 2607 longe
1172 2535 1462 2591 amoeniora
1483 2535 1582 2590 nisi
1600 2523 1663 2591 ea
1685 2535 1921 2608 Lapithae
1936 2536 2183 2594 Centauri

616 2623 761 2678 velut
787 2622 1042 2680 dracones
1064 2623 1415 2697 Hesperidum
1454 2623 1639 2679 hortos
1673 2621 2027 2691 custodirent,
2053 2641 2182 2698 pro-

615 2711 806 2784 culque
844 2722 1159 2787 spectatores
1192 2723 1448 2768 arcerent.
1489 2711 1628 2767 Sileo
1662 2713 1803 2768 rivos
1840 2729 2098 2786 perennes
2128 2725 2183 2772 et

611 2799 912 2873 perlucidos
935 2799 1144 2856 circiter
1168 2800 1380 2872 triginta
1401 2799 1526 2854 hinc
1547 2811 1705 2873 atque
1720 2801 1864 2856 illinc
1879 2799 2180 2858 delabentes

609 2891 668 2946 in
709 2891 1003 2964 Bosporum
1021 2931 1038 2958 ,
1067 2899 1320 2963 praetereo
1364 2888 1536 2944 fontes
1562 2888 1778 2962 gelidos.
1819 2886 1968 2958 Quid
2009 2906 2176 2946 unum

607 2978 714 3042 iam
736 2997 1149 3036 commemorem
1161 2978 1512 3052 Nympharum
1530 2977 2002 3033 chalcedoniorum
2017 2977 2178 3033 situm

600 3067 754 3142 juxta
772 3068 1064 3142 Bosporum
1081 3085 1114 3121 a
1128 3066 1404 3140 permultis
1421 3065 1652 3138 antiquis
1675 3065 2182 3122 commemoratum?

609 3173 734 3210 cum
761 3153 916 3210 valles
933 3153 1150 3227 Bospori
1171 3153 1450 3226 plusquam
1474 3152 1854 3224 quinquaginta
1883 3151 2018 3207 nihil
2035 3151 2180 3207 aliud

608 3244 716 3297 sint
759 3260 920 3314 quam
954 3239 1246 3314 Nymphaea
1283 3241 1456 3295 virore
1490 3256 1770 3314 nemorum
1796 3249 1851 3293 et
1882 3249 2176 3311 pratorum,

610 3329 838 3402 topiario
873 3339 927 3384 et
951 3327 1230 3383 coronario
1264 3337 1465 3381 naturae
1490 3343 1650 3399 opere
1666 3366 1682 3392 ,
1712 3325 2031 3400 spectabilia.
2073 3329 2181 3384 Ora

612 3427 792 3472 autem
822 3416 1086 3470 maritima
1111 3414 1336 3469 collucet
1363 3413 1482 3487 plus
1503 3412 1717 3484 triginta
1733 3414 1937 3469 sinibus
1969 3427 2185 3488 portuo-

612 3503 684 3558 sis
697 3543 713 3571 ,
735 3501 804 3558 ad
825 3501 1117 3574 marginem
1138 3517 1308 3572 usque
1325 3497 1606 3573 profundis
1621 3540 1638 3567 ,
1663 3501 1799 3555 inter
1820 3517 1953 3574 quos
1977 3501 2182 3558 excellit

611 3590 760 3645 sinus
791 3590 1140 3663 Chrysoceras
1159 3628 1176 3655 ,
1221 3587 1328 3644 hoc
1367 3596 1446 3642 est
1493 3586 1840 3662 Cornucopia!
1856 3627 1874 3656 ,
1916 3588 2178 3663 siqnidem

613 3695 805 3732 aurum
851 3676 1094 3732 omnium
1135 3692 1316 3729 rerum
1349 3674 1556 3746 copiam
1599 3671 1836 3746 largitur.
1882 3673 2180 3732 Collucebat

613 3765 742 3820 olim
780 3762 846 3818 ab
872 3762 1027 3817 initio
1060 3761 1281 3833 Bospori
1319 3758 1388 3815 ad
1417 3759 1578 3814 finem
1615 3758 1847 3815 aedifidis
1891 3763 2174 3831 continuis,

614 3868 734 3925 quas
753 3849 922 3920 longis
943 3847 1090 3902 bellis
1112 3865 1292 3902 eversa
1313 3849 1503 3902 iterum
1523 3847 1835 3913 excitantur,
1856 3857 1918 3902 ut
1937 3847 2004 3904 ab
2027 3850 2179 3906 initio

613 3939 760 3992 sinus
779 3935 1007 3991 Ceratini
1023 3932 1134 4006 jam
1151 3933 1296 3988 littus
1315 3931 1384 3988 ad
1400 3933 1828 4006 promontorium
1849 3934 2053 3991 Hostias
2074 3936 2180 4008 (lit-

611 4037 700 4081 tus
726 4033 910 4097 patens
932 4023 988 4076 in
1011 4018 1396 4093 longitudinem
1417 4019 1628 4074 circiter
1649 4019 1828 4074 decem
1854 4019 2173 4098 miliarium)

611 4109 989 4166 exaedificatum
1029 4109 1098 4162 sit
1132 4106 1243 4162 fere
1287 4105 1554 4162 continuis
1583 4105 1818 4162 edificiis
1831 4146 1848 4174 ,
1879 4125 1992 4162 non
2017 4109 2179 4165 modo

610 4201 668 4255 in
695 4200 834 4254 sicco
854 4237 871 4265 ,
905 4196 1000 4254 sed
1023 4197 1182 4252 etiam
1211 4194 1390 4251 media
1413 4212 1480 4249 ex
1505 4195 1734 4268 partein
1770 4197 1905 4250 mari
1939 4196 2178 4253 substru-

609 4288 706 4342 ctis
723 4325 739 4350 ,
769 4301 877 4340 non
901 4281 1062 4338 modo
1081 4279 1149 4337 ad
1167 4280 1448 4336 hominum
1469 4279 1867 4347 habitationem,
1900 4281 1994 4337 sed
2021 4285 2175 4341 etiam

610 4370 680 4426 ad
696 4371 970 4428 stationem
992 4367 1301 4442 scaphamm
1317 4375 1478 4440 atque
1493 4365 1755 4441 excipulas
1771 4367 1997 4442 piscium
2023 4385 2040 4424 ε
2057 4389 2173 4444 quae

609 4459 795 4515 omnia
816 4458 1014 4532 patitur
1033 4455 1174 4510 mitis
1200 4455 1486 4528 Bosporus.
1513 4455 1636 4508 Non
1661 4457 1803 4509 enim
1824 4453 2175 4515 fremebundo

610 4557 742 4604 aestu
767 4541 1057 4603 effervescit
1081 4544 1137 4598 in
1169 4541 1512 4599 {edificiorum
1537 4541 1906 4613 fimdamenta,
1935 4544 2074 4602 sicut
2091 4565 2175 4603 ce·

609 4647 724 4691 tera
744 4633 876 4689 freta
889 4673 907 4700 ,
940 4649 1057 4706 quae
1080 4631 1341 4687 littoribus
1363 4632 1523 4686 fracta
1541 4672 1557 4699 ,
1579 4649 1886 4706 spumarum
1911 4631 2171 4691 servorem

609 4721 668 4776 in
697 4718 890 4775 aedium
921 4719 1215 4793 pavimenta
1237 4716 1434 4773 furiose
1446 4715 1666 4791 jactant,
1698 4729 1751 4774 et
1775 4717 1992 4774 fremitu
2018 4721 2168 4776 tern‘·

609 4807 706 4862 bili
747 4804 1126 4861 murmurantis
1159 4804 1319 4859 maris
1356 4804 1531 4860 littora
1557 4803 1855 4877 plangentia
1879 4806 2170 4862 maritimas

613 4893 774 4949 urbes
809 4902 1025 4959 vexant,
1052 4889 1147 4947 sed
1178 4890 1308 4946 lenis
1347 4891 1533 4946 urbem
1579 4901 1631 4945 et
1654 4889 1958 4947 suburbana
1999 4892 2167 4960 alluit,

607 4998 784 5054 neque
807 4998 921 5036 sese
955 4978 1108 5035 effert
1133 4989 1280 5034 extra
1297 4979 1471 5047 littus,
1499 4979 1736 5051 quamvis
1761 4979 1960 5035 humile
1978 4991 2034 5037 et
2053 4981 2163 5055 pla·

604 5085 760 5124 num.
789 5069 976 5141 Itaque
997 5069 1243 5123 Jasonem
1267 5064 1550 5122 duodecim
1573 5065 1674 5122 diis
1701 5067 1842 5141 apud
1869 5068 2164 5142 Bosporum

602 5155 921 5212 sacrificasse
959 5155 1321 5228 templumque
1347 5152 1642 5211 condidisse
1665 5155 1910 5223 arbitror,
1924 5154 2172 5227 judican-

606 5253 714 5298 tem
741 5260 852 5297 non
879 5239 1044 5298 modo
1065 5241 1371 5308 hominum,
1393 5240 1486 5296 sed
1505 5242 1660 5297 etiam
1682 5243 1920 5297 omnium
1944 5241 2168 5298 deorum

597 5331 929 5389 domicilium
947 5349 1058 5387 esse
1081 5331 1390 5405 Bosporum.
1413 5331 1602 5404 Apollo
1627 5331 1840 5404 quidem
1862 5350 1950 5386 sex
1975 5331 2171 5406 templa

1875 489 2214 554 DlONYSll
2256 491 2621 552 BYZANTlI

2287 619 2473 674 habuit
2487 619 2640 692 juxta
2661 621 2949 696 Bosporum
2964 663 2981 691 ,
3010 625 3433 699 antiquissimum
3454 629 3509 684 in
3536 629 3669 684 urbe
3696 629 3835 685 Chat

2289 705 2517 773 cedone,
2561 705 2715 762 nullis
2745 709 2969 764 oraculis
2994 709 3205 777 cedens,
3252 711 3365 768 duo
3390 714 3621 786 Byzantii
3646 717 3848 786 (unum

2291 797 2349 849 in
2376 794 2710 869 xerolopho,
2753 816 2877 854 cum
2933 797 3141 872 tripode
3176 802 3575 875 antiquissimo,
3623 804 3849 859 alterum

2289 901 2409 938 cum
2437 883 2557 938 luco
2578 883 2846 940 laurorum
2869 884 3025 959 juxta
3048 887 3206 943 finem
3250 889 3397 944 sinus
3428 891 3665 961 Cornu),
3692 909 3851 964 quar·

2289 982 2403 1026 tum
2430 971 2583 1045 juxta
2616 973 2841 1029 eundem
2869 975 3073 1042 sinum,
3112 978 3357 1050 quintum
3384 978 3441 1032 in
3475 978 3850 1053 promontorio

2287 1071 2589 1132 nuncupato
2604 1062 2819 1135 Metopo
2834 1101 2851 1128 ,
2872 1075 3075 1118 sextum
3103 1063 3161 1118 in
3188 1064 3493 1121 suburbano
3512 1066 3630 1121 vieo
3664 1065 3843 1138 appel-

2285 1147 2391 1204 lato
2413 1149 2635 1222 Daphne
2665 1167 2698 1204 a
2722 1149 2990 1223 profundo
3018 1150 3139 1209 luco
3163 1153 3433 1208 laurorum
3459 1155 3692 1228 Apollini
3716 1173 3827 1209 con

2287 1245 2489 1290 secrato
2507 1276 2522 1301 ,
2550 1236 2641 1308 qui
2682 1237 2737 1290 in
2764 1236 3007 1311 Olympia
3040 1247 3101 1292 ut
3130 1241 3453 1294 Mercurium
3479 1257 3643 1296 eursu
3668 1259 3845 1296 secum

2283 1333 2569 1379 certantem
2604 1326 2954 1398 praeverterit,
3004 1326 3076 1381 ita
3115 1327 3494 1400 periclitaretur
3534 1339 3740 1384 certans
3788 1329 3847 1384 in

2286 1409 2463 1465 medio
2495 1411 2728 1485 Bosporo
2761 1430 2884 1467 cum
2928 1414 3193 1468 Mercurio
3208 1455 3224 1481 ,
3263 1415 3355 1486 qui
3389 1432 3597 1489 semper
3628 1415 3844 1489 praefuit

2282 1499 2649 1570 promontorio
2696 1501 2966 1566 Hermaeo,
3010 1500 3282 1556 obsidente
3318 1503 3571 1558 maximas
3616 1503 3839 1576 Bospori

2280 1587 2541 1658 angustias
2557 1627 2573 1653 ,
2608 1584 2758 1659 cujus
2782 1586 2983 1643 radices
3010 1605 3133 1644 cnm
3170 1589 3486 1643 sustinerent
3525 1589 3677 1644 Darii
3710 1607 3845 1662 pon-

2282 1681 2388 1728 tem
2410 1671 2625 1746 ejusque
2646 1671 2822 1728 sedem
2842 1673 2899 1728 in
2914 1691 3040 1728 saxo
3060 1675 3305 1741 excisam,
3332 1673 3678 1730 ostenderunt
3697 1678 3839 1730 Mer·

2280 1760 2413 1813 curii
2428 1759 2641 1831 ingenio
2658 1761 2877 1815 Darium
2894 1760 3072 1817 Asiam
3082 1763 3307 1835 Europae
3324 1762 3470 1835 quasi
3486 1761 3833 1836 compedibus

2280 1847 2529 1922 alligasse.
2568 1850 2767 1903 Justius
2799 1848 2941 1922 apud
2984 1850 3273 1923 Bosporum
3306 1851 3524 1926 perenni
3554 1851 3843 1906 certamine

2277 1938 2312 1990 J
2312 1953 2438 2004 uno,
2470 1939 2671 2003 Venus,
2700 1937 2865 1994 Pallas
2885 1936 3213 1994 contendunt
3228 1956 3389 2011 quam
3414 1937 3507 1994 ubi
3530 1939 3691 1995 semel
3708 1957 3845 1995 con·

2277 2023 2505 2079 tendisse
2514 2023 2782 2081 dicuntur.
2813 2024 2992 2080 Dulcis
3014 2027 3195 2080 Venus
3213 2043 3358 2080 mare
3380 2025 3554 2098 (unde
3568 2035 3689 2080 nata
3710 2025 3826 2100 est)

2275 2109 2431 2166 dulce
2454 2122 2680 2168 ostentat
2701 2112 2975 2180 excellere3
3006 2116 3152 2170 June
3170 2113 3323 2169 colles
3347 2112 3536 2169 uberes
3555 2113 3760 2187 profert
3788 2123 3843 2168 et

2274 2199 2699 2269 promontorium
2724 2200 3063 2272 Bosporium,
3094 2199 3149 2255 in
3172 2217 3282 2272 quo
3302 2197 3403 2253 fuit
3434 2198 3573 2254 aedoe
3611 2200 3847 2255 sunonis

2275 2286 2497 2352 Act-teau
2543 2285 2707 2341 Pallas
2727 2303 2871 2341 arces
2910 2285 3179 2359 Byzantias
3226 2284 3478 2358 proponit
3514 2304 3624 2341 non
3669 2283 3840 2358 judici

2273 2370 2449 2425 Paridi
2459 2370 2643 2443 juveni
2661 2373 2884 2444 pastori,
2910 2373 3001 2426 sed
3018 2373 3137 2427 Jovi
3152 2372 3515 2444 antiquissimo
3536 2372 3840 2446 impes-aton·

2271 2464 2326 2510 et
2364 2457 2613 2531 Neptuno
2667 2455 3067 2531 praesidentibus
3121 2459 3384 2531 Bosporo,
3455 2455 3608 2530 cnjus
3658 2468 3839 2531 portas

2269 2541 2547 2615 Neptunus
2572 2560 2777 2598 servare
2804 2541 3059 2611 traditur,
3094 2555 3147 2600 et
3166 2543 3333 2599 claves
3357 2544 3513 2598 Ponti
3538 2542 3835 2611 custodire',

2268 2625 2509 2701 adjutore
2536 2627 2647 2685 filio
2684 2629 2909 2703 Byzante
2957 2628 3109 2684 fabro
3141 2629 3299 2685 clavis
3336 2630 3569 2685 Pontieoe
3584 2670 3601 2698 ,
3626 2629 3733 2686 hoc
3757 2640 3836 2686 est

2269 2715 2404 2772 arcis
2428 2717 2691 2790 Byzantiis
2721 2716 3024 2784 conditore,
3063 2716 3119 2771 in
3148 2735 3251 2791 qua
3285 2717 3565 2788 antiquum
3602 2718 3837 2790 Neptuni

2269 2803 2523 2877 templum
2557 2802 2715 2858 fuisse
2742 2803 2927 2858 scribit
2946 2802 3231 2876 Dionysius
3266 2804 3360 2874 (v.
3392 2801 3458 2858 fr.
3498 2803 3592 2878 9).
3629 2805 3843 2877 Jupiter

2267 2891 2432 2947 Urius
2454 2891 2845 2966 imperatorque
2862 2890 3115 2964 quamdiu
3137 2889 3466 2962 multumque
3486 2889 3704 2963 Bospori
3738 2907 3841 2944 an·

2268 2980 2463 3052 gustias
2492 2990 2692 3035 tutatus
2712 2980 2808 3047 sit,
2834 2978 3063 3034 declarat
3079 2977 3257 3034 fanum
3287 2978 3432 3035 Jovis
3452 2979 3572 3032 Urii
3614 2979 3671 3032 in
3687 2978 3833 3034 hune

2273 3065 2415 3122 diem
2434 3085 2630 3122 nomen
2650 3069 2881 3122 retinens
2897 3108 2913 3135 ,
2933 3065 3161 3122 declarat
3178 3065 3412 3140 ejusdem
3434 3077 3603 3122 statua
3627 3067 3683 3121 in
3707 3069 3836 3122 Bos-

2271 3171 2406 3227 poro
2425 3155 2555 3222 sita,
2602 3171 2739 3228 quae,
2779 3172 2901 3210 cum
2944 3165 3119 3209 tamen
3174 3153 3338 3209 multa
3374 3153 3509 3210 bella
3548 3173 3613 3210 ex
3659 3157 3837 3211 Ponto

2269 3243 2605 3310 emerserint,
2644 3253 2841 3298 servata
2878 3253 2986 3309 est,
3026 3259 3149 3297 cum
3175 3241 3389 3296 interim
3422 3258 3516 3295 sua
3554 3242 3703 3312 signa
3736 3245 3847 3298 lu·-

2268 3327 2405 3400 piter
2423 3337 2690 3402 pateretur
2704 3345 2770 3383 ex
2788 3327 3096 3383 Macedonia
3107 3367 3124 3395 ,
3140 3344 3206 3382 ex
3227 3326 3428 3381 Graecia
3448 3325 3664 3385 auferri.
3690 3327 3829 3383 Cum

2270 3416 2521 3470 Lucullus
2542 3434 2607 3470 ex
2632 3417 2801 3470 Ponto
2826 3413 3055 3470 auferret
3078 3414 3371 3470 colosseum
3393 3412 3691 3485 Apollinem
3704 3453 3722 3479 ,
3755 3424 3835 3467 ta-

2269 3521 2392 3558 men
2413 3503 2553 3559 illam
2570 3543 2587 3571 ,
2618 3504 2713 3557 etsi
2751 3504 2807 3559 in
2832 3512 2947 3559 toto
2971 3501 3101 3557 orbe
3135 3501 3486 3576 pulcherrime
3516 3499 3651 3556 sacta
3673 3501 3847 3556 babe—

2267 3601 2431 3657 retur,
2459 3591 2713 3663 attingere
2731 3607 2841 3646 non
2874 3605 3030 3646 ausus
3054 3599 3133 3646 est
3143 3608 3162 3657 ς
3192 3605 3290 3644 nee
3310 3605 3428 3642 arce
3461 3587 3610 3660 prius
3636 3589 3793 3643 cessit
3808 3627 3827 3655 ,

2269 3696 2426 3752 quam
2448 3679 2686 3735 Christus
2702 3679 2751 3733 ei
2770 3679 3032 3744 successit,
3052 3695 3207 3732 verus
3220 3675 3635 3750 JuppiterUrius
3651 3687 3707 3730 et
3729 3679 3837 3730 'lm-

2268 3776 2483 3838 perator
2520 3781 2537 3820 t
2570 3762 2703 3820 adeo
2730 3763 2816 3820 Ille
2845 3763 3137 3838 Bosporum
3167 3780 3346 3819 amore
3373 3771 3687 3835 prosecutus
3718 3773 3828 3828 est,

2271 3867 2431 3923 quem
2457 3850 2701 3906 nonnihil
2723 3867 2913 3924 augere
2933 3850 3108 3924 potuit
3136 3848 3195 3904 id
3220 3847 3367 3921 quod
3386 3848 3705 3921 sempiterna
3732 3865 3834 3902 no-

2267 3937 2426 3992 minis
2447 3937 2705 3993 memoria
2736 3939 3002 4012 Bosporus
3028 3947 3247 3992 testatur
3286 3954 3342 3990 se
3368 3933 3717 3990 transvexisse
3736 3937 3829 4002 Io,

2265 4043 2423 4097 quam
2465 4025 2673 4099 Jupite-
2720 4025 2943 4090 amavit3
2984 4023 3306 4096 Bosporique
3349 4022 3524 4079 accola
3565 4025 3831 4096 Semystra

2265 4109 2506 4168 educavit
2538 4113 2865 4180 Cerooesam,
2894 4111 3041 4167 Jovis
3066 4121 3120 4165 et
3140 4110 3233 4166 Ius
3261 4108 3454 4176 filiam,
3484 4120 3709 4164 matrem
3731 4109 3841 4182 By-

2235 1385 2246 1422 l

2265 4199 2452 4266 santis,
2494 4197 2586 4272 qui
2610 4197 2849 4255 condidit
2864 4199 3188 4273 Byzantium.
3222 4199 3412 4253 Acrius
3428 4195 3589 4268 igitur
3614 4206 3671 4250 et
3688 4214 3843 4251 com—

2264 4282 2474 4339 modius
2508 4285 2564 4339 in
2582 4284 2814 4358 Bosporo
2840 4302 3000 4358 quam
3016 4285 3073 4339 in
3090 4283 3330 4358 Olympia
3353 4281 3423 4337 de
3439 4280 3583 4336 orbis
3602 4282 3839 4355 imperio·

2262 4372 2474 4446 Jupiter
2498 4391 2623 4430 cum
2654 4373 2879 4429 Saturno
2916 4372 3185 4428 colluctari
3208 4370 3481 4446 potuisset.
3511 4370 3624 4425 Nec
3662 4368 3827 4425 modo

2265 4461 2489 4518 deorum
2514 4462 2897 4536 hominumque
2920 4473 3088 4534 pater,
3108 4460 3202 4517 scd
3225 4460 3383 4515 etiam
3404 4469 3573 4514 mater
3599 4456 3824 4514 deorum

2261 4547 2555 4622 Bosporum
2582 4548 2802 4605 accoluit
2817 4589 2834 4616 ,
2872 4550 3085 4621 suisque
3118 4547 3316 4604 edibus
3338 4564 3509 4602 arcem
3531 4546 3826 4618 oppositam

2261 4635 2369 4690 arci
2396 4636 2544 4691 Jovis
2560 4636 2679 4690 Urii
2700 4635 2994 4692 illustravit.
3022 4636 3207 4709 Neque
3223 4632 3384 4690 modo
3407 4632 3483 4687 dii
3502 4632 3718 4706 deaeque
3745 4634 3839 4686 in—

2262 4733 2346 4778 ter
2366 4741 2423 4778 se
2438 4765 2454 4791 ,
2474 4723 2567 4778 sed
2585 4725 2743 4779 etiam
2764 4742 2939 4778 secum
2964 4723 3033 4778 de
3050 4720 3439 4796 pulchritudine
3469 4722 3687 4794 Bospori
3710 4737 3837 4776 cer*

2263 4821 2395 4867 tant.
2426 4814 2493 4867 In
2525 4829 2634 4884 quo
2662 4813 2798 4867 mari
2832 4815 3017 4867 Venus
3046 4810 3252 4868 dulcior
3283 4828 3444 4885 quam
3478 4812 3535 4864 in
3588 4809 3825 4864 dulciore

2261 4900 2415 4955 Ponti
2428 4900 2454 4954 Ρ
2484 4897 2634 4972 cujus
2670 4917 2806 4972 aqua
2834 4901 2985 4974 potui
3008 4917 3260 4972 pecorum
3293 4898 3476 4954 utilior
3498 4915 3659 4970 quam
3704 4896 3821 4952 dul-

2263 4987 2406 5042 cium
2462 4985 2775 5054 fluminum3
2816 4988 2993 5060 itaque
3037 4987 3323 5043 accolentes
3359 4989 3592 5042 Pontum
3644 4988 3834 5040 omnia·

2261 5090 2455 5146 pecora
2492 5070 2563 5127 ad
2583 5090 2727 5127 mare
2748 5071 2952 5128 ducunt
2965 5113 2981 5141 ,
3017 5084 3081 5128 ut
3098 5091 3165 5130 ex
3188 5092 3252 5129 eo
3272 5072 3475 5128 bibant.
3502 5073 3612 5128 Ubi
3639 5075 3831 5127 Venus

2260 5157 2517 5232 placidior
2539 5175 2700 5230 quam
2733 5159 2791 5213 in
2813 5157 3021 5232 placido
3054 5157 3324 5232 Bosporo?
3339 5156 3433 5213 ubi
3462 5157 3689 5211 Veneris
3712 5155 3831 5229 pla·

2262 5246 2394 5302 cidae
2424 5264 2511 5302 ara
2534 5246 2592 5300 in
2617 5247 2739 5302 sinu
2768 5246 2900 5303 Auri
2922 5249 3104 5303 Cornu
3126 5258 3454 5320 nuncupato,
3482 5245 3823 5319 ejusdemque

2265 5334 2521 5408 templum
2559 5333 2616 5387 in
2654 5332 2955 5388 suburbano
2991 5334 3236 5406 proximo
3278 5333 3643 5390 Chalcedonius
3679 5341 3731 5386 et
3764 5332 3830 5384 iu·
