4584 6284
1757 484 2211 549 nfiscmpTlo
2253 486 2477 548 omns
2515 488 2819 551 TERRAE.

553 627 678 709 (stu)
777 614 922 671 Urbs
942 614 1130 670 mediis
1150 619 1388 689 Apamea
1413 614 1608 672 dehinc
1629 618 1867 673 consistit
1884 619 1938 672 in
1959 619 2095 673 arvis
2111 659 2128 685 ,

707 713 760 757 et
783 721 888 776 qua
909 703 1196 759 Phoebcam
1221 705 1408 779 procul
1434 706 1748 761 incunabula
1769 706 1940 763 lucem

528 800 677 853 1085
703 792 876 864 prima
903 790 1121 857 fovent,
1141 794 1364 847 Emesus
1391 792 1592 866 fastigia
1613 795 1748 851 celsa
1765 794 1990 852 renidet.

703 881 839 935 Nam
863 878 1060 935 diffusa
1082 879 1196 935 solo
1223 882 1357 936 latus
1383 882 1606 956 explicat
1621 922 1638 949 ,
1659 902 1720 938 ac
1739 883 1880 939 subit
1900 902 2052 939 auras

702 968 942 1023 turribus
963 970 1022 1023 in
1043 968 1228 1023 celum
1265 970 1552 1025 nitentibus
1587 988 1603 1026 ε
1630 971 1797 1027 incola
1823 971 1974 1027 claris

704 1074 800 1111 cor
821 1056 1016 1112 studiis
1041 1060 1216 1125 acuit,
1238 1057 1330 1113 sed
1353 1069 1402 1113 et
1430 1059 1653 1132 amplius
1679 1059 1868 1113 imbuit
1893 1058 2054 1123 ord03

703 1144 940 1218 denique
965 1146 1323 1201 flammicomo
1344 1145 1520 1202 devoti
1545 1158 1756 1221 pectora
1773 1148 1878 1202 Soli

525 1239 676 1292 1090
706 1233 870 1286 vitam
897 1234 1128 1303 agitant;
1154 1234 1386 1288 Libanus
1413 1234 1660 1289 frondosa
1686 1236 1960 1290 cacumina
1981 1244 2185 1306 turget,

705 1328 760 1373 et
787 1329 966 1373 tamen
994 1319 1078 1373 his
1098 1320 1218 1374 celsi
1242 1332 1444 1375 certant
1467 1320 1670 1393 fastigia
1691 1322 1889 1395 templi.

549 1400 676 1478 (tm)
709 1407 814 1460 Hic
839 1424 896 1460 se
919 1406 1055 1461 indit
1075 1406 1224 1479 juxta
1247 1408 1480 1463 tellurem
1511 1410 1723 1480 glaucus
1745 1413 1999 1477 Orontes,

709 1510 812 1547 nec
837 1492 1024 1565 procul
1053 1494 1298 1549 Antiochi
1329 1513 1488 1567 vagus
1514 1495 1845 1551 interlabitur
1871 1496 2088 1561 urbem,

708 1582 1128 1653 pra-stringitque
1153 1582 1308 1637 undis
1332 1587 1614 1655 Apamense
1631 1582 1816 1655 jugera
1839 1582 2020 1655 gleba.

529 1663 680 1716 1095
709 1666 914 1721 Fertilis
940 1667 1030 1722 hic
1053 1686 1228 1741 cespes
1249 1667 1602 1741 protenditur,
1631 1687 1860 1743 arvaque
1877 1669 2046 1724 amica

708 1764 833 1807 sunt
849 1756 1026 1835 pecori
1043 1794 1058 1819 ,
1084 1756 1139 1809 in
1159 1754 1292 1809 letus
1315 1756 1478 1811 facilis
1499 1759 1738 1812 Pomona
1763 1759 2018 1829 resurgit,

707 1850 760 1894 et
791 1839 1015 1895 secunda
1033 1842 1188 1896 Ceres
1213 1860 1402 1915 campo
1422 1842 1654 1898 flavescit
1679 1853 1882 1915 aperto.

705 1928 759 1982 Si
785 1944 970 1982 rursus
997 1926 1236 2001 tepidum
1261 1930 1345 1984 via
1371 1928 1682 1985 deflectatur
1707 1931 1764 1984 in
1791 1941 2053 1997 austrum,

703 2032 868 2069 curva
888 2016 1038 2069 sinus
1064 2014 1226 2070 Arabi
1251 2014 1536 2070 succedent
1558 2034 1770 2088 :equora
1801 2027 2040 2089 propter.

524 2109 676 2162 1100
702 2103 944 2175 Namque
971 2101 1172 2157 Arabas
1201 2103 1466 2175 Syriaque
1493 2102 1664 2158 solum
1695 2106 1846 2158 sinus
1873 2104 1970 2158 iste
2005 2104 2208 2159 fluento

552 2177 674 2257 (aas)
703 2188 924 2256 dividit,
953 2200 1010 2244 et
1027 2191 1186 2244 tentis
1212 2189 1396 2263 procul
1419 2190 1802 2245 interfunditur
1827 2190 1986 2245 undis
2009 2206 2024 2245 ε

705 2287 758 2331 et
780 2287 960 2331 tamen
988 2295 1116 2332 eoos
1144 2277 1361 2350 paulum
1388 2277 1674 2332 inclinatur
1699 2277 1754 2332 in
1781 2296 1938 2343 axes,

707 2381 880 2435 usque
905 2362 962 2418 in
993 2364 1226 2435 belligeri
1254 2363 1488 2419 confinia
1514 2364 1688 2420 flexus
1714 2365 1888 2419 Elani.

708 2454 850 2507 Hine
874 2452 1027 2507 tellus
1054 2452 1290 2508 Arabum
1313 2450 1568 2525 producit
1586 2454 1779 2526 cespite
1806 2470 2046 2525 campos,

529 2542 548 2590 1
572 2543 679 2595 105
708 2554 762 2597 et
791 2542 952 2595 latera
971 2540 1044 2595 ab
1067 2542 1278 2612 gemino
1301 2539 1406 2595 sale
1433 2541 1665 2613 cingitur
1693 2557 1709 2596 ε
1743 2541 1890 2596 alluit
1913 2550 2069 2596 oestus

707 2630 950 2686 Persicus
977 2629 1117 2684 hanc
1140 2629 1484 2702 Arabumque
1507 2630 1656 2684 sinus
1683 2631 1817 2701 rigat
1833 2647 2044 2702 aequore
2063 2638 2276 2683 terram.

706 2720 810 2774 Hic
835 2736 932 2773 sua
959 2716 1127 2771 flabra
1147 2716 1274 2789 polo
1298 2718 1502 2790 spirant
1529 2734 1544 2771 ε
1569 2735 1694 2771 nam
1713 2718 1952 2772 Persicus
1979 2734 2114 2771 euro

553 2797 675 2874 (σου)
705 2804 958 2875 turgescit
984 2813 1172 2869 vento,
1201 2803 1433 2876 zephyro
1453 2804 1602 2859 sinus
1627 2813 1812 2857 aestuat
1845 2802 1994 2857 alter.

701 2894 832 2948 Pars
858 2890 958 2946 alia
985 2892 1044 2945 in
1071 2891 1274 2963 primos
1302 2908 1421 2963 quae
1446 2901 1613 2945 semet
1633 2891 1858 2963 porrigit
1884 2900 2061 2955 ortus,

524 2982 675 3034 1110
701 2990 756 3035 et
783 2984 942 3035 notus
970 2980 1196 3050 insurgit
1222 2997 1330 3052 qua
1351 2979 1584 3045 nubifer,
1605 2997 1820 3051 aequore
1845 2978 2012 3034 Rubri

705 3066 940 3137 tangitur
962 3066 1177 3132 oceani3
1199 3064 1335 3119 felici
1361 3075 1503 3119 terra
1520 3064 1784 3120 recumbit

552 3147 674 3227 (aas)
705 3164 814 3209 tota
833 3152 966 3207 solo.
987 3152 1164 3207 Tellus
1187 3152 1276 3208 hic
1301 3170 1508 3225 semper
1533 3152 1730 3224 fragrat
1753 3151 1924 3206 odoro

703 3242 900 3313 cespite
929 3257 943 3294 ε
973 3241 1281 3313 prorumpit
1309 3238 1590 3293 lacrimoso
1611 3241 1788 3313 stipite
1811 3240 2026 3311 myrrha
2043 3278 2060 3305 ,

708 3326 925 3397 myrrha
954 3325 1106 3380 furor
1127 3324 1398 3397 quondam
1427 3326 1724 3397 Cinyreius.
1753 3326 1854 3379 Hic
1871 3324 2044 3379 ladani
2067 3325 2170 3378 vim

533 3434 555 3484 1
578 3434 680 3485 115
711 3411 900 3467 vellera
920 3410 1178 3467 desudant
1197 3450 1214 3475 ,
1245 3411 1428 3465 calami
1457 3430 1608 3466 coma
1631 3412 1850 3485 pullulat
1873 3411 2026 3478 almi,

711 3499 878 3569 gignit
903 3497 1096 3551 humus
1116 3498 1304 3551 casiam
1319 3538 1336 3563 ,
1365 3508 1714 3552 concrescunt
1732 3508 1850 3552 tura
1867 3515 1964 3569 per
1987 3516 2168 3569 agros.

711 3585 973 3658 longaque
999 3582 1236 3639 fecundis
1263 3584 1557 3657 pinguescit
1591 3583 1846 3639 odoribus
1876 3602 1991 3639 ora.

569 3664 687 3747 (uo)
712 3674 855 3727 Vera
876 3670 1008 3726 fides
1031 3671 1138 3725 illic
1163 3670 1354 3725 femori
1381 3670 1480 3725 sub
1499 3672 1728 3741 imagine
1750 3682 1932 3743 partus

714 3758 977 3833 dirupisse
1001 3761 1036 3814 J
1037 3776 1190 3814 ovem
1211 3757 1494 3831 penetralia
1513 3797 1530 3824 ,
1558 3758 1810 3831 proderet
1829 3770 1978 3814 ortus

533 3858 554 3907 1
575 3855 687 3907 120
716 3856 776 3901 ut
795 3864 944 3901 sacer
964 3846 1174 3901 aetheria
1197 3844 1482 3917 fulgentem
1507 3845 1683 3901 fronte
1704 3847 1942 3918 Lyaeum.

714 3934 961 3988 Nascenti
986 3934 1196 3988 Baccho
1217 3933 1516 4007 risivpater,
1535 3933 1770 4006 undique
1795 3934 1936 3989 fulsit

715 4022 1006 4076 caelicolum
1031 4020 1182 4076 sedes
1197 4061 1214 4088 ,
1243 4040 1582 4095 convexaque
1605 4040 1744 4096 pura
1765 4021 1987 4078 tetendit

713 4106 844 4163 fasta
870 4108 1018 4177 ἀίεις
1043 4108 1196 4163 tellus
1220 4108 1412 4163 effudit
1427 4108 1575 4164 dives
1596 4108 1790 4166 odores
1805 4149 1822 4176 ,

714 4194 958 4250 villorum
983 4196 1172 4251 subitis
1195 4195 1391 4251 tumuit
1414 4214 1576 4269 pecus
1597 4196 1963 4261 incrementis,

533 4294 680 4348 1125
712 4300 806 4337 ver
830 4282 1068 4339 habuere
1091 4300 1248 4339 suum
1271 4301 1410 4339 nova
1434 4286 1672 4356 gramina
1689 4324 1706 4351 ‚
1731 4284 1863 4340 ssore
1883 4284 2142 4358 frequenti

713 4370 884 4443 pinxit
909 4380 1050 4425 terra
1075 4371 1223 4426 sinus
1238 4411 1255 4437 ,
1281 4388 1344 4426 ac
1371 4370 1622 4445 nymphis
1647 4370 1794 4427 unda
1819 4372 2055 4427 cucurrit

711 4457 929 4529 largiorg
960 4459 1183 4513 internis
1206 4460 1362 4513 etiam
1387 4458 1576 4532 procul
1605 4457 1844 4532 undique
1869 4460 1937 4515 ab
1968 4460 2076 4514 oris

565 4546 684 4623 (us)
713 4546 818 4601 ales
838 4546 1009 4601 amica
1036 4545 1138 4601 deo
1159 4546 1362 4617 largum
1389 4547 1650 4618 congessit
1670 4564 1964 4604 amomum.

715 4634 998 4707 Extemplo
1028 4634 1190 4689 Liber
1213 4635 1483 4689 subnectit
1505 4634 1728 4689 nebride
1752 4645 1964 4707 pectus,

538 4732 690 4784 1130
717 4720 1014 4794 effusasque
1040 4740 1216 4777 comas
1243 4722 1436 4777 hedera
1471 4722 1630 4793 ligat,
1659 4720 1784 4777 inde
1809 4723 2035 4776 virentes

715 4808 910 4863 attollit
935 4808 1144 4881 thyrsos
1161 4849 1178 4875 ,
1212 4820 1266 4863 et
1287 4808 1464 4863 blandi
1487 4808 1702 4863 luminis
1729 4808 1848 4880 igne

562 4899 686 4977 (ata)
717 4912 779 4949 os
807 4894 1000 4950 hilarat
1016 4937 1032 4963 ‚
1056 4907 1270 4970 totaque
1291 4896 1428 4951 celer
1449 4895 1770 4951 diffunditur
1795 4896 1978 4953 rethra.

561 4980 685 5059 (m)
787 4980 891 5037 Sed
911 4993 1133 5055 propter
1161 4984 1422 5038 Libanum
1444 4993 1640 5037 ten-am
1663 4984 1863 5037 sulcant
1889 4984 2119 5039 Nabataei
2139 5024 2156 5050 ,

714 5066 1087 5142 Cbaulasiique
1111 5067 1342 5135 dehinc‚·
1356 5070 1548 5140 Agreni
1567 5086 1748 5123 rursus
1761 5109 1778 5135 ‚
1797 5080 1848 5124 et
1876 5069 2000 5124 inde

537 5168 686 5222 11⁸5
715 5152 1016 5211 Chatramis
1042 5166 1122 5210 est
1141 5154 1322 5223 tellus3
1349 5157 1515 5210 Mace
1541 5155 1713 5209 vicina
1731 5155 1928 5209 fluento

714 5242 945 5297 Persidis
971 5242 1264 5310 accedunt;
1286 5244 1448 5298 Rutili
1470 5246 1794 5299 contermina
1812 5244 1962 5317 ponti

717 5330 895 5383 Minaei
917 5329 1265 5395 Sabatbaeque
1291 5341 1500 5397 tenent3
1528 5348 1686 5404 super
1709 5332 1930 5405 impiger
1951 5331 2124 5407 ampla

3810 505 3922 558 187

2361 636 2573 691 equora
2593 618 2830 677 desulcat
2846 621 3008 692 gleba
3024 622 3149 677 ditis
3175 623 3506 680 Cletabenus.

2360 705 2592 762 Plurima
2624 718 2875 780 praeterea
2896 726 3023 781 gens
3046 710 3495 784 circumplectitur
3510 712 3615 768 illic
3955 712 4075 789 (oso)

2362 811 2511 848 oram
2535 794 2771 849 Arabum
2786 836 2804 861 ‚
2826 805 2975 851 muta
3000 794 3094 851 sed
3115 795 3318 869 degunt
3332 800 3541 871 agmina
3571 800 3740 867 fama,
3958 813 4109 866 1140

2362 892 2415 935 et
2438 898 2693 937 numerus
2716 884 2919 939 cunctis
2944 884 3219 957 inglorius.
3240 886 3373 941 Inde
3396 888 3571 943 favoni

2368 986 2471 1041 qua
2498 968 2649 1042 plaga
2680 968 2919 1024 secundis
2938 970 3031 1025 alit
3050 970 3215 1027 almos
3236 974 3447 1028 flatibus
3471 992 3624 1045 agros
3638 1015 3655 1041 ,

2364 1054 2582 1109 barbara
2610 1058 2938 1127 montivagos
2964 1056 3116 1112 tellus
3140 1058 3376 1113 extendit
3398 1060 3673 1117 Erembos.

2364 1144 2433 1197 111
2461 1144 2623 1197 vitam
2650 1143 2799 1199 duris
2823 1146 3021 1215 agitant
3050 1146 3106 1200 in
3134 1146 3375 1201 cautibus
3400 1166 3613 1213 omnes,

2366 1232 2651 1304 intectique
2667 1244 2812 1288 artus
2830 1244 3053 1306 crepunt
3072 1234 3239 1289 ardua
3254 1253 3463 1307 semper
3962 1245 3982 1296 1
4004 1244 4111 1296 148

2364 1319 2595 1375 culmina
2617 1340 2884 1376 saxorum.
2914 1322 3035 1377 Non
3059 1322 3174 1377 ollis
3188 1322 3381 1397 pabula
3404 1323 3459 1377 in
3488 1342 3643 1379 usum
3965 1329 4084 1411 (m)

2364 1416 2503 1461 terra
2528 1408 2665 1481 parit
2697 1424 2711 1462 ε
2734 1408 2905 1479 glebas
2936 1408 3205 1465 abrodunt
3228 1428 3377 1464 more
3402 1409 3629 1465 serarum

2354 1490 2570 1564 jejunas
2592 1494 2769 1549 herboe
2786 1534 2800 1559 ,
2822 1514 2920 1549 nec
2936 1496 3131 1550 amicas
3152 1494 3391 1566 frugibus
3416 1495 3555 1551 ullis.

2434 1580 2575 1635 Hinc
2602 1580 2739 1636 ultra
2760 1581 2949 1636 Libani
2976 1599 3188 1635 rursum
3218 1580 3419 1653 fastigia
3446 1582 3601 1649 celsi,
3960 1573 4083 1654 (m)

2362 1664 2454 1719 lux
2480 1667 2807 1739 Hyperionio
2834 1684 2939 1739 qua
2964 1686 3019 1721 se
3044 1667 3267 1722 sustollit
3292 1666 3360 1722 ab
3382 1679 3532 1733 ortu,
3964 1664 4113 1717 115⁰

2363 1750 2575 1806 alterius
2596 1752 2760 1825 Syriae
2780 1752 2929 1807 limes
2948 1752 3087 1825 jacet
3118 1771 3285 1826 usque
3306 1754 3537 1827 Sinopen

2366 1840 2583 1909 gurgitis
2598 1840 2870 1911 attiguum.
2891 1838 3083 1894 Mediis
3100 1838 3188 1893 hic
3214 1840 3438 1912 impigra
3454 1841 3511 1893 in
3530 1858 3669 1895 arvis

2366 1926 2739 2003 Cappadocum
2763 1944 2889 1999 gens
2911 1938 3009 1982 est.
3034 1928 3259 1999 Propter
3286 1926 3418 1981 freta
3444 1927 3656 2000 turgida
3676 1944 3859 1987 rursus

2364 2014 2563 2087 Assyrii
2588 2012 2743 2086 juxta
2768 2024 2893 2068 sunt
2908 2013 3045 2068 ostia
3062 2012 3503 2080 Thermodontis,

2364 2111 2417 2155 et
2444 2100 2629 2155 festina
2650 2100 2767 2154 citis
2792 2098 3051 2153 evolvitur
3070 2097 3215 2153 unda
3238 2099 3466 2155 fluentis.

2368 2190 2477 2243 Nec
2512 2188 2696 2261 procul
2714 2230 2729 2253 ‚
2756 2188 2929 2243 attolit
2948 2205 3054 2261 qua
3085 2206 3142 2241 se
3166 2186 3291 2242 sacis
3316 2188 3479 2244 ardor
3500 2207 3610 2245 eoae
3626 2231 3643 2257 ,

2368 2277 2625 2351 plurimus
2656 2276 2937 2351 Euphratae
2962 2288 3143 2331 manat
3168 2276 3361 2349 liquor.
3388 2280 3493 2333 Iste
3518 2278 3679 2335 feroci

2370 2365 2519 2420 susus
2544 2364 2611 2421 ab
2634 2366 2887 2424 Armenia
2908 2376 3115 2421 vastum
3134 2374 3292 2437 caput
3315 2366 3507 2420 exserit
3528 2378 3711 2433 anuo,

2369 2454 2529 2525 inque
2558 2463 2747 2507 notum
2768 2452 2954 2526 primae
2979 2450 3317 2525 protenditur
3337 2454 3545 2524 agmine
3564 2455 3715 2509 molis
3732 2497 3748 2520 ‚

2368 2550 2419 2593 ct
2445 2540 2733 2594 matutinos
2760 2539 2953 2593 iterum
2977 2555 3263 2593 conversus
3286 2538 3343 2592 in
3364 2556 3489 2593 axes

2370 2624 2563 2681 dividit
2586 2626 2783 2680 inserto
2806 2623 3033 2679 mediam
3058 2623 3321 2697 Babylona
3352 2624 3571 2681 fluento.

2368 2712 2502 2767 Inde
2524 2710 2837 2767 Teredoniae
2852 2709 2981 2784 juga
3002 2722 3193 2787 preter
3218 2712 3443 2766 maxima
3471 2714 3622 2786 rupis

2371 2797 2598 2854 Persidis
2626 2801 2683 2853 in
2705 2808 2932 2872 pontum
2954 2816 3135 2872 sparso
3156 2795 3299 2853 cadit
3317 2796 3509 2853 effluus
3526 2799 3696 2855 amni.

2343 2888 2529 2959 „Hunc
2547 2904 2726 2959 super,
2758 2887 2815 2940 in
2840 2896 3039 2959 septem
3067 2894 3323 2957 qnantum
3350 2887 3435 2939 via
3456 2886 3691 2959 carpitur
3716 2898 3863 2943 ortus

2368 2972 2579 3045 cespitis
2598 2973 2797 3027 extenti
2824 2973 3002 3045 spatiis
3015 3009 3031 3037 ,
3055 2972 3191 3025 citus
3210 2988 3425 3043 equora
3440 2972 3614 3043 Tigris

2368 3077 2535 3132 prona
2561 3070 2742 3114 rotans
2758 3069 2811 3114 et
2826 3076 2950 3113 saxa
2963 3057 3105 3130 jugis
3127 3058 3302 3113 avulsa
3329 3058 3588 3131 supremis

2368 3157 2422 3201 et
2448 3156 2584 3202 totas
2608 3145 2712 3201 late
2734 3145 2888 3201 celeri
2908 3144 3071 3199 trahit
3085 3144 3295 3215 agmine
3321 3144 3494 3201 silvas.

2368 3234 2513 3302 Quin
2538 3241 2593 3287 et
2616 3242 2757 3286 vasta
2780 3230 2927 3304 palus
2954 3229 3131 3284 medio
3154 3228 3474 3285 distenditur
3490 3246 3619 3300 agro
3649 3246 3663 3283 ε

2367 3319 2629 3373 maximus
2656 3318 2793 3373 hanc
2820 3318 2985 3371 fluctu
3003 3318 3177 3387 Tigris
3208 3327 3347 3371 secat
3363 3356 3380 3382 ,
3406 3316 3568 3370 intrat
3591 3318 3755 3390 aperti

2369 3419 2511 3478 terga
2539 3406 2682 3461 lacus
2700 3446 2715 3471 ,
2746 3416 2922 3479 stupet
2950 3403 3094 3459 unde
3120 3403 3277 3458 silens
3317 3406 3591 3475 tacitoeque
3618 3406 3936 3461 recumbunt
3973 3413 3991 3463 1
4015 3412 4121 3462 170

2366 3510 2579 3566 equora
2594 3493 2839 3547 Thonitis
2868 3512 2881 3548 z
2903 3490 3189 3545 solidarum
3212 3488 3444 3561 denique
3467 3508 3617 3544 more

2366 3584 2605 3656 riparum
2630 3584 2797 3653 stagni
2820 3582 2973 3635 sat-ies
2992 3580 3151 3635 incisa
3174 3579 3431 3652 quiescit,

2368 3672 2745 3745 invectumque
2772 3672 2870 3725 sibi
2898 3670 3150 3724 cohibens
3178 3669 3486 3723 altrinsecus
3510 3686 3721 3724 amnem

2368 3769 2469 3814 stat
2493 3758 2721 3815 disclusa
2743 3758 2909 3831 palus.
2934 3758 3053 3825 (Sic
3074 3754 3241 3811 Elidis
3263 3754 3433 3809 incola
3458 3765 3683 3827 pontum

2368 3842 2565 3899 dissicit
2584 3843 2817 3919 ‘Alpheus
2832 3882 2848 3909 ,
2872 3843 3053 3915 pelago
3074 3843 3151 3897 sic
3168 3842 3351 3896 inserit
3376 3840 3545 3895 undas
3560 3882 3577 3909 ,

2371 3931 2585 3986 illa-sum
2611 3943 2801 4005 optatae
2824 3932 3018 3985 flumen
3032 3930 3231 3985 ducens
3250 3928 3579 4005 Arethusae.)

2370 4023 2511 4092 Ergo
2527 4039 2624 4093 per
2648 4032 2701 4075 et
2718 4032 2959 4092 stagnum
2985 4018 3193 4073 vehitur
3218 4018 3355 4072 celer
3374 4020 3546 4072 amnis
3574 4029 3847 4091 apertum;

2379 4107 2480 4163 hoc
2506 4108 2709 4181 elapsus
2733 4108 2859 4162 item
2882 4107 2989 4161 vim
3020 4106 3174 4180 proni
3202 4106 3418 4177 gurgitis
3442 4115 3616 4176 urget.

2370 4197 2493 4251 Non
2514 4196 2673 4251 alium
2699 4206 2875 4251 tantus
2900 4195 3039 4268 rapit
3057 4196 3318 4268 impetus3
3339 4192 3481 4248 haud
3502 4195 3574 4249 ita
3596 4194 3876 4268 quisquam

2376 4288 2662 4359 spumescit
2687 4286 2906 4353 fluctus,
2940 4302 3113 4357 neque
3129 4294 3304 4339 tantos
3326 4283 3430 4338 ulla
3460 4282 3691 4355 fragores

2376 4374 2520 4431 unda
2552 4377 2672 4432 ciet.
2703 4372 2881 4429 Medio
2910 4392 3031 4447 quie
3052 4372 3204 4427 tellus
3228 4370 3471 4427 funditur
3492 4389 3621 4442 agro

2376 4462 2489 4517 haee
2513 4462 2829 4516 interamnis
2853 4477 3049 4514 nomen
3076 4469 3250 4526 tenet,
3274 4470 3334 4513 ut
3358 4460 3489 4513 situs
3514 4457 3653 4512 illam

2376 4549 2593 4603 flumine
2615 4548 2945 4621 praeciuctam
2966 4546 3175 4619 gemino
3205 4564 3301 4620 per
3320 4557 3497 4620 aperta
3518 4544 3722 4602 locavit.

2374 4635 2493 4690 Non
2524 4636 2615 4707 qui
2638 4634 2868 4690 lanatum
2886 4634 3045 4705 longo
3069 4651 3229 4707 pecus
3260 4633 3447 4687 edth
3470 4650 3627 4704 agro,

2375 4734 2467 4777 aut
2497 4724 2589 4795 qui
2613 4723 2875 4794 cornigeri
2896 4720 3089 4777 ductor
3112 4722 3281 4793 gregis
3302 4740 3425 4776 arva
3451 4732 3689 4794 pererrat
3702 4761 3719 4787 ,

2375 4812 2614 4882 gramina
2640 4812 2734 4881 qui
2773 4820 2952 4883 pastor
2975 4810 3121 4863 simis
3146 4812 3279 4884 petit
3303 4820 3423 4883 apta
3448 4810 3657 4882 capellis
3672 4851 3690 4877 ,

2374 4900 2573 4971 quique
2597 4915 2727 4952 cavo
2744 4896 2904 4952 solers
2922 4897 3201 4951 committit
3216 4898 3415 4951 semina
3438 4896 3585 4952 sulco
3598 4938 3615 4964 ,

2378 5002 2537 5058 quem
2562 4986 2800 5040 Pomona
2818 4980 2998 5055 juvat,
3025 5000 3181 5054 quem
3208 4984 3371 5037 ramis
3400 4983 3619 5037 aesculus
3644 4983 3759 5038 altis

2372 5071 2521 5125 illicit
2552 5080 2603 5125 et
2634 5069 2817 5141 pingui
2842 5068 3143 5142 dependens
3175 5068 3365 5122 subere
3391 5067 3584 5139 glando
3598 5108 3617 5135 ,

2372 5158 2587 5213 brachia
2608 5159 2777 5231 Nysaei
2801 5159 2891 5230 qui
2914 5158 3141 5231 palmitis
3165 5156 3354 5211 ordine
3368 5156 3517 5229 justo

2372 5244 2563 5318 digerit
2579 5284 2595 5312 ,
2621 5256 2712 5299 aut
2734 5245 2881 5299 tectis
2900 5246 2945 5297 si
2968 5244 3086 5317 quis
3109 5242 3253 5299 dolat
3279 5245 3503 5316 impiger
3526 5260 3687 5297 ornos
3702 5282 3720 5309 ‚

2371 5331 2453 5387 vel
2474 5330 2595 5386 salis
2614 5332 2669 5385 in
2694 5330 2886 5385 fluctus
2912 5331 3005 5401 qui
3032 5330 3275 5403 cymbam
3302 5331 3477 5384 navita
3498 5331 3657 5395 texit,

3968 2988 4119 3041 1165

3963 3136 4083 3215 (⁸⁸³)

3972 3866 4121 3917 1175

3970 4097 4091 4173 (πυ)

3972 4296 4125 4350 1130

3978 4733 3994 4781 1
4016 4732 4122 4781 185

3968 4802 4096 4879 (ιω)

3965 5172 4119 5225 1190
