4584 6284
745 519 861 571 ³12

741 639 1064 710 ἑξαστάδιον.
1153 638 1264 721 Ἀφ’
1287 627 1360 698 ὧν
1405 634 1603 698 οἴονταί
1627 658 1762 704 τινες
1805 633 2062 716 άρχεσθαι
2089 632 2150 694 τὸ
2177 631 2307 716 ᾀδό-

741 753 896 808 μενον
923 728 1040 809 όρος
1087 727 1176 788 τὸν
1217 730 1428 807 Ταῦρον
1445 769 1463 798 ,
1495 723 1784 806 ἀρχόμενον
1829 728 1896 804 τῇ
1940 722 2159 804 ἀληθεία
2201 721 2308 781 ἀπὸ

738 823 834 892 τῆς
861 821 964 877 τῶν
993 815 1214 878 Ῥοδίων
1241 813 1486 895 περαίας.
1573 811 1770 874 Ἰστίον
1798 812 1854 872 δὲ
1887 811 1970 872 ὅτι
1987 810 2310 894 Ἡρωδιανὸς

739 908 793 966 ἓν
820 911 888 988 τῇ
915 903 1142 966 καθόλου
1176 901 1444 985 προσῳδίᾳ
1473 899 1775 964 Χελιδονιαί
1802 899 2150 980 ἀναγινώσκει
2191 899 2304 970 ὀξυ·

681 1017 708 1055 s
737 994 934 1072 τόνως,
967 995 1039 1062 ὥς
1071 991 1352 1074 πυρκαΐαί.
1438 990 1664 1071 Πάταρα
1705 989 1761 1050 δὲ
1788 989 1988 1070 κτίσμα
2021 990 2307 1072 Πατάρου,

735 1083 888 1149 πόλις
917 1082 1124 1161 μεγάλη
1145 1127 1164 1158 ,
1195 1078 1319 1162 περὶ
1351 1070 1416 1152 ἧς
1457 1077 1763 1163 προεγράφη
1799 1076 2146 1159 πλατύτερον.
2232 1077 2306 1139 Ἡ

741 1171 796 1230 δὲ
821 1170 1007 1238 Ῥόδος
1045 1171 1186 1230 ἄλλα
1225 1192 1283 1228 τε
1311 1164 1438 1249 ἔσχε
1467 1167 1744 1243 Θαυμαστὰ
1765 1167 1855 1226 καὶ
1884 1169 1973 1226 τὸν
1994 1173 2085 1227 τοῦ
2120 1164 2304 1228 Ἡλίου

738 1259 793 1318 δὲ
820 1257 1075 1320 κολοσσὸν
1098 1302 1115 1332 ,
1138 1256 1385 1337 Χάρητος
1404 1254 1579 1336 ἔργον,
1602 1253 1783 1337 ἀνδρὸς
1810 1255 2023 1316 Δινδίου
2041 1299 2058 1328 ,
2089 1255 2304 1336 πήχεων

737 1347 1134 1426 ἐὸδομήκοντα·
1166 1345 1261 1406 καὶ
1280 1336 1350 1417 ἦν
1396 1345 1487 1404 καὶ
1527 1342 1678 1411 αὐτὸς
1721 1343 1778 1403 ἓν
1807 1347 1913 1403 τῶν
1943 1343 2081 1404 ἑπτὰ
2109 1344 2307 1420 θεαμά-

656 1463 710 1505 ιο
736 1462 873 1510 των,
914 1435 970 1503 ὃς
1019 1433 1179 1494 ἔπεσε
1218 1438 1420 1514 σεισμῷ
1465 1431 1711 1502 κλασθεὶς
1741 1432 1847 1492 ἀπὸ
1894 1435 1999 1491 τῶν
2045 1431 2298 1510 γονάτων.

738 1521 930 1586 Πολλὰ
957 1519 1013 1583 δὲ
1044 1523 1140 1582 καὶ
1169 1520 1305 1582 ἄλλα
1329 1513 1467 1604 εἶχεν
1508 1526 1542 1594 ἡ
1565 1520 1750 1587 Ῥόδος
1779 1519 2066 1600 ἀγάλματα
2089 1566 2106 1592 ,
2142 1512 2214 1580 ὧν
2245 1519 2305 1581 τὸ

736 1611 978 1693 τεχνικὸν
1002 1609 1096 1670 καὶ
1125 1614 1309 1692 μικροῦ
1336 1611 1440 1670 δεῖν
1471 1609 1705 1691 ἔμψυχον
1739 1607 2086 1686 αἰνιττόμενοι
2105 1611 2152 1667 oi
2171 1632 2305 1689 τεχ-

739 1705 882 1761 νῖται
911 1699 1156 1761 ἁλύσεσιν
1185 1699 1434 1778 ἑδέσμουν
1484 1698 1619 1760 αὗτὰ
1637 1744 1654 1770 ,
1679 1697 1756 1775 μὴ
1786 1696 1877 1757 καὶ
1912 1697 2120 1758 λάθοιεν
2160 1699 2301 1777 τάχα

737 1787 1017 1862 κινηθέντα
1046 1787 1368 1865 μεταστῆναί
1405 1807 1507 1845 που
1538 1787 1802 1866 ἀλλαχοῦ.
1891 1787 1960 1847 Εἰ
1987 1784 2043 1844 δὲ
2072 1785 2176 1864 χρὴ
2205 1785 2300 1857 τὴν

654 1898 706 1939 Is
738 1881 898 1949 νῆσον
921 1872 1116 1948 ταύτην
1137 1877 1194 1935 ού
1217 1875 1370 1955 μόνον
1399 1878 1474 1954 τῷ
1503 1873 1734 1954 μεγίστῳ
1761 1875 2002 1954 κολοσσῷ
2026 1876 2296 1943 σεμνῦναι,

735 1963 878 2027 ἀλλὰ
929 1962 1024 2024 καὶ
1067 1962 1399 2044 σμικροτάτῳ
1429 1963 1531 2022 τινὶ
1568 1963 1770 2043 ἰπᾶραι
1813 1961 2151 2038 ἀναθήματι·
2191 1965 2301 2022 ἐκεῖ

733 2052 838 2137 γὰρ
859 2052 951 2114 καὶ
972 2057 1001 2113 ὁ
1021 2051 1181 2122 καλὸς
1196 2051 1374 2132 πέρδιξ
1391 2042 1456 2125 ἦν
1471 2098 1490 2125 ,
1511 2050 1574 2110 τὸ
1596 2055 1688 2110 τοῦ
1713 2048 2085 2132 Πρωτογένους
2109 2049 2298 2126 ὑμνού-

739 2167 898 2222 μενον
918 2141 1200 2223 πάρεργον.
1283 2141 1388 2203 Διὰ
1415 2139 1472 2201 Sl
1494 2140 1585 2202 τὸν
1611 2137 1857 2220 ἀνωτέρω
1883 2139 2101 2222 ῥηθέντα
2127 2136 2297 2218 μέγαν

731 2231 986 2292 κολοσσὸν
1020 2230 1113 2291 καὶ
1165 2233 1481 2298 Κολοσσαεῖς
1507 2233 1579 2298 ὡς
1608 2232 1668 2290 ἐκ
1717 2228 1946 2308 μεγάλω
1973 2227 2297 2308 παρασήμου

653 2337 710 2378 20
737 2321 1026 2380 ἐκαλοῦντο
1065 2320 1115 2378 οἱ
1156 2317 1372 2380 Ῥόδιοι.
1457 2318 1684 2397 Λέγεται
1735 2317 1790 2377 δὲ
1838 2316 1930 2378 καὶ
1982 2317 2295 2392 ναύσταθμα

732 2409 875 2490 ἔχειν
915 2413 951 2483 ἡ
997 2407 1180 2476 Ῥόδος
1209 2407 1418 2490 κρυπτὰ
1461 2408 1554 2467 καὶ
1593 2405 1868 2490 ἀπόρρητα
1913 2414 2020 2472 τοῖς
2047 2406 2259 2472 πολλοῖς
2273 2449 2289 2476 ,

727 2497 820 2558 καὶ
846 2499 925 2579 τῷ
951 2497 1363 2558 κατοπτεύσαντι
1385 2496 1520 2557 αὐτὰ
1542 2495 1764 2556 θάνατον
1790 2486 1924 2555 εἶναι
1951 2493 2047 2566 τὴν
2073 2493 2288 2572 ζημίαν.

728 2584 966 2658 Ἐκλήθη
1005 2584 1060 2644 δέ
1087 2607 1260 2658 ποτε,
1304 2584 1495 2666 φασὶν,
1537 2583 1822 2668 Ὀφίουσα·
1863 2570 1978 2644 εἶτα
2005 2584 2058 2643 Τ
2059 2583 2156 2662 ελχ
2158 2580 2250 2649 ινὶς
2267 2629 2286 2654 ,

726 2673 812 2734 διὰ
837 2673 954 2740 τοὺς
975 2675 1038 2734 ἐκ
1072 2671 1282 2753 Κρήτης
1303 2673 1565 2754 Τελχῖνας
1584 2671 1901 2746 οἰκήσαντας
1929 2673 2069 2746 ἐκεῖ,
2101 2669 2290 2751 ἄνδρας

639 2778 695 2820 ss
725 2761 922 2840 γόητας
939 2761 1031 2821 καὶ
1057 2761 1363 2842 βασκάνους.
1453 2760 1643 2822 Καίτοι
1665 2760 1799 2828 τινὲς
1821 2759 1995 2838 μάτην
2015 2759 2289 2841 δυσφημη·

721 2855 873 2922 θῆναι
893 2849 1104 2918 τούτους
1123 2848 1276 2929 φασί·
1306 2853 1669 2931 βασκανθῆναι
1689 2847 1794 2928 γὰρ
1826 2849 2027 2925 μᾶλλον
2056 2847 2158 2907 ὑπὸ
2183 2849 2287 2904 τῶν

721 2937 1038 3018 ἀντιτέχνων
1065 2936 1270 3011 αὐτοὺς,
1291 2935 1534 3020 ἅρίστους
1553 2935 1890 3016 ὑπάρξαντας
1909 2931 2135 3014 ὶργάτας
2151 2937 2286 3014 χαλ-

719 3033 814 3086 κοῦ
831 3025 922 3085 καὶ
943 3024 1177 3106 σιδήρου,
1200 3023 1250 3085 ot
1275 3029 1366 3085 καὶ
1387 3023 1487 3098 τὴν
1509 3023 1683 3104 ἅρπην
1703 3027 1780 3104 τῷ
1797 3021 1987 3103 Κρόνῳ
2013 3019 2286 3102 ἐδημιούρ-

720 3135 913 3191 γησαν.
998 3113 1069 3176 Ὁ
1102 3115 1158 3174 δὲ
1176 3113 1488 3194 Γεωγράφος
1512 3111 1644 3197 φησὶ
1678 3113 1768 3170 καὶ
1796 3111 1876 3170 ὅτι
1895 3109 2214 3178 πλεύσαντες
2240 3111 2290 3170 οἱ

643 3217 698 3258 ω
722 3199 918 3260 Ῥόδιοι
947 3199 1132 3280 μέχρις
1160 3199 1395 3280 Ἰὃηρίας
1419 3198 1632 3260 ἔκτισαν
1663 3200 1772 3258 ἐκεῖ
1792 3197 1945 3258 πόλιν
1970 3195 2177 3258 Ῥόδον.

803 3307 915 3364 sos,
934 3307 1036 3349 soo-
1082 3284 1213 3347 'Ort
1239 3291 1274 3359 ἡ
1304 3286 1518 3367 Κύπρος
1545 3286 1794 3363 οὗδεμιᾶς
1815 3284 1975 3355 νήσου
1999 3280 2289 3359 λειπομένη

724 3379 792 3456 τῇ
819 3375 981 3456 ἀρετῇ
1033 3376 1110 3454 τῷ
1157 3371 1463 3456 Παμφυλίῳ
1506 3373 1600 3432 καὶ
1651 3376 1727 3452 τῷ
1778 3371 1995 3452 Ἰσσικῷ
2047 3369 2292 3439 κλύζεται

727 3462 940 3543 κόλπῳ,
989 3451 1055 3533 ἧς
1100 3459 1318 3534 οὗδεμία
1373 3457 1452 3518 ἔτι
1506 3457 1933 3539 ἀνατολικωτίρα
1959 3457 2118 3528 νῆσός
2154 3458 2284 3518 ἔστι.

725 3549 884 3626 Λέγει
908 3549 963 3607 δὲ
995 3547 1158 3620 αὐτὴν
1182 3545 1484 3630 Ἀφροδίτης
1506 3546 1639 3607 ἄστυ
1664 3545 1926 3626 ἕπήρατον
1948 3589 1967 3620 ,
1991 3547 2062 3612 ὥς
2079 3542 2171 3603 καὶ
2193 3541 2290 3615 τὴν

646 3661 702 3704 as
730 3634 1087 3720 Σαμοθρᾴκην
1122 3633 1474 3718 Κορυόάντιον
1500 3631 1633 3693 ἄστυ
1649 3681 1668 3711 ,
1692 3635 2065 3717 μικροπρεπῶς
2085 3630 2210 3710 μὲν,
2229 3633 2286 3691 οὗ

728 3724 836 3808 γὰρ
867 3727 1240 3810 μεγαλόφωνον
1265 3722 1325 3785 τὸ
1349 3723 1446 3797 τὴν
1473 3721 1736 3798 τοσαύτην
1762 3728 1918 3796 ν’ἧσον
1943 3723 2106 3783 εἰπεῖν
2129 3721 2294 3794 ἄστυ,

727 3815 1024 3883 ἀκολούθως
1060 3815 1105 3874 δ’
1131 3805 1220 3875 οῦν
1253 3817 1331 3896 τῷ
1353 3810 1534 3894 μύθῳ,
1561 3811 1646 3873 διὰ
1682 3809 1779 3886 τὴν
1802 3813 1912 3872 ἐκεῖ
1931 3816 2025 3884 τῆς
2053 3808 2286 3892 Ἀφροδί·

725 3928 822 3979 της
852 3904 1085 3982 μάλιστα
1110 3901 1404 3986 διατριὸήν.
1488 3901 1734 3986 Ἄθυρμα
1759 3900 1865 3983 γὰρ
1889 3892 1955 3974 ἦν
1982 3906 2017 3974 ἡ
2047 3902 2202 3971 νῆσος
2219 3903 2284 3978 τῇ

727 3994 969 4072 δαίμονι,
994 3992 1086 4076 ἀφ’
1115 3983 1180 4066 ’ἧς
1207 3992 1298 4052 καὶ
1329 3989 1532 4075 Κύπρις
1559 3992 2010 4073 παρωνόμασται·
2050 3992 2203 4048 τοῦτο
2229 3989 2284 4048 δὲ

645 4113 702 4156 ω
725 4081 812 4144 διὰ
842 4079 939 4156 τὴν
988 4085 1097 4142 τῶν
1138 4081 1250 4144 ἐκεῖ
1285 4081 1626 4163 μαχλοσύνην
1676 4079 1768 4140 καὶ
1805 4079 1865 4138 τὸ
1915 4076 2280 4160 ἱπαφρόδιτον.

720 4173 877 4241 Τινὲς
921 4171 979 4232 δέ
1003 4194 1138 4256 φασι
1187 4169 1402 4251 Κύπρον
1428 4175 1686 4244 κληθῆναι
1715 4167 1879 4240 αύτὴν
1915 4163 2022 4226 ἀπὸ
2067 4161 2282 4245 Κύπρου

721 4263 834 4321 υίοῦ
884 4259 1144 4342 Κινύρου,
1189 4257 1226 4332 ἢ
1253 4257 1357 4319 ἀπὸ
1388 4256 1572 4326 ἄνθους
1603 4259 1714 4316 ἐκεῖ
1753 4257 1952 4316 πολλοῦ
1984 4253 2274 4336 φυομένου,

720 4347 922 4429 κύπρου
962 4346 1309 4426 καλουμίνου.
1398 4348 1469 4409 Οἱ
1505 4344 1558 4407 δὲ
1591 4343 1842 4429 Κρύπτον
1867 4342 1996 4404 ποτὲ
2025 4344 2279 4416 κληθῆναι

723 4435 886 4511 αὐτὴν
912 4435 1158 4515 λέγουσι,
1186 4437 1272 4498 διὰ
1300 4435 1360 4496 τὸ
1387 4435 1674 4521 κεκρύφθαι
1698 4434 1800 4496 ὑπὸ
1823 4432 2120 4504 θαλάσσης·
2150 4431 2279 4510 ὅπερ

639 4553 696 4594 ss
722 4525 816 4586 καὶ
841 4523 965 4607 περὶ
999 4525 1173 4596 Δήλου
1205 4523 1514 4602 μυθεύεται,
1557 4523 1645 4584 καὶ
1673 4523 1796 4606 περὶ
1824 4520 2012 4584 Ῥόδου
2054 4520 2109 4580 δὲ
2140 4519 2278 4580 κατὰ

726 4612 1008 4694 Πίνδαρον.
1088 4613 1216 4676 Ὀτι
1266 4611 1319 4672 δὲ
1360 4612 1454 4673 καὶ
1500 4612 1741 4696 Σφήκεια
1782 4609 1977 4684 ἰκλήθη
2022 4607 2150 4670 ποτὲ
2186 4610 2280 4669 καὶ

2143 499 2498 564 EUSTATH
2506 502 2564 562 11

2397 633 2677 699 distantes,
2710 648 2924 693 remote
2952 657 3077 694 vero
3106 658 3135 694 a
3162 651 3303 695 terra
3324 642 3507 698 stadiis
3541 645 3750 699 circiter
3784 663 3904 710 sex3
3932 667 3963 702 a

2397 710 2589 781 quibus
2622 711 2837 783 quidam
2882 724 3071 786 putant
3108 715 3323 770 initium
3368 716 3565 772 ducere
3608 719 3959 792 percelebrem

2396 783 2540 840 illum
2576 797 2811 843 montem
2848 789 3085 844 Taurum
3105 829 3120 854 ,
3164 808 3330 864 quum
3380 791 3495 864 ejus
3534 811 3714 848 revera
3744 795 3957 850 initium

2396 857 2695 916 ducendum
2720 863 2789 918 sit
2808 863 2877 918 ab
2890 882 2960 918 ea
2989 867 3253 921 maritima
3278 884 3371 920 ora
3388 905 3401 928 ,
3430 885 3549 940 quae
3572 879 3653 922 est
3676 887 3707 922 e
3742 870 3957 940 regione

2396 934 2744 992 Rhodiorum.
2773 937 3053 994 Sciendum
3071 951 3247 996 autem
3274 951 3355 996 est
3372 941 3737 998 Herodianum
3754 944 3812 998 in
3830 945 3963 1000 Pro·

2395 1007 2541 1064 sodia
2561 1013 2839 1068 universali
2874 1012 3041 1084 legere
3085 1014 3400 1083 Χελιδονιαί,
3448 1035 3583 1072 voce
3608 1027 3839 1090 oxytona
3856 1058 3871 1083 ,
3902 1031 3961 1075 nt

2394 1086 2643 1155 πυρκαϊαί.
2674 1088 2858 1143 Patara
2884 1087 3135 1144 aedificata
3156 1109 3187 1145 a
3215 1093 3435 1157 Pataro,
3470 1091 3601 1146 urbs
3629 1109 3815 1162 magna
3831 1133 3849 1161 ‚
3892 1091 3962 1149 de

2396 1175 2499 1228 qua
2520 1178 2583 1214 su
2619 1180 2676 1215 ra
2702 1159 2870 1216 fusius
2894 1164 3147 1237 seriptum
3190 1176 3291 1221 est.
3318 1167 3569 1221 Ceterum
3596 1164 3957 1222 Rhodus-tum

2394 1232 2492 1286 alia
2533 1252 2561 1288 a
2604 1234 2841 1290 miranda
2878 1236 3093 1304 habuit,
3140 1249 3257 1294 tum
3308 1241 3465 1295 etiam
3496 1239 3759 1295 colossum
3810 1240 3959 1296 illum

2392 1306 2525 1360 Solis
2540 1348 2555 1373 ,
2582 1328 2715 1382 opus
2734 1310 2999 1376 Charetis,
3015 1312 3246 1369 hominis
3269 1312 3449 1370 Lindii
3465 1355 3479 1382 ,
3508 1317 3813 1369 cubitorum
3837 1332 3953 1388 sep·

2396 1385 2642 1451 tunginta.
2673 1388 2847 1456 Atque
2884 1387 2995 1458 ipse
3030 1405 3245 1460 quoque
3292 1406 3460 1444 unum
3507 1388 3609 1443 suit
3642 1389 3711 1443 de
3751 1399 3953 1460 septem

2394 1457 2577 1511 mundi
2604 1459 2908 1532 spectaculis
2925 1500 2942 1526 ,
2972 1461 3066 1533 qui
3085 1502 3101 1528 ,
3130 1461 3307 1518 fractis
3332 1473 3489 1518 terroe
3526 1473 3677 1518 motu
3704 1462 3954 1534 genibus,

2392 1531 2598 1586 cecidit.
2626 1532 2729 1588 Sed
2774 1543 2825 1587 et
2868 1534 3056 1590 multas
3095 1536 3221 1591 alias
3263 1537 3485 1592 Rhodus
3506 1549 3702 1592 statuas
3737 1536 3954 1604 habuit,

2391 1621 2615 1674 quarum
2649 1617 2710 1662 ut
2734 1608 2993 1679 singulare
3018 1610 3300 1666 artificium
3326 1612 3718 1685 perfectamque
3742 1613 3861 1666 vitae
3888 1614 3958 1666 si-

2390 1679 2737 1736 militudinem
2759 1682 2983 1737 artifices
3002 1683 3316 1751 indicarent,
3336 1687 3533 1740 catenis
3550 1705 3637 1740 eas
3650 1685 3951 1756 ligaverant,

2391 1765 2447 1805 ut
2474 1773 2541 1807 ne
2554 1754 2687 1809 sorte
2705 1774 2816 1810 sese
2836 1757 2961 1828 ipsae
2985 1757 3139 1824 clam,
3164 1758 3495 1830 demigrandi
3514 1759 3617 1814 alio
3640 1777 3813 1824 causa,
3840 1778 3953 1814 mo-

2388 1839 2587 1884 verent.
2633 1827 2793 1899 Quod
2839 1831 2883 1884 si
2924 1831 3146 1885 insulam
3174 1832 3315 1886 hanc
3360 1851 3472 1887 non
3518 1833 3751 1887 maximo
3790 1832 3958 1888 modo

2386 1900 2587 1957 colosso
2611 1904 2981 1959 commendare
2998 1946 3013 1970 ,
3039 1905 3129 1960 sed
3156 1908 3315 1962 etiam
3350 1925 3511 1980 quam
3538 1908 3761 1962 minimo
3786 1907 3951 1962 dona·

2388 1978 2470 2030 rio
2496 1979 2743 2034 extollere
2777 1990 3019 2052 oportet,
3049 1980 3269 2053 pulchra
3304 1981 3379 2036 ibi
3426 1980 3616 2057 perdix
3658 1981 3759 2037 suit
3775 2023 3790 2047 ,
3834 2000 3952 2056 per·

2386 2052 2640 2109 celebrata
2664 2053 2929 2128 appendix
2962 2066 3121 2128 atque
3140 2056 3434 2110 auctarium
3451 2057 3672 2130 picturae
3692 2060 3949 2128 Protoge-

2385 2129 2489 2184 nis.
2553 2131 2929 2184 Verumtamen
2948 2141 3165 2204 propter
3189 2149 3442 2202 magnum
3476 2130 3625 2186 illum
3652 2130 3911 2186 colossum
3930 2173 3947 2197 ,

2383 2222 2545 2275 quem
2567 2203 2798 2260 diximus
2816 2223 2975 2278 supra
2989 2245 3004 2269 ,
3026 2203 3256 2269 Rhodii,
3283 2205 3441 2260 veluti
3468 2223 3499 2260 a
3518 2220 3712 2278 magno
3732 2208 3945 2274 insigni,

2383 2290 2506 2334 sunt
2528 2281 2686 2335 etiam
2708 2279 3066 2336 Golossaenses
3086 2279 3350 2353 appellati.
3381 2280 3593 2337 Dicitur
3622 2283 3779 2336 etiam
3804 2285 3947 2337 Rho-

2384 2353 2486 2410 dus
2510 2356 2709 2410 navalia
2748 2355 2951 2411 occulta
2978 2353 3241 2428 vulgoque
3262 2374 3451 2410 arcana
3487 2355 3734 2412 habuisse
3749 2398 3765 2425 ,
3792 2369 3845 2412 et
3862 2398 3877 2424 ,
3904 2359 3949 2412 si

2382 2431 2501 2502 quis
2628 2432 3041 2504 introspexisset,
3086 2429 3143 2485 id
3190 2432 3239 2484 ei
3272 2431 3491 2503 capitale
3530 2429 3711 2490 fuisse.
3756 2435 3950 2488 Fertur

2380 2507 2537 2561 etiam
2564 2516 2744 2562 vocata
2770 2524 2831 2560 ea
2864 2505 2991 2560 olim
3020 2504 3179 2571 fuisse
3204 2505 3445 2578 Ophiusa
3461 2547 3477 2574 ,
3503 2505 3697 2560 deinde
3738 2509 3947 2564 Telchi-

2382 2583 2464 2636 nis
2479 2623 2496 2648 ,
2520 2593 2737 2654 propter
2756 2580 3031 2637 Telchines
3052 2579 3167 2636 illos
3184 2580 3477 2642 Cretenses.
3500 2583 3593 2652 qui
3616 2580 3944 2640 domicilium

2381 2657 2457 2712 ibi
2502 2657 2833 2723 habuissent,
2877 2656 3117 2710 homines
3162 2655 3425 2710 maleficos
3442 2697 3459 2722 ,
3516 2657 3609 2727 qui
3668 2660 3845 2728 praesti
3882 2661 3947 2714 'is

2379 2738 2538 2800 atque
2555 2727 2979 2782 fascinationibus
2994 2738 3300 2792 uterentur3
3326 2728 3529 2780 tametsi
3549 2727 3709 2800 aliqui
3735 2747 3825 2783 eos
3886 2749 3947 2786 o·

2379 2801 2545 2854 mines
2584 2799 2797 2854 infamia
2839 2809 3033 2852 temere
3068 2808 3277 2852 notatos
3321 2797 3480 2852 fuisse
3510 2797 3803 2864 affirment3
3854 2819 3946 2856 eos

2378 2871 2521 2924 enim
2547 2871 2723 2942 potius
2746 2869 2813 2924 ab
2841 2866 3074 2938 ejusdem
3120 2869 3249 2922 artis
3274 2866 3473 2922 aemulis
3493 2885 3591 2940 per
3625 2869 3941 2926 calumniam

2378 2951 2537 3012 atque
2579 2939 2831 2994 invidiam
2877 2937 3151 2993 fascinatos
3183 2937 3372 3002 fuisse,
3416 2955 3583 3010 quum
3616 2941 3805 3011 optimi
3842 2943 3941 3015 ipsi

2378 3021 2551 3065 essent
2588 3011 2705 3065 aeris
2733 3010 2961 3080 ferrique
2984 3008 3210 3063 artifices
3227 3048 3243 3073 ,
3278 3010 3370 3082 qui
3412 3019 3465 3063 et
3491 3007 3675 3064 falcem
3712 3012 3943 3068 Saturno

2378 3091 2506 3136 sunt
2531 3081 2787 3135 fabricati.
2821 3078 3163 3151 Geographus
3202 3079 3221 3150 (
3233 3098 3299 3154 p.
3344 3081 3491 3148 654)
3530 3091 3707 3134 autem
3736 3082 3939 3150 scribit,

2380 3150 2614 3206 Rhodios
2632 3191 2649 3216 ,
2679 3167 2843 3222 quum
2864 3151 2917 3204 in
2941 3149 3247 3220 Hispaniam
3276 3167 3443 3222 usque
3462 3151 3819 3221 navigassent,
3852 3171 3945 3208 ur·

2378 3221 2498 3276 bem
2524 3219 2771 3276 Rhodum
2797 3220 2871 3274 ibi
2910 3219 3210 3275 aedificasse.

2452 3295 2573 3356 508,
2598 3293 2719 3361 ⁵⁰9·
2748 3291 2974 3362 Cyprus,
2994 3289 3292 3360 praestantia
3309 3289 3441 3343 nulli
3469 3288 3616 3344 alteri
3644 3291 3938 3347 insularum

2377 3373 2605 3428 secunda
2621 3413 2637 3440 ,
2656 3370 2963 3446 Pamphylio
2982 3373 3248 3444 Issicoque
3270 3372 3391 3426 sinu
3407 3371 3641 3437 alluitur,
3674 3390 3780 3444 qua
3798 3373 3941 3430 nulla

2376 3455 2545 3511 insula
2568 3455 2732 3526 magis
2752 3453 2953 3509 recedit
2978 3453 3045 3508 ad
3080 3455 3358 3510 orientem.
3420 3455 3551 3507 Eam
3580 3465 3761 3508 autem
3789 3468 3942 3514 vocat

2378 3538 2565 3593 urbem
2580 3538 2804 3592 Veneris
2820 3536 3115 3602 amabilem,
3138 3537 3337 3610 pariter
3355 3546 3513 3608 atque
3525 3537 3939 3595 Samothraciam

2376 3623 2753 3698 Corybantium
2800 3621 3014 3687 urbem,
3055 3638 3243 3695 parum
3288 3617 3503 3692 quidem
3548 3618 3742 3675 decore
3782 3625 3806 3690 (
3827 3641 3939 3678 non

2374 3709 2516 3763 enim
2539 3707 2882 3780 magniloqua
2910 3705 3163 3761 orationis
3184 3714 3294 3769 est,
3320 3703 3548 3758 insulam
3585 3715 3781 3759 tantam
3804 3707 3935 3760 civi·

2374 3802 2537 3847 tatem
2553 3791 2793 3862 dicere),
2822 3787 2914 3844 sed
2936 3799 2997 3843 ut
3018 3798 3431 3844 consentaneum
3462 3797 3541 3842 est
3564 3785 3777 3852 fabulae,
3812 3806 3937 3860 pro-

2372 3885 2551 3949 pterea
2574 3872 2720 3947 quod
2743 3873 2818 3928 ibi
2858 3871 3083 3927 maxime
3105 3871 3294 3924 Venus
3316 3880 3398 3925 est
3422 3881 3770 3926 commorata.
3807 3873 3937 3926 Erat

2370 3959 2515 4013 enim
2549 3956 2663 4012 haee
2688 3954 2858 4011 insula
2882 3954 2995 4010 dee
3024 3955 3079 4008 in
3122 3951 3323 4008 deliciis
3340 3991 3357 4020 ,
3387 3971 3419 4008 a
3447 3970 3555 4026 qua
3580 3963 3634 4007 et
3658 3953 3847 4025 Cypris
3873 3972 3937 4008 ea

2371 4053 2451 4097 est
2470 4041 2806 4097 denominata
2826 4080 2843 4108 ,
2864 4036 3025 4112 idque
3048 4048 3268 4112 propter
3294 4035 3681 4111 impudicitiam
3704 4054 3767 4090 ac
3804 4035 3935 4090 deli·

2370 4126 2479 4180 cias
2516 4121 2897 4179 insulanorum.
2967 4122 3215 4177 Ceterum
3248 4119 3465 4192 quidam
3500 4119 3650 4173 aiunt
3691 4129 3927 4172 vomtam

2369 4223 2486 4259 eam
2520 4222 2631 4258 esse
2655 4203 2891 4276 Cyprum
2918 4219 2949 4256 a
2982 4201 3194 4273 Cypro,
3228 4199 3411 4272 Cinyri
3438 4198 3577 4262 filio,
3625 4196 3706 4252 vel
3748 4215 3779 4252 a
3802 4198 3935 4252 flore

2368 4305 2533 4360 cypro
2548 4327 2565 4354 ,
2585 4303 2743 4358 quem
2772 4284 3077 4349 nominant,
3103 4281 3316 4352 copiose
3333 4279 3407 4335 ibi
3426 4279 3785 4352 proveniente.
3823 4279 3934 4332 Ve-

2368 4389 2491 4427 rum
2518 4369 2603 4424 alii
2628 4379 2861 4423 vocatam
2883 4385 3000 4421 eam
3025 4365 3150 4420 olim
3179 4363 3339 4418 fuisse
3356 4364 3507 4418 aiunt
3524 4363 3803 4435 Cryptum,
3842 4361 3927 4415 διὰ

2366 4450 2426 4505 τὸ
2484 4449 2767 4522 κεκρύφθαι,
2810 4464 2876 4500 eo
2922 4443 3068 4517 quod
3110 4442 3290 4498 abdita
3324 4441 3507 4497 suisset
3549 4443 3682 4496 mari
3717 4458 3732 4496 ε
3774 4439 3923 4514 quod

2368 4531 2525 4586 etiam
2554 4531 2607 4583 in
2644 4525 2833 4582 fabulis
2860 4524 3026 4579 fertur
3060 4521 3128 4577 de
3155 4521 3316 4589 Delo,
3348 4522 3580 4594 itemque
3605 4520 3675 4576 de
3700 4520 3893 4576 Rhodo
3909 4561 3929 4586 ,

2368 4611 2659 4668 secundum
2688 4607 2975 4664 Pindarum
2999 4605 3130 4677 (01.
3155 4623 3207 4674 7,
3232 4607 3328 4676 9).
3358 4603 3458 4660 Sed
3491 4615 3545 4660 et
3579 4604 3857 4678 Spheeiam-
3880 4615 3935 4659 et

719 4838 820 4874 suo
841 4820 1165 4892 exscribit..ss
1195 4849 1268 4862 ·-—
1288 4824 1343 4876 6.
1367 4820 1451 4873 καὶ
1479 4817 1666 4882 Ῥόδος·
1686 4821 1752 4874 U.
1773 4819 1796 4890 ΙΙ
1830 4849 1905 4860 -
1925 4821 1976 4875 8.
2004 4816 2058 4871 δὲ
2071 4835 2182 4872 om.
2210 4815 2284 4879 d,·
2377 4811 2525 4868 (ΣΕ-Ἀ.
2562 4813 2585 4880 ΙΙ
2612 4839 2685 4852 -
2712 4810 2798 4862 33.
2849 4807 2921 4860 ἔτι
2949 4823 3057 4860 om.
3084 4803 3156 4869 ‹1,·
3184 4807 3330 4870 νῆσος
3358 4801 3429 4857 ἔτι
3454 4802 3596 4858 ἀνατ.
3630 4802 3731 4856 ἔστί
3757 4806 3932 4868 ΕΝα,

715 4899 927 4971 Χάριτος
966 4903 1033 4965 Ε,
1053 4899 1210 4972 Χάρος
1241 4898 1296 4957 d.
1321 4899 1434 4970 11-
1453 4918 1508 4970 9.
1533 4893 1594 4967 ἦν
1635 4891 1800 4961 afim-be.
1835 4898 1858 4968 ΙΙ
1887 4925 1963 4940 —
1993 4897 2076 4951 13.
2116 4895 2286 4950 ἁλύσε·

2373 4895 2520 4959 νῆσος
2546 4887 2755 4945 ἂνατ.ι“1.
2787 4889 2810 4959 ΙΙ
2832 4917 2902 4928 -—
2927 4884 3125 4956 36.γὰρ
3143 4903 3252 4939 om.
3280 4883 3323 4937 d
3340 4885 3398 4938 τὸ
3415 4901 3525 4937 om.
3560 4887 3611 4939 C.
3636 4884 3659 4953 ss
3685 4914 3759 4925 —
3778 4883 3867 4952 37.
3890 4886 3935 4938 δ’

717 4981 832 5052 σιν]
871 5005 896 5027 ι
935 4982 1262 5053 Deprompta
1285 4978 1396 5035 baec
1421 4990 1546 5034 sunt
1575 4995 1606 5033 e
1629 4977 1796 5033 schol.
1827 4976 2044 5033 Pindar.
2065 4974 2277 5048 Olymp.
2372 4991 2481 5026 om.
2511 4969 2581 5035 Δ,-
2612 4969 2823 5042 μάλιστα
2846 4971 2930 5034 τῆς
2961 4964 3091 5037 Ἄφρ.
3126 4968 3181 5019 C.
3228 4965 3251 5035 11
3300 4962 3473 5018 -38,
3508 4956 3570 5030 ἣν
3608 4980 3715 5016 om.
3752 4967 3864 5023 DL.
3902 4963 3933 5030 ἡ

715 5073 770 5124 7,
799 5058 890 5126 9⁵·
931 5061 1189 5112 »Baanm
1226 5059 1249 5128 ΙΙ
1290 5087 1361 5100 -
1389 5075 1474 5129 17.
1517 5055 1617 5129 γὰρ
1657 5075 1776 5114 om.
1829 5057 2013 5119 codd..
2053 5073 2168 5110 exc.
2217 5055 2276 5111 d.

711 5135 1004 5190 Derevid.
1030 5135 1223 5191 Strabo
1257 5153 1314 5209 p.
1339 5137 1462 5191 652.
1517 5138 1540 5208 ΙΙ
1568 5166 1642 5179 -
1667 5152 1757 5192 22.
1808 5133 1899 5203 τὴν
1957 5153 2066 5190 0111.
2117 5139 2273 5189 CDL.

717 5213 740 5306 [l
789 5243 866 5256 --
905 5217 995 5269 23.
1027 5236 1175 5287 φασιν
1212 5234 1322 5273 om.
1365 5216 1490 5280 Ed,·
1531 5214 1616 5272 καὶ
1663 5214 1777 5289 Ὀφ.
1816 5215 1895 5280 (1,-
1932 5213 2168 5287 Ὀφιοῦσα
2203 5219 2271 5278 Ε,

736 5283 988 5356 Οφίουσσα
1034 5285 1196 5340 codd.
1228 5288 1476 5360 Stephani
1504 5306 1557 5345 v,
1593 5285 1786 5351 Ῥόδος.
1819 5288 1842 5359 ΙΙ
1874 5316 1948 5330 -
1975 5292 2063 5352 24.
2097 5286 2151 5342 ἐκ
2185 5289 2272 5352 ’.ἥς

704 5363 802 5437 Rp.
837 5369 901 5420 L.
938 5367 960 5436 ΙΙ
991 5399 1066 5410 -
1089 5367 1174 5422 3ο.
1204 5367 1348 5439 pem«
1368 5367 1424 5424 cl.
1456 5369 1478 5438 ΙΙ
1510 5399 1584 5410 -
1621 5368 1708 5421 32.
1750 5373 1822 5440 τῷ
1847 5377 1968 5421 ante
2006 5364 2128 5422 Ἰσσ.
2163 5384 2272 5421 om.

2369 5069 2482 5106 om.
2515 5054 2570 5106 C.
2598 5051 2620 5119 ΙΙ
2639 5047 2811 5117 -39,
2829 5045 3092 5116 ἐπαφροδ]
3114 5045 3177 5097 In
3198 5043 3335 5098 hauc
3352 5059 3532 5095 vocem
3552 5039 3745 5093 desinit
3764 5039 3931 5094 codex

2368 5148 2405 5182 a
2430 5130 2539 5183 sive
2560 5128 2873 5182 Barberinus
2906 5127 3024 5188 144.
3054 5127 3075 5191 ΙΙ
3111 5153 3182 5164 -
3210 5126 3298 5186 42.
3322 5120 3571 5191 ·Κιννύρου
3612 5123 3679 5174 Ε.
3720 5121 3931 5173 Rectius

2368 5206 2509 5262 haud
2538 5205 2697 5260 dubie
2714 5207 2767 5258 in
2790 5201 3050 5274 Stephano
3070 5201 3191 5272 Byz.
3215 5217 3267 5254 v.
3293 5199 3481 5271 Κύπρος
3504 5199 3723 5269 legitur:
3748 5197 3931 5264 ἐκλήθη

2368 5283 2463 5339 ἀπὸ
2494 5284 2680 5356 Κύπρου
2706 5285 2791 5350 τῆς
2813 5280 3044 5351 θυγατρὸς
3072 5279 3295 5351 Κινύρου.
3326 5279 3349 5350 ΙΙ
3373 5309 3445 5320 -
3469 5282 3557 5342 44.
3578 5276 3717 5330 διὰτὸ
3736 5276 3935 5347 κρύπτε-

2368 5366 2480 5418 σθαι
2495 5363 2728 5426 πολλάκις
2744 5361 2834 5416 {neb
2856 5365 2940 5427 τῆς
2959 5361 3006 5414 0.
3035 5359 3345 5432 Stepbanus.
3356 5359 3455 5430 11-
3481 5361 3570 5421 46.
3586 5354 3669 5410 καὶ
3682 5371 3789 5410 om.
3810 5357 3925 5410 DL.
