4584 6284
724 436 836 491 ns

712 556 942 628 equoris
972 556 1215 629 Hesperii
1236 567 1431 611 tractus
1457 557 1645 629 loquar
1679 576 1694 612 ε
1719 559 1866 612 istius
1889 557 2033 613 unda

710 643 899 700 lambit
924 655 1070 717 terga
1093 644 1225 712 soli,
1250 663 1357 718 qua
1382 662 1440 700 se
1463 662 1624 717 vagus
1640 645 1864 718 explicat
1887 646 2052 705 orbis.

607 740 682 792 95
709 733 847 788 Nam
877 732 960 788 vel
980 732 1205 787 caeruleo
1227 732 1344 788 loca
1367 734 1817 807 circumplectitur
1838 746 1992 801 aestu,

586 821 684 901 (ω)
710 820 948 877 velcelso
969 821 1194 877 demissa
1215 820 1348 895 jugo
1383 822 1613 877 confinia
1645 822 1816 889 radit,

709 912 908 967 moenia
933 910 1012 965 vel
1030 910 1133 965 susi
1157 911 1478 983 praestringit
1497 912 1701 983 gurgite
1721 912 1890 983 ponti.

711 1000 778 1053 In
801 999 1092 1072 zephyrum
1114 998 1266 1053 tellus
1292 996 1615 1065 extenditur,
1646 1016 1843 1072 oraque
1866 1010 2017 1053 terroe

713 1088 898 1143 ultima
926 1104 1170 1161 proceras
1206 1086 1456 1141 subducit
1489 1088 1546 1140 in
1569 1097 1706 1141 astra
1742 1087 2026 1142 columnas.

572 1176 682 1227 100
711 1176 814 1230 Hie
834 1175 1028 1231 modus
1055 1185 1134 1229 est
1155 1174 1333 1240 orbis,
1361 1174 1530 1229 Gadir
1557 1174 1733 1242 locus,
1759 1174 1846 1229 hic
1874 1186 2042 1229 tumet
2063 1174 2206 1230 Atlas

593 1256 680 1334 {obl
707 1262 911 1317 arduus
927 1302 944 1328 ,
972 1263 1059 1317 hic
1075 1261 1215 1317 duro
1239 1273 1514 1335 torquetur
1537 1262 1746 1318 cardine
1769 1264 1947 1319 caelum
1967 1304 1982 1329 ,

709 1351 800 1406 hic
828 1350 1164 1406 circumfusis
1187 1352 1407 1407 vestitur
1428 1352 1661 1406 nubibus
1685 1354 1816 1409 axis.

781 1441 856 1494 Et
889 1441 1121 1514 primum
1149 1449 1331 1513 ruptas
1355 1458 1411 1494 se
1441 1450 1636 1512 pontus
1661 1441 1893 1494 Ibericus
1923 1440 2062 1493 illinc

588 1510 685 1595 (71»)
710 1528 905 1582 inserit
920 1529 978 1581 in
1003 1538 1165 1581 terras
1179 1548 1196 1595 ς
1218 1538 1378 1600 caput
1407 1538 1583 1582 autem
1608 1530 2030 1601 principiumque

571 1623 682 1674 105
708 1616 942 1689 Europae
967 1626 1022 1669 et
1047 1614 1228 1689 Libyae
1249 1627 1354 1673 est.
1389 1615 1574 1670 Mediis
1599 1616 1896 1670 infunditur
1920 1618 2058 1688 oris,

710 1705 1007 1777 irrepitque
1030 1704 1219 1760 salum.
1248 1704 1461 1776 Scopuli
1488 1714 1630 1758 stant
1653 1704 1807 1759 ardui
1833 1707 2081 1777 utrinque
2111 1721 2126 1758 :

708 1810 852 1846 unus
879 1793 1024 1846 enim
1049 1794 1319 1865 Europam
1335 1832 1352 1857 ,
1379 1792 1601 1865 Libyam
1626 1792 1809 1865 procul
1836 1792 2057 1865 adspicit
2085 1792 2231 1847 alter.

705 1880 794 1933 Sic
823 1878 1048 1935 dista-eta
1083 1879 1222 1934 freto
1245 1897 1464 1952 procera
1489 1880 1761 1934 cucumim
1789 1879 1934 1933 celsis

705 1966 1120 2039 emicuerejugis
1135 2008 1152 2034 ,
1184 1968 1261 2022 sic
1283 1968 1483 2022 intrant
1499 1986 1625 2022 saxa
1656 1966 1980 2042 profundum
1999 2008 2015 2032 ,

567 2047 680 2101 ¹10
706 2056 784 2109 sic
805 2054 1031 2109 subeunt
1055 2055 1220 2109 nubes
1234 2096 1251 2119 ,
1273 2056 1348 2109 sic
1371 2054 1555 2109 eaelum
1585 2056 1776 2109 vertice
1796 2053 1941 2109 fulcit

703 2146 892 2198 Maura
915 2143 1075 2216 Abyla
1090 2182 1107 2209 ,
1129 2154 1182 2197 et
1207 2142 1368 2199 dorso
1390 2145 1658 2214 consurgit
1677 2143 1879 2199 Iberica
1908 2143 2084 2216 Calpe.

704 2231 937 2287 Gallicus
959 2230 1084 2285 hinc
1102 2240 1256 2285 aestus
1274 2231 1622 2304 provolvitur.
1645 2232 1746 2285 Hic
1778 2250 1935 2305 super
1953 2231 2138 2285 urbem

576 2309 672 2391 (76)
698 2319 982 2375 Massiliam
1005 2338 1130 2391 gens
1148 2320 1306 2374 Graia
1330 2319 1455 2374 colit
1475 2359 1491 2385 ,
1523 2320 1885 2391 Ligurumque
1913 2322 2157 2374 tumescit

697 2426 899 2481 aequor‚
921 2417 974 2462 et
998 2407 1259 2462 indomito
1278 2406 1426 2461 tellus
1444 2406 1585 2479 jacet
1613 2406 1740 2461 Itala
1757 2425 1938 2477 regno.

555 2498 668 2550 115
696 2496 931 2551 Ausonis
962 2495 1072 2550 haec
1103 2495 1250 2566 regio
1282 2506 1392 2560 est;
1436 2494 1567 2567 pubi
1592 2512 1754 2567 genus
1776 2495 1844 2549 ab
1869 2498 2000 2549 Jove
2024 2514 2250 2554 summo.

693 2587 816 2655 Qua
839 2603 896 2639 se
917 2584 1078 2639 flabra
1103 2584 1263 2638 trucis
1285 2582 1458 2638 boreoe
1481 2602 1577 2657 per
1603 2584 1864 2657 inhospita
1895 2595 2044 2639 tcrrae

693 2682 931 2727 eructant
951 2672 1083 2727 coelo
1097 2710 1114 2736 ,
1138 2670 1348 2745 populis
1373 2681 1531 2745 caput
1549 2671 1920 2727 AEneadamm.

687 2761 824 2817 Alba
839 2761 1034 2817 dehinc
1062 2772 1238 2817 cautes
1259 2772 1336 2815 est
1363 2762 1650 2828 terminus;
1681 2763 1790 2816 hoec
1815 2761 1944 2817 freta
1965 2774 2183 2836 propter

567 2846 660 2923 (su)
684 2852 972 2906 Trinacriae
1004 2851 1197 2905 summi
1223 2852 1492 2921 consurgit
1521 2850 1686 2903 litoris
1713 2868 1826 2907 ora.

545 2945 657 2995 120
686 2939 1016 2994 Evolvuntur
1031 2940 1157 2993 item
1181 2938 1313 2993 vada
1337 2937 1440 2991 fusi
1459 2938 1648 2991 caerula
1673 2941 1821 3010 ponti
1842 2979 1858 3004 ,

683 3027 855 3081 insula
874 3045 979 3100 qua
1010 3028 1214 3100 Cyrnus
1248 3026 1416 3081 fluctu
1439 3025 1619 3079 inadet
1638 3026 1930 3093 alludente,

682 3115 852 3169 litoris
885 3114 1112 3169 ostriferi
1137 3113 1459 3186 protendens
1488 3113 1640 3167 latius
1675 3112 1896 3167 undam.

683 3203 1086 3275 Sardiniamque
1111 3202 1306 3255 dehinc
1326 3200 1489 3255 moles
1511 3201 1820 3254 circumflua
1843 3202 2005 3271 cingit

683 3293 914 3363 aequoris
933 3330 950 3357 ,
974 3301 1028 3344 et
1047 3307 1180 3343 cano
1198 3301 1447 3360 spumant
1473 3288 1606 3342 freta
1625 3290 1830 3341 concita
1853 3289 2016 3343 fluctu

542 3377 653 3429 12⁵
685 3380 828 3433 Hine
851 3378 1126 3450 Tyrrhena
1149 3376 1243 3429 sali
1267 3386 1393 3429 sunt
1415 3375 1626 3445 agmina
1642 3415 1656 3437 ,
1681 3392 1787 3447 qua
1808 3387 1964 3429 notus
1991 3394 2144 3429 axem

682 3464 939 3521 humidus
955 3464 1199 3530 inclinat;
1218 3482 1326 3535 qua
1343 3462 1438 3517 lux
1453 3480 1510 3517 se
1535 3480 1716 3516 rursus
1732 3480 1828 3517 coa

559 3545 652 3626 (ss)
685 3555 908 3626 emergit
931 3552 1114 3626 pelago
1131 3590 1146 3619 ,
1179 3551 1340 3607 Siculi
1369 3551 1529 3605 maris
1564 3561 1749 3605 aestuat
1771 3550 1912 3605 unda
1931 3590 1945 3615 ,

687 3643 1074 3716 obliquumque
1101 3642 1272 3714 quatit
1299 3658 1484 3713 gurges
1505 3641 1798 3714 protentior
1823 3638 1986 3693 altum

687 3748 858 3803 usque
883 3731 941 3784 in
969 3728 1139 3783 saxosi
1167 3728 1396 3801 Pachyni
1416 3726 1562 3799 juga.
1589 3726 1854 3782 Plurimus
1876 3726 2000 3780 inde

542 3827 654 3880 130
681 3820 742 3874 in
768 3820 980 3874 Cretam
1007 3817 1235 3872 trahitur
1256 3817 1406 3890 ponti
1432 3827 1627 3880 tumor,
1660 3816 1848 3887 hicque
1872 3824 2060 3887 procul
2085 3834 2140 3869 se

681 3908 901 3963 inclinat
920 3924 1076 3979 rupes
1091 3944 1108 3972 ,
1137 3915 1296 3977 atque
1322 3903 1478 3959 obvia
1509 3904 1753 3957 fluctibus
1777 3903 1893 3957 altis

680 3996 980 4069 ingreditur
1006 3994 1220 4068 pelagus
1245 3994 1505 4065 Gortynia
1527 3994 1719 4047 moenia
1735 3989 1905 4063 juxta,
1959 4015 1972 4028 ·

677 4104 740 4141 ae
771 4071 1168 4159 procumbentis
1191 4082 1298 4136 sola
1321 4091 1540 4154 propter
1558 4082 1774 4153 pinguia
1797 4082 2006 4135 Pha-sti.

674 4177 850 4230 Prona
867 4174 1001 4228 mari
1025 4182 1202 4227 cautos
1224 4168 1546 4235 extenditur,
1574 4180 1632 4223 ut
1658 4168 1800 4223 serus
1825 4186 1920 4222 ora

536 4272 646 4326 185
674 4273 755 4318 est
778 4262 912 4317 aries
929 4303 944 4329 ,
969 4260 1214 4332 ultroque
1241 4260 1448 4312 minans
1469 4257 1603 4330 petit
1619 4256 1776 4311 obvia
1800 4256 1974 4309 fronte

559 4341 644 4425 (00)
675 4351 907 4425 denique
932 4351 1008 4405 sic
1029 4348 1116 4404 olli
1142 4365 1338 4402 nomen
1367 4348 1514 4420 prior
1540 4344 1736 4400 indidit
1755 4356 1908 4410 aetas;

672 4460 772 4497 nec
801 4443 974 4495 minus
997 4439 1202 4493 Italiam
1227 4454 1395 4490 cornu
1421 4444 1717 4509 prospectat
1740 4434 1879 4487 acuti

675 4530 843 4585 litoris
859 4570 875 4595 ,
905 4538 958 4582 et
977 4524 1146 4599 rapidi
1168 4525 1424 4598 perflatur
1447 4523 1658 4597 ,Iapygis
1681 4532 1822 4576 ortu.

672 4620 814 4673 Hinc
849 4636 904 4671 se
929 4632 1109 4671 rursus
1140 4614 1290 4686 aquis
1314 4612 1613 4666 Hadriatico
1640 4626 1902 4663 marmora
1927 4606 2162 4663 fundunt

528 4708 642 4761 140
671 4706 728 4761 in
749 4704 965 4760 boream
985 4746 1000 4769 ,
1025 4703 1416 4775 zephyrumque
1441 4697 1633 4752 dehinc
1655 4697 1854 4751 deflexa
1873 4714 2160 4769 parumper

669 4795 775 4849 alta
805 4804 1020 4867 petunt,
1046 4808 1208 4845 rauco
1233 4790 1444 4862 penitus
1469 4787 1706 4865 repentia
1728 4785 1919 4851 fluctu;

666 4880 756 4936 hic
783 4882 932 4935 sinus
957 4880 1139 4933 Ionius
1166 4888 1417 4932 curvatur
1453 4874 1620 4929 litoris
1641 4884 1782 4939 acta,

535 4957 632 5039 (⁸⁸)
663 4970 878 5042 cespitis
907 4980 962 5023 et
987 4968 1181 5039 gemini
1206 4966 1355 5020 tellus
1377 4963 1692 5037 irrumpitur
1711 4961 1834 5016 alto.

659 5058 798 5112 Nam
822 5074 930 5129 qua
949 5056 1182 5110 caeruleis
1199 5064 1394 5127 pontus
1420 5070 1530 5107 sese
1549 5051 1730 5104 inserit
1751 5049 1904 5102 undis
1919 5086 1936 5113 ,

518 5148 630 5201 145
660 5146 834 5219 Illyris
861 5147 917 5200 in
943 5144 1140 5199 dextris
1169 5141 1356 5215 pandit
1379 5139 1680 5211 regionibus
1703 5154 1851 5208 agros
1868 5176 1885 5204 ,

659 5235 1080 5304 AEmathiamque
1107 5249 1268 5304 super
1293 5229 1457 5283 sulcat
1482 5244 1645 5300 genus
1665 5244 1783 5281 acre
1811 5225 2076 5290 virorum;

660 5321 996 5380 Ausonidum
1025 5321 1150 5375 laeva
1173 5329 1270 5374 est.
1296 5319 1436 5371 Hinc
1462 5316 1620 5387 longo
1645 5314 1833 5381 cespite
1855 5310 2007 5365 tellus

2338 892 2341 898 ,
2366 833 2628 907 Tyrrheni
2652 847 2731 890 cst
2756 836 2963 910 pelagi;
2994 857 3099 911 qua
3129 858 3185 895 se
3206 852 3364 896 notus
3393 845 3545 915 erigit
3560 846 3752 915 aethra,

1938 428 2130 491 RUFI
2181 432 2403 495 FESTI
2441 433 2713 498 Avmm

2369 562 2629 631 fimditur,
2665 577 2719 621 et
2750 570 2895 625 varia
2918 572 3239 647 populorum
3264 576 3407 647 pube
3434 578 3720 637 domantur

2368 671 2494 709 arva
2518 654 2636 711 soli.
2663 658 2829 712 Trina
2857 658 2971 715 haec
2994 662 3163 734 pelagi
3184 664 3535 721 circumtonat
3560 671 3705 727 unda
3734 690 3749 728 ε

2369 761 2493 797 nam
2528 763 2633 817 qua
2654 763 2712 800 se
2732 748 2945 820 zephyri
2967 749 3250 805 sustollunt
3272 753 3436 808 flabra
3452 795 3469 822 ,
3496 756 3825 829 profundum
3963 770 4069 823 151»

3982 868 4055 909 Ιω

2366 925 2611 980 Sicanum
2643 925 2746 980 late
2772 926 2945 981 fluitat
2964 945 3135 995 mare;
3164 946 3271 1001 qua
3296 932 3481 1003 procul
3506 944 3679 989 autem
3960 849 3977 929 ί
4054 856 4073 923 )

2366 1012 2531 1086 spirat
2558 1012 2627 1067 ab
2653 1014 2765 1069 eois
2786 1013 3006 1087 pulcher
3030 1016 3333 1087 regionibus
3360 1036 3519 1073 eurus
3534 1060 3551 1087 ,

2364 1102 2505 1155 Ionii
2524 1111 2651 1156 sunt
2677 1112 2821 1173 terga
2844 1102 2959 1160 sali.
2989 1104 3073 1158 Sic
3088 1104 3225 1169 Itala
3241 1105 3395 1160 tellus

2363 1200 2425 1245 ut
2450 1189 2780 1245 circumfusis
2805 1190 2939 1246 latus
2968 1191 3197 1266 amplum
3226 1194 3474 1250 lambitur
3498 1196 3674 1253 undis.

2362 1276 2539 1331 Efflua
2562 1287 2683 1349 post
2709 1277 2869 1332 Siculi
2896 1279 3057 1334 moles
3084 1280 3342 1336 evolvitur
3372 1284 3459 1337 alti
3478 1323 3493 1349 ,
3644 1276 3655 1288 '

2362 1367 2525 1438 inque
2550 1375 2739 1420 notum
2761 1366 2860 1421 late
2885 1366 3017 1423 vada
3047 1369 3195 1441 ponti
3221 1372 3406 1425 cerula
3424 1384 3640 1445 serpunt
3654 1415 3671 1441 ,

2362 1450 2534 1507 donec
2568 1470 2811 1507 arenosas
2836 1454 3074 1508 attollant
3098 1473 3310 1527 aequora
3338 1459 3539 1528 Syrtes,

2362 1539 2694 1614 infidamque
2716 1541 2815 1595 rati
2836 1553 3052 1597 tenuent
3072 1560 3215 1597 mare
3243 1561 3258 1600 :
3281 1544 3527 1615 languida
3549 1550 3745 1623 quippe

2360 1645 2571 1700 aequore
2590 1626 2703 1699 jam
2728 1627 2863 1683 fesso
2889 1647 3001 1683 sese
3022 1629 3184 1684 trahit
3208 1630 3351 1685 unda
3379 1651 3474 1704 per
3494 1634 3695 1692 ambas.

2360 1718 2679 1789 Cretaeisque
2688 1716 2831 1789 jugis
2846 1758 2863 1783 ,
2888 1720 2977 1772 vix
3002 1719 3178 1791 Syrtes
3200 1720 3337 1773 inter
3364 1720 3634 1788 oberrans,

2356 1806 2590 1878 parcior,
2622 1817 2677 1861 et
2705 1808 2851 1860 tenui
2875 1817 3165 1879 praetexens
3190 1808 3297 1863 ima
3323 1808 3541 1866 fluento.

2354 1894 2629 1949 Montibus
2653 1894 2722 1949 ab
2746 1894 2932 1952 Siculis
2954 1895 3094 1967 capit
3111 1905 3286 1950 autem
3316 1913 3483 1967 prona
3505 1908 3753 1955 meatum.

2356 1986 2561 2039 Rursus
2580 1983 2649 2037 ab
2674 1982 2815 2037 Idaea
2840 1983 3142 2039 Salmonide
3167 1985 3392 2055 porrigit
3428 2002 3613 2056 aequor

2353 2089 2410 2125 se
2435 2072 2705 2143 geminum
2734 2087 2747 2124 :
2773 2081 2946 2127 nautae
2974 2070 3224 2124 Pharium
3246 2068 3431 2125 dixere
3451 2070 3807 2143 profundum,

2353 2156 2499 2230 quod
2527 2156 2715 2229 procul
2740 2158 2799 2210 in
2822 2156 2985 2211 Casiae
3011 2157 3177 2227 vergit
3201 2156 3433 2211 confinia
3454 2160 3651 2225 cautis;

2348 2245 2659 2318 Sidoniique
2685 2244 2879 2299 dehinc
2902 2243 3005 2300 late
3026 2245 3146 2299 salis
3170 2250 3355 2301 aestuat
3382 2245 3523 2299 unda
3538 2286 3555 2313 ,

2348 2334 2539 2388 Issicus
2562 2331 2852 2387 immodico
2877 2330 3050 2387 donec
3069 2331 3216 2385 sinus
3238 2349 3332 2385 ore
3356 2342 3585 2404 patescat
3602 2373 3619 2399 ,

2348 2421 2573 2493 aequoris
2596 2429 2651 2474 et
2668 2420 2835 2474 nostri
2859 2420 2929 2473 sit
2952 2420 3241 2484 terminus,
3264 2436 3389 2472 arva
3416 2419 3508 2473 ubi
3536 2420 3639 2474 late

2346 2507 2567 2581 pinguia
2592 2506 2828 2579 proceris
2854 2506 3078 2560 Cilicum
3107 2514 3379 2559 versantur
3403 2507 3607 2560 aratris.

2344 2599 2522 2653 Curva
2546 2595 2656 2651 salo
2680 2594 2851 2650 forma
2871 2605 2983 2661 est;
3012 2592 3141 2647 binc
3159 2610 3271 2646 sese
3298 2610 3560 2648 marmora
3582 2596 3731 2667 ponti

2344 2688 2401 2741 in
2426 2684 2718 2759 zephyrum
2740 2692 3022 2756 torquent,
3052 2699 3113 2735 ac
3135 2680 3277 2735 flexu
3299 2681 3533 2735 lubricus
3558 2697 3699 2737 eia-at

2342 2791 2530 2845 gurges
2544 2812 2561 2839 ,
2582 2783 2636 2826 et
2652 2789 2831 2826 exesas
2846 2769 3078 2825 illabitur
3100 2768 3241 2823 unda
3265 2769 3491 2827 lacunas.

2341 2863 2428 2918 Sic
2450 2862 2750 2916 virosorum
2772 2858 2974 2933 prolixa
3000 2857 3271 2912 volumina
3300 2876 3411 2912 sese

2342 2960 2533 3023 sponte
2565 2957 2885 3001 cerastarum
2915 2944 3053 2999 sacili
3078 2945 3177 2999 sub
3204 2945 3401 2999 viscere
3428 2956 3647 3000 curvant
3670 2985 3685 3008 ,

2341 3038 2419 3090 sic
2436 3036 2602 3107 spiras
2620 3033 2811 3087 crebro
2840 3031 3015 3085 sinuat
3044 3030 3206 3084 draco
3225 3069 3241 3095 ,
3266 3048 3427 3101 seque
3450 3028 3531 3083 vel
3554 3030 3683 3083 orbe

2343 3123 2541 3194 colligit
2560 3120 2817 3176 inclinans
2830 3158 2847 3185 ,
2867 3119 2949 3173 vel
2970 3119 3153 3192 pronis
3177 3118 3385 3188 agmina
3405 3117 3559 3187 longe

2342 3209 2599 3266 tractibus
2620 3206 2843 3261 absolvit
2874 3221 2889 3258 ε
2922 3204 3111 3258 stridet
3127 3220 3315 3257 nemus
3336 3201 3571 3274 undique
3590 3212 3759 3255 totum
3776 3241 3793 3269 ,

2340 3294 2592 3369 pestifero
2618 3293 2801 3347 afflatu
2822 3308 3036 3363 serpens
3058 3308 3217 3360 vagus
3235 3290 3479 3361 inquinat
3500 3288 3741 3343 aethram.

2338 3380 2497 3437 Haud
2515 3396 2665 3434 secus
2682 3378 2867 3451 illapso
2887 3386 3229 3450 penetrantur
3246 3376 3399 3429 litora
3420 3375 3610 3445 fluctu,

2338 3480 2391 3524 et
2414 3484 2629 3523 rursum
2651 3463 2801 3519 tellus
2824 3464 2923 3517 init
2950 3479 3190 3533 aequora3
3211 3458 3351 3532 jugis
3386 3459 3583 3531 ubique

2336 3555 2568 3627 mugitus
2590 3550 2774 3625 pelago
2792 3559 2897 3615 cst,
2918 3548 3117 3620 gemitu
3138 3547 3251 3602 loca
3272 3557 3463 3601 cuncta
3484 3546 3755 3602 resultant.

2334 3646 2589 3701 Imminet
2611 3642 2701 3697 bic
2726 3641 2828 3695 late
2859 3637 3198 3712 Pamphylia,
3227 3636 3425 3691 subluit
3454 3636 3558 3690 illic

2334 3732 2480 3788 unda
2502 3728 2867 3796 Chelidonias,
2902 3727 3095 3781 illisum
3122 3734 3418 3779 murmurat
3446 3742 3643 3796 aequor,

3961 1210 4063 1261 155

3943 2958 4045 3009 175

2334 3824 2526 3897 saepius
2556 3830 2610 3875 et
2644 3818 2830 3874 crebra
2856 3825 3198 3889 spumescant
3222 3832 3434 3886 aequora
3457 3831 3607 3887 rupe.
3934 3820 4035 3870 185

2330 3909 2615 3964 Terminus
2636 3906 2729 3961 bic
2754 3915 2929 3960 cautes
2951 3900 3238 3958 Patareidis
3260 3900 3457 3954 eminet
3483 3902 3639 3965 arcis,

2329 4015 2394 4052 ac
2413 4012 2628 4049 rursum
2665 3994 2723 4047 in
2750 3991 3037 4064 zephyrum
3062 3986 3194 4041 vada
3214 3997 3379 4040 semet
3400 3985 3593 4040 merula
3610 3996 3853 4040 curvant.

2400 4082 2505 4136 Hic
2528 4079 2649 4134 salis
2674 4078 2832 4149 AEgaei
2852 4086 3049 4131 tractus
3067 4083 3215 4128 tonat
3230 4112 3247 4138 ,
3270 4074 3432 4145 inque
3464 4073 3645 4126 Bootis
3922 4062 4037 4144 (13⁰)

2327 4168 2562 4241 plaustra
2580 4165 2777 4220 dehinc
2795 4159 2966 4236 rapidi
2988 4161 3273 4215 fleetuntur
3292 4176 3557 4237 marmora
3590 4158 3745 4212 Nerei
3761 4196 3779 4223 ,

3927 4256 3944 4302 l
3958 4252 3989 4301 9
3998 4251 4029 4301 0

2327 4258 2526 4313 saxosis
2549 4252 2847 4329 Sporadum
2864 4268 3001 4324 saepe
3019 4248 3338 4304 obluctantia
3356 4248 3486 4320 ripis
3517 4265 3531 4302 ι

2324 4365 2437 4403 non
2460 4343 2606 4400 aliud
2630 4353 2777 4397 tanta
2801 4338 3079 4411 consurgit
3102 4338 3243 4391 mole
3264 4334 3619 4409 profundum,

2322 4454 2435 4491 non
2461 4435 2537 4489 sic
2564 4449 2730 4486 curva
2750 4430 2933 4483 Thetis
2969 4428 3137 4481 fluctu
3164 4434 3355 4480 tumet.
3376 4424 3620 4477 Extimus
3642 4420 3732 4475 olli

2322 4524 2380 4577 in
2397 4519 2679 4576 Tenedum
2706 4534 2889 4571 cursus
2910 4555 2925 4582 ,
2946 4513 3116 4587 pelagi
3151 4521 3306 4585 caput
3334 4510 3519 4582 incipit
3533 4507 3741 4563 Imbro.

2324 4607 2546 4681 Cespitis
2568 4605 2696 4660 hinc
2713 4602 2867 4678 proni
2885 4598 3207 4675 protendens
3232 4597 3389 4651 dorsa
3406 4594 3688 4667 Propontis

2320 4695 2532 4751 flatibus
2558 4710 2625 4747 ex
2643 4690 2817 4746 boreae
2844 4688 3085 4763 tepidum
3108 4683 3411 4760 procumbit
3427 4684 3483 4736 in
3501 4692 3769 4747 austrum,

2319 4787 2696 4853 immensaeque
2722 4778 2859 4835 Asiae
2880 4774 3103 4851 populos
3123 4774 3214 4828 alit
3228 4772 3395 4826 ubere
3422 4780 3593 4825 terrae.

2317 4872 2459 4927 Hinc
2484 4880 2623 4924 artas
2645 4868 2783 4922 inter
2808 4863 2983 4919 fauces
3011 4871 3169 4932 atque
3192 4858 3346 4913 obvia
3367 4874 3489 4910 saxa

2316 4960 2577 5015 Thracius
2597 4965 2841 5027 angustas
2862 4948 3113 5005 discludit
3132 4950 3401 5019 Bosporus
3420 4960 3537 4997 oras
3554 4982 3571 5009 ,

2316 5046 2583 5118 Bosporus
2603 5041 2832 5097 Inaebioe
2862 5036 3143 5091 subvector
3170 5030 3387 5103 virginis
3422 5028 3565 5085 olim.

2312 5132 2451 5187 Nam
2476 5129 2649 5183 vicina
2668 5126 2767 5181 sibi
2784 5134 2923 5179 stant
2944 5122 3099 5177 litora
3112 5160 3131 5187 ,
3156 5130 3401 5189 terraque
3420 5114 3565 5187 parci

2316 5218 2554 5275 saucibus
2572 5218 2679 5271 oris
2708 5216 2818 5269 hiat
2830 5254 2845 5281 ,
2869 5228 3095 5285 pronam
3111 5208 3255 5262 sinus
3272 5206 3468 5260 evomit
3489 5199 3689 5256 undam
3710 5216 3727 5257 2

2311 5306 2555 5366 proxima
2577 5322 2685 5355 non
2708 5302 2831 5352 alibi
2861 5308 3068 5351 tantum
3086 5294 3313 5347 divortia
3332 5308 3515 5345 cernas

3905 5120 4020 5172 200
