4584 6284
1495 404 1598 462 DE
1633 399 1976 462 ⁰101*st
2015 398 2381 460 BYzAN'm
2423 399 2732 458 ANAPLO
2771 396 3114 459 Bospom.
3848 417 3889 462 v

717 554 784 598 ιιι
825 533 986 597 Βιιιι.
1025 551 1116 612 gr.
1166 533 1290 596 vol.
1332 534 1414 595 IV
1457 539 1520 596 et
1561 532 1888 596 Hudsonus
1928 530 1992 593 in
2032 534 2254 611 Geogr.
2350 535 2657 602 strantur;
2695 526 2842 591 inde
2869 528 3038 590 enim
3064 526 3479 606 colligendum
3514 546 3651 592 esse
3677 536 3890 594 censet

711 621 868 684 min.
895 629 1048 684 tom.
1076 623 1184 697 1v3
1232 639 1432 702 nuper
1460 619 1722 702 denique
1763 637 1798 682 a
1830 618 1992 682 vitiis
2031 617 2258 701 quibus

719 707 1042 788 squalebat
1063 715 1396 790 purgatum
1421 726 1544 772 una
1565 725 1708 771 cum
1737 706 1960 770 ceteris
1983 705 2256 787 Dionysii

715 795 1079 873 fragmentis
1123 793 1298 858 dedit
1340 792 1730 858 doctissimus
1777 794 1938 856 Orro
1980 794 2260 854 Fmoxms

721 883 742 960 (
761 886 1048 962 Dionysii
1073 884 1365 960 Byzantii
1383 883 1681 962 Anoplum
1705 884 1958 961 Bospori
1971 901 2052 944 ex
2077 883 2258 944 Gillio

705 976 1062 1048 excerptum
1086 969 1276 1033 edidit
1297 976 1354 1032 et
1379 972 1703 1032 illustravit-
1723 971 1860 1033 octo
1885 971 2117 1044 Frielr„
2145 971 2251 1030 Dr.

705 1057 872 1138 phil.
884 1059 1131 1120 Accedit
1149 1060 1354 1120 tabula
1367 1059 1804 1139 qeoqmphieo,·
1825 1061 2036 1134 Wesel,
2057 1061 2252 1133 1860).

796 1145 897 1206 Ad
928 1144 1130 1229 ipsum
1149 1147 1280 1228 jam
1309 1145 1598 1228 pervenio
1633 1145 1994 1228 Dionysium
2015 1194 2032 1221 ,
2057 1145 2164 1228 qui
2193 1145 2256 1207 in

720 1232 942 1297 Lexico
975 1233 1266 1301 Suidiano
1297 1241 1592 1318 tanquam
1636 1237 1878 1304 εποποιὸς
1915 1235 2076 1300 inter
2101 1235 2257 1298 alios

726 1319 876 1384 duos
904 1321 1200 1395 tammus,
1218 1322 1580 1405 Dionysium
1601 1323 2018 1407 Mytilenaeum
2035 1330 2098 1387 et
2119 1323 2260 1392 Dio-

725 1408 958 1558 ιιγειιιιέι
981 1408 1384 1490 Corinthium,
1405 1410 1651 1474 medius
1681 1419 2066 1475 memoratur
2089 1411 2257 1474 hunc

724 1514 783 1557 m
809 1513 910 1558 mo
955 1516 1107 1560 um:

791 1582 1056 1652 Διονύσιος
1085 1588 1400 1662 Βυζάντιος,
1431 1588 1698 1655 ἕποποιός·
1729 1587 2054 1670 ssipi-&mciv
2085 1593 2174 1646 τοῦ
2201 1589 2255 1646 ἓν

717 1674 786 1754 τῷ
827 1674 1081 1753 Βοσπόρῳ
1119 1674 1382 1735 ἀνάπλου-
1408 1677 1530 1756 περὶ
1561 1675 1762 1756 θρήνων
1791 1677 1931 1753 (ἔστι
1957 1675 2014 1734 δὲ
2053 1673 2257 1752 ποίημα

717 1759 901 1824 μεστὸν
926 1761 1232 1834 inimicitas
1247 1761 1283 1839 ).

789 1849 1061 1923 Quorum
1091 1849 1350 1931 quidem
1397 1849 1586 1913 tidem
1623 1860 1688 1914 et
1732 1851 2159 1914 auctoritatem
2193 1848 2254 1912 in

710 1941 874 1998 tanta
921 1937 1382 2018 perturbatione
1428 1958 1551 2022 qua
1599 1948 1766 2004 totus
1817 1939 1924 2002 ille
1965 1937 2044 2002 de
2074 1937 2255 2000 variis

709 2024 1014 2106 Dionysiis
1050 2026 1215 2108 apud
1245 2027 1502 2090 Suidam
1530 2027 1702 2090 locus
1721 2027 1992 2106 laborat,
2015 2023 2257 2108 perexi-

711 2131 895 2192 guam
931 2131 1066 2176 esse
1095 2113 1345 2178 dixeris.
1369 2118 1506 2180 Huc
1525 2115 1770 2178 accedit
1787 2113 1959 2198 quod
1984 2119 2126 2196 post
2151 2130 2256 2175 vo-

715 2220 848 2269 cem
881 2205 1120 2271 ἐποποιός
1166 2204 1431 2268 offendit
1467 2205 1704 2268 mentio
1735 2205 2026 2276 Ἀνάπὶω,
2067 2219 2252 2286 quem

710 2289 984 2354 oratione
1017 2291 1216 2356 soluta
1246 2293 1548 2373 scriptum
1593 2311 1730 2355 esse
1776 2297 2048 2366 constat,
2097 2289 2254 2356 adeo

711 2385 804 2452 ut,
865 2378 918 2440 si
958 2396 1176 2460 reapse
1231 2379 1454 2461 Anapli
1500 2388 1717 2443 auctor
1773 2378 1961 2442 etiam
2017 2377 2258 2458 poetica

709 2464 1090 2546 composuit,
1113 2466 1497 2530 censendum
1520 2467 1602 2529 sit
1627 2472 1768 2548 post
1783 2483 2000 2528 vocem
2023 2465 2254 2524 ἀνάπλου

701 2550 1012 2616 excidisse
1033 2553 1225 2620 verba
1243 2561 1402 2614 τοῦτο
1425 2555 1484 2614 δέ
1503 2557 1614 2614 ἐστι
1635 2555 1788 2622 πεζόν
1801 2599 1820 2627 ,
1839 2552 2020 2616 sicuti
2040 2551 2256 2614 eadem

708 2639 963 2718 subjicit
989 2639 1244 2720 scriptis
1283 2639 1658 2722 quibusdam
1698 2639 1990 2722 Dionysio
2017 2638 2256 2721 Mytile-

703 2743 841 2790 naeo
869 2733 1074 2808 poetae
1101 2727 1431 2792 attributis,
1471 2730 1540 2790 In
1571 2728 1978 2811 sequentibus
2001 2748 2116 2811 pro
2135 2729 2256 2809 περὶ

701 2815 899 2896 θρήνων
946 2815 1348 2896 exspectabas
1399 2821 1584 2901 θρῆνον
1593 2841 1613 2892 3
1655 2835 1860 2900 quare
1909 2815 2120 2881 nescio
2177 2836 2255 2881 an

701 2901 854 2967 olim
893 2903 1198 2986 scriptum
1238 2905 1429 2969 fuerit
1485 2924 1501 2969 ι
1551 2905 1822 2974 ἐποποιός·
1861 2907 2254 2967 τοῦ...ᾶνάπλου

700 2987 1062 3074 περι[ήγησιν]
1082 3015 1100 3030 ·
1170 2997 1378 3074 θρῆνον.
1441 2995 1832 3077 Quamquam
1897 2993 2059 3057 bene
2123 2993 2252 3056 scio

701 3081 1136 3160 grammaticos
1177 3089 1241 3144 et
1267 3081 1631 3146 scholiastas
1659 3083 1724 3144 in
1771 3081 1950 3145 libris
1990 3081 2252 3145 citandis

699 3183 849 3231 voce
879 3169 1000 3246 περὶ
1037 3168 1304 3232 subinde
1332 3170 1524 3233 abuti.

778 3251 874 3315 Ad
921 3262 1170 3319 aetatem
1213 3257 1488 3338 Dionysii
1552 3256 1986 3320 definiendam·
2030 3274 2250 3337 parum

700 3339 932 3404 faciunt
953 3360 1150 3422 pauca
1177 3343 1285 3405 illa
1309 3363 1448 3424 quae
1470 3345 1532 3407 in
1559 3344 1798 3425 Anaplo
1828 3351 2253 3406 memorantur

701 3427 998 3492 historica
1039 3429 1142 3510 (1).
1189 3430 1605 3494 Novissimum
1637 3449 1854 3494 eorum
1893 3438 1987 3492 est
2020 3431 2098 3494 dc
2141 3451 2252 3493 ara

701 3519 1000 3598 Apollinis
1027 3523 1093 3584 in
1121 3521 1378 3599 Cyaneis
1405 3539 1444 3582 a
1467 3523 1752 3582 Romanis
1768 3528 1996 3582 statuta
2028 3519 2123 3603 (fr.
2147 3524 2246 3598 53,

699 3624 763 3686 p.
809 3605 960 3684 64),
1006 3624 1147 3688 quae
1197 3607 1490 3710 Pompeii
1521 3608 1909 3692 temporibus
1947 3609 2255 3693 antiquior

703 3709 839 3754 esse
868 3693 968 3756 vix
995 3695 1213 3775 potuit.
1242 3696 1392 3759 His'
1376 3696 1528 3779 ipsis
1556 3695 1844 3778 Pompeii
1865 3696 2252 3778 temporibus

703 3779 1028 3861 scripsisse
1085 3785 1414 3858 Nostrum,
1461 3783 1695 3867 quippe
1729 3781 1838 3866 qui
1889 3803 1926 3846 a
1961 3783 2253 3865 Dionysio

707 3867 940 3930 Thrace
977 3870 1382 3948 grammatico
1407 3889 1534 3934 non
1567 3871 1848 3935 diversus
1887 3891 2022 3936 esse
2053 3873 2257 3936 videa-

705 3961 828 4030 tur,
859 3957 1218 4037 conjectura
1245 3960 1328 4039 (2)
1371 3966 1466 4022 est
1501 3959 1802 4024 Dodwelli
1831 3961 1932 4041 (in
1971 3961 2248 4024 Hudson.

705 4046 774 4106 G.
809 4045 892 4105 M.
929 4051 972 4105 t.
1011 4045 1112 4124 111,
1145 4065 1207 4126 p.
1239 4047 1390 4126 22),
1436 4065 1622 4130 quam
1650 4047 2070 4110 futilissimam
2119 4066 2254 4111 esse

697 4130 838 4208 J'ure
866 4131 1094 4195 merito
1123 4131 1280 4196 dicit
1305 4133 1735 4214 Bernhardyus
1757 4135 1844 4215 (in
1869 4133 2114 4214 Dionys.
2141 4137 2258 4197 Pe-

705 4217 855 4298 rieg.
895 4238 957 4300 p.
985 4221 1169 4297 492),
1221 4221 1303 4283 ad
1331 4221 1455 4285 hoc
1500 4222 1704 4303 potius
1752 4221 1860 4284 ille
1901 4222 2132 4284 attendi
2160 4223 2258 4303 ju·

705 4305 895 4386 henS,
924 4306 1098 4390 quod
1138 4309 1308 4372 nulla
1343 4308 1680 4372 uberrimae
1720 4317 1950 4374 nostrae
1990 4312 2256 4390 periege-

703 4410 844 4456 seos
913 4395 1150 4458 mentio
1223 4397 1294 4459 tit
1367 4396 1536 4478 apud
1610 4396 1832 4460 doctos
1901 4396 2258 4461 scholiastes

705 4483 1016 4564 Apollonii
1041 4483 1266 4547 Rhodii
1287 4485 1350 4547 in
1376 4504 1451 4548 ea
1471 4485 2062 4549 commentariorum
2089 4493 2258 4567 parte

707 4589 826 4651 qua
852 4573 1346 4651 Argonautarum
1375 4575 1566 4637 resin
1601 4575 1880 4655 Bosporo
1903 4582 2092 4654 gestae
2120 4575 2260 4637 illu—

772 4793 838 4854 (1)
863 4791 1146 4854 Byzantium
1177 4804 1206 4841 a
1227 4791 1446 4857 Philippo
1473 4793 1750 4850 obsessum
1772 4793 1832 4842 fr.
1869 4798 1948 4854 28,
1976 4807 2024 4858 p.
2050 4798 2130 4855 343
2157 4797 2262 4846 t‘to-

707 4861 913 4912 lemaeus
937 4863 1004 4921 11,
1037 4861 1098 4910 fr.
1133 4865 1210 4923 28,
1248 4874 1296 4926 p.
1319 4867 1412 4922 34,
1439 4864 1624 4914 Galatas
1661 4865 1850 4914 Fanum
1884 4865 2148 4915 Asiaticum
2179 4879 2262 4930 po·

708 4929 863 4994 pulati
888 4933 940 4981 et
957 4930 1244 4984 Callimedes
1258 4933 1446 4984 Seleuci
1463 4937 1510 4984 11
1529 4933 1645 4995 dux,
1665 4935 1724 4984 fr.
1747 4938 1826 4995 58,
1854 4947 1902 4997 p.
1935 4939 2011 4986 75.

771 5000 840 5062 (2)
878 5001 1080 5051 Temere
1112 5014 1218 5052 eam
1257 5001 1553 5066 repetierunt
1589 5003 1854 5054 Schneider
1887 5003 1952 5054 ad
1987 5005 2158 5055 AElian.
2195 5007 2256 5056 Η.

709 5073 801 5120 An.
825 5073 874 5130 7,
895 5073 924 5120 4
953 5074 1006 5121 et
1034 5071 1274 5121 Bredow’
1259 5085 1310 5122 ιιι
1339 5073 2261 5140 EpistolisParisinis,p.15.2o4.De

709 5139 938 5205 Dionysio
994 5139 1181 5193 Thrace
1251 5141 1358 5195 side
1412 5143 1742 5196 doctissimam
1802 5145 2258 5197 commentationem

711 5213 762 5262 Μ
812 5211 1638 5279 SchmidtiiinPhilologitom.V11
1663 5217 1865 5267 etuti.

2350 613 2671 697 scripsisse
2698 614 3061 696 Dionysium
3090 619 3229 694 post
3248 620 3495 696 tempus
3511 633 3635 698 quo
3655 615 3893 678 scholia

2347 701 2463 765 ista
2490 707 2837 782 composita
2862 700 3005 764 sint.
3038 701 3127 763 De
3160 701 3279 764 hoc
3296 707 3503 764 autem
3520 720 3715 784 quum
3738 703 3891 766 olim

2348 797 2559 871 aperte
2589 789 2744 852 falsa
2770 787 3217 871 proferrentur,
3250 807 3414 854 nunc
3456 789 3541 852 ita
3576 791 3688 852 viri
3722 791 3891 854 docti

2349 882 2650 954 statuunt,
2674 886 2747 941 ut
2772 877 2971 956 maior
2988 894 3061 938 ac
3086 875 3328 940 doctior
3350 876 3727 942 scholiorum
3748 899 3892 961 pars

2349 965 2611 1029 collecta
2654 965 2735 1028 sit
2778 964 2989 1028 seculo
3036 971 3177 1047 post
3219 964 3529 1028 Christum
3591 967 3887 1032 secundo.

2348 1051 2537 1133 Igitur
2563 1053 2703 1116 Otto
2744 1051 3023 1115 Frickius
3064 1050 3373 1134 Anaplum
3422 1051 3725 1135 scriptum
3754 1074 3892 1119 esse

2351 1145 2523 1221 putat
2566 1149 2827 1204 exeunte
2872 1141 3087 1204 seculo
3133 1138 3407 1203 secundo
3460 1149 3601 1204 ante
3658 1161 3893 1207 annum

2349 1234 2485 1308 196,
2522 1249 2648 1314 quo
2667 1229 3027 1312 Byzantium
3052 1231 3179 1292 tere
3200 1235 3397 1294 totum
3422 1231 3756 1312 Septimius
3783 1235 3889 1297 Se-

2348 1337 2527 1382 verus
2566 1318 2816 1396 evertit3
2864 1335 3013 1381 nam
3044 1323 3186 1400 post
3220 1317 3333 1381 has
3369 1317 3545 1382 urbis
3572 1319 3781 1388 ruinas
3822 1321 3896 1384 li-

2351 1406 2532 1470 brum
2560 1427 2687 1471 non
2716 1426 2851 1472 esse
2870 1407 3107 1470 editum
3130 1425 3207 1470 ex
3228 1409 3647 1480 monumentis
3666 1411 3897 1492 Byzan-

2350 1495 2448 1572 tii,
2472 1514 2614 1576 quae
2641 1496 2703 1558 in
2724 1495 2965 1576 Anaplo
2988 1501 3431 1570 memorantur,
3456 1495 3889 1576 demonstrari,

2348 1593 2667 1664 praeeunte
2711 1583 2915 1659 Gillio,
2949 1583 3178 1666 saepius
3220 1582 3335 1646 viri
3380 1584 3549 1648 docti
3590 1603 3897 1648 assevera-

2350 1678 2495 1734 runt
2550 1675 2657 1754 (υς
2720 1678 2786 1733 at
2845 1671 3145 1753 quaeritur
3188 1689 3339 1734 num
3395 1680 3597 1748 recte;
3658 1671 3897 1735 scilicet

2348 1779 2419 1823 ea
2447 1779 2575 1824 orae
2604 1778 2747 1840 pars
2786 1778 2927 1842 quae
2956 1759 3035 1822 ad
3080 1759 3435 1842 Byzantium
3473 1750 3777 1842 pertinet,
3809 1759 3897 1822 ita

2348 1846 2740 1924 describitur,
2791 1854 2861 1910 ut
2908 1854 3155 1930 tempus
3192 1846 3497 1910 indicetur
3544 1867 3670 1931 quo
3720 1855 3895 1912 vetus

2344 1935 2702 2017 Byzantium
2724 1940 2849 2015 jam
2874 1935 3161 2015 jacuerit,
3194 1935 3461 1999 necdum
3486 1953 3642 1999 nova
3670 1937 3821 2000 urbs
3859 1954 3895 2000 :2

2346 2023 2540 2088 ruinis
2606 2023 2961 2088 surrexerit.
3022 2045 3051 2082 «
3108 2023 3235 2088 Sub
3292 2025 3531 2107 templo
3587 2026 3889 2108 Neptuni,

2349 2112 2675 2193 Dionysius
2693 2110 2895 2194 inquit
2914 2112 3017 2191 (fr.
3036 2115 3099 2191 9,
3124 2131 3186 2192 p.
3211 2116 3288 2175 22
3307 2111 3325 2196 )
3344 2157 3361 2188 ,
3381 2112 3543 2175 intra
3562 2112 3734 2175 urbis
3758 2132 3894 2177 mu-

2347 2219 2557 2264 rum...
2606 2207 2775 2263 erant
2818 2199 3019 2264 stadia
3068 2209 3130 2264 et
3172 2201 3561 2283 gymnasia...
3610 2199 3891 2265 Primum

2346 2287 2838 2370 promontorium
2874 2290 3256 2370 excipiebant
3298 2296 3423 2352 tres
3452 2298 3667 2371 portus
3686 2335 3703 2368 ,
3734 2309 3893 2373 quo-

2344 2396 2483 2440 rum
2528 2376 2775 2440 medius
2807 2377 2954 2440 satis
2984 2376 3327 2458 profundus
3366 2396 3403 2440 a
3438 2377 3663 2440 ceteris
3692 2378 3893 2440 ventis

2344 2463 2686 2545 tegebatur,
2729 2463 2809 2525 ab
2852 2463 3059 2526 Africo
3105 2470 3273 2527 tutus
3300 2482 3427 2527 non
3474 2473 3619 2528 erat.
3654 2466 3892 2532 Deinde

2345 2549 2531 2613 turris
2564 2551 2907 2614 continenti
2920 2553 3217 2631 junqebat
3244 2552 3415 2614 urbis
3458 2553 3704 2619 moenia.
3743 2557 3895 2620 Post

2346 2645 2477 2699 erat
2503 2637 2805 2718 templum
2821 2638 3150 2700 Telluris...
3182 2638 3393 2702 Paullo
3418 2658 3604 2722 supra
3629 2643 3891 2706 Telluris

2348 2724 2547 2788 aedem
2590 2733 2763 2786 erant
2790 2725 3023 2807 templa
3058 2726 3293 2789 Cereris
3322 2734 3385 2789 et
3411 2729 3819 2809 Proserpinae.
3850 2754 3881 2790 ι»

2347 2815 2493 2876 Haec
2522 2813 2710 2894 igitur
2756 2813 2840 2876 ita
2868 2813 3100 2877 habent
3137 2821 3207 2878 ut.
3246 2813 3443 2878 stadia
3486 2823 3551 2878 et
3576 2820 3894 2899 gymnasia

2344 2907 2492 2964 tunc
2514 2901 2751 2982 diruta,
2773 2908 2987 2982 portus
3012 2903 3259 2966 inutiles
3284 2901 3499 2980 factos,
3533 2907 3763 2972 moenia
3781 2908 3893 2973 de-

2336 2990 2505 3068 jecta
2528 2997 2819 3071 putemus
2838 3009 2854 3064 ;
2884 3007 3091 3070 neque
3114 3007 3361 3054 causam
3396 2991 3575 3056 video
3611 3013 3723 3057 eur
3745 3015 3891 3060 cum

2342 3077 2587 3140 Frickio
2616 3083 2957 3140 statuamus
2988 3096 3103 3158 per
3130 3077 3369 3158 lapsum
3402 3080 3713 3159 quendam
3751 3101 3895 3146 nar-

2344 3164 2597 3228 rationis
2638 3163 2870 3227 factum
2906 3183 3041 3228 csse
3090 3165 3517 3246 ut.Dionysius
3548 3169 3641 3230 vel
3674 3170 3895 3234 Gillius

2342 3251 2589 3313 illarum
2621 3269 2832 3314 rerum
2862 3259 3157 3332 tanquam
3200 3253 3651 3332 praeteritarum
3686 3275 3895 3320 recor—

2342 3337 2610 3400 daretur.
2652 3341 2809 3400 Nam
2836 3339 3006 3419 quod
3035 3342 3100 3402 in
3133 3338 3311 3402 clade
3338 3350 3645 3422 praesente
3674 3343 3753 3405 de
3789 3362 3896 3407 au·

2343 3431 2513 3488 ctore
2550 3426 2686 3506 ejus
2725 3423 3065 3489 saevissimo
3093 3425 3280 3490 verba
3325 3428 3531 3490 facere
3563 3430 3893 3512 Dionysius

2344 3513 2561 3577 inutile
2608 3512 2886 3591 duxerit,
2926 3514 3013 3592 id,
3057 3515 3300 3597 opinor,
3348 3533 3473 3579 non
3504 3515 3691 3580 habet
3722 3519 3895 3601 quod

2344 3601 2665 3666 miremur.
2695 3603 2895 3678 Quum
2914 3621 3061 3667 vero
3072 3607 3262 3704 ,θρῆνον
3286 3602 3613 3704 Dionysius
3641 3625 3896 3690 compo—

2344 3689 2569 3765 suerit,
2612 3697 2833 3771 sponte
2857 3689 3131 3772 suspicio
3155 3691 3424 3754 nascitur
3460 3702 3894 3772 argumentum

2343 3780 2477 3859 ejus
2504 3787 2815 3841 versatum
2864 3797 3001 3842 csse
3047 3779 3113 3841 in
3142 3778 3279 3860 ipso
3313 3779 3421 3841 illo
3464 3781 3895 3862 Byzantiorum

2344 3864 2714 3939 infortunio,
2759 3882 2831 3926 ac
2874 3863 3275 3929 adornatione
3322 3865 3590 3930 similem
3637 3869 3896 3934 sortasse

2346 3953 2535 4016 ruisse
2565 3953 2621 4014 ei
2660 3969 2847 4032 quem
2890 3952 3207 4034 aliquanto
3252 3961 3393 4036 post
3432 3955 3787 4019 Soterichus
3815 3957 3896 4020 de

2346 4038 2573 4101 Thebis
2602 4039 2683 4101 ab
2710 4037 3062 4101 Alexandro
3092 4040 3313 4102 dirutis
3342 4041 3761 4119 concinnavit,
3790 4063 3899 4106 cu-

2340 4127 2566 4208 jusque
2602 4133 2842 4208 partem
2874 4125 2938 4186 in
2985 4125 3589 4191 Pseudocallisthcue
3640 4131 3730 4210 (1,
3773 4131 3892 4206 45)

2346 4213 2651 4276 habemus
2685 4211 3105 4293 superstitem.

2412 4371 2479 4433 (t)
2516 4371 2689 4421 emtus
2711 4370 2776 4421 ad
2814 4371 2875 4422 fr.
2901 4377 2998 4422 85.
3032 4371 3249 4433 «Neque
3282 4370 3441 4421 solum
3472 4383 3536 4421 ex
3560 4369 3639 4422 his
3666 4373 3899 4438 Stephani

2350 4439 2513 4492 verbis
2546 4441 2627 4504 (v.
2668 4441 2989 4503 Χρυσόπολις)
3029 4439 3360 4504 cognoscimus
3402 4437 3629 4524 Dionysii
3658 4443 3900 4506 Anaplum

2348 4524 2457 4562 esse
2488 4509 2736 4594 Stephano
2772 4510 3117 4574 antiquiorem,
3150 4508 3239 4561 sed
3258 4510 3406 4561 etiam
3444 4524 3501 4561 ex
3540 4510 3696 4575 ipsius
3726 4515 3901 4580 Anapli

2348 4581 2575 4632 discursu
2608 4582 2900 4646 percipimus
2924 4581 3060 4631 illum
3091 4581 3338 4645 scripsisse
3368 4583 3607 4648 Anaplum
3638 4588 3901 4650 antequam

2349 4655 2443 4704 Set
2444 4665 2561 4703 erus
2596 4651 2875 4716 Byzantium
2901 4651 3168 4702 evertisset.
3172 4651 3279 4702 ··.Cr
3320 4651 3452 4703 idem
3472 4652 3589 4705 ibid.
3626 4668 3677 4719 p.
3712 4663 3789 4719 20,
3832 4657 3900 4724 b,-

2347 4695 3903 4789 49,b,·Detopogr.Constant.1,2p.15(ed.tf›et)·«Dio-

2349 4808 2409 4857 ιι)
2416 4793 2519 4844 sius
2545 4792 2737 4844 zosimo
2763 4793 2919 4844 multo
2937 4793 3197 4876 antiquior,
3228 4794 3287 4844 ut
3332 4806 3395 4844 ex
3423 4795 3618 4859 scriptis
3634 4810 3897 4862 cognosca-

2348 4868 2433 4916 tur
2448 4867 2561 4914 ante
2576 4866 2668 4913 Set·
2671 4863 2742 4914 eri
2754 4877 2944 4914 rumam
2965 4863 3283 4928 scripsisse.
3314 4865 3563 4928 Heynius'
3552 4879 3599 4915 ιιι
3620 4868 3897 4921 comment.

2348 4938 2397 4986 11
2424 4937 2503 4986 De.
2526 4933 2748 4997 antiquit.
2782 4935 2975 4998 Byzant.
3016 4947 3064 4998 p.
3097 4939 3183 4986 :tot
3219 4933 3283 4984 ad
3316 4935 3497 4987 calcem
3538 4935 3766 5000 Hesychii
3792 4939 3894 4989 Mil.

2350 5003 2427 5055 ed.
2452 5003 2633 5054 Orelli:
2662 5023 2686 5046 ιι
2711 5005 2837 5054 Ante
2856 5002 3025 5054 Severi
3054 5004 3170 5068 imp.
3204 5007 3426 5070 tempora
3455 5019 3571 5056 eum
3601 5006 3785 5059 vixisse
3812 5008 3901 5058 vix

2348 5075 2572 5135 dubites,
2602 5075 2952 5125 commemorat
2977 5075 3109 5126 enim
3138 5089 3196 5126 ea
3214 5087 3330 5139 qum
3354 5075 3417 5127 ab
3442 5074 3538 5124 hoc
3560 5073 3738 5126 abolita
3762 5078 3897 5136 sunt,

2348 5146 2451 5211 ipse
2479 5149 2641 5196 sutem
2668 5147 2780 5196 ante
2801 5145 2975 5196 oculos
3002 5145 3231 5200 habuisse
3258 5147 3469 5200 videtur.
3506 5163 3529 5190 υ
3564 5141 3902 5208 Bernhardyus

2350 5216 2413 5267 ad
2442 5217 2633 5280 Dionys.
2665 5214 2848 5279 Perieg.
2866 5229 2917 5280 p.
2936 5222 3053 5276 492.
