4584 6284
681 485 705 537 1
1779 495 1784 500 ·
1979 479 2397 542 PROLEGOM
2406 483 2557 545 ENA

671 609 1128 673 festinationem
1167 615 1231 671 et
1259 608 1492 671 alicubi
1523 625 1880 684 erroneam,
1907 627 2231 690 operarum
2324 613 2467 676 dam
2486 616 2564 696 (1)
2585 625 3007 696 recensentur,
3031 623 3213 703 cujus
3239 641 3468 690 nomen
3490 628 3651 689 ham!
3691 626 3877 692 (lubio

670 698 846 774 vitio,
876 695 1366 779 expressionem.
1399 717 1430 754 ι)

2321 698 2388 762 in
2413 705 2717 784 prooemio
2736 725 2903 770 nunc
2927 707 3256 790 deperdito
3280 709 3621 791 legebatur.
3650 713 3873 774 Hau-uns

745 790 1057 850 Hactenus
1073 785 1659 859 GOTHOFREDUS,
1683 783 1792 866 qui
1810 802 1952 866 quoe
1978 783 2056 846 de
2085 785 2235 848 scri·
2318 807 2463 854 vero
2504 795 2782 874 gentium
2842 796 3002 861 ratio
3048 797 3437 862 subobscura
3494 805 3622 876 est,
3678 817 3874 881 quum

663 884 841 958 ptore
863 883 1078 940 nostro
1092 880 1312 956 utpote
1334 892 1411 936 ex
1434 873 1754 936 rhetorum
1781 872 1908 936 sive
1927 873 2231 955 sophista-

2319 881 2671 962 complures
2716 901 2931 947 earum
2981 903 3060 947 ne
3104 887 3363 950 nomine
3390 889 3647 970 quidem
3694 897 3876 960 tenus

660 985 802 1030 rum
845 964 1079 1028 scholis
1125 963 1410 1046 profecto
1441 963 1676 1038 attulit,
1707 961 2052 1026 rectissime
2098 981 2230 1025 mo-
2316 966 2561 1034 aliunde
2592 979 2755 1035 notae
2784 972 2942 1049 sint,
2977 971 3206 1036 deinde
3236 979 3445 1039 autem
3476 981 3872 1047 mansionum

660 1055 872 1119 fluisse
901 1053 1185 1129 videtum
1213 1051 1541 1117 hominem
1589 1068 1732 1114 Vffl'O
1773 1050 1835 1112 in
1869 1049 2041 1131 Syria
2078 1050 2227 1114 scri-
2313 1059 2580 1134 numeri,
2600 1058 2708 1143 qui
2740 1061 2999 1142 singulis
3019 1060 3383 1142 regionibus
3406 1063 3846 1134 adscribuntur

659 1145 862 1226 psisse
910 1141 1124 1206 minus
1169 1142 1304 1222 jam
1345 1139 1752 1222 probabiliter
1808 1137 1993 1216 dixit,
2029 1158 2222 1220 quum
2312 1145 2618 1228 explicatu
2661 1149 2786 1212 sint
2831 1149 3141 1214 difficiles.
3170 1150 3483 1216 Videlicet
3524 1155 3715 1219 series
3763 1120 3874 1240 pol

659 1231 1160 1296 Alexandrinum
1187 1229 1395 1312 potius
1441 1229 1632 1292 fuisse
1663 1228 1896 1292 indicia
1932 1227 2222 1310 quaedam

655 1321 964 1402 prodant,
1012 1327 1086 1383 ut
1138 1337 1328 1401 supra
1357 1316 1715 1399 significavi.
1762 1315 1938 1394 Quod
1973 1321 2216 1380 aetatem

657 1408 935 1474 auctoris
989 1408 1238 1484 attinet,
1290 1413 1462 1489 patet
1511 1406 1834 1488 scripsisse
1889 1423 2033 1467 eum
2079 1411 2220 1486 post

659 1517 897 1562 annum
944 1501 1086 1576 346,
1121 1515 1247 1579 quo
1294 1494 1594 1560 Seleuciae
1629 1501 1876 1576 portum
1923 1495 2219 1556 Constan-

654 1587 780 1651 tius
811 1586 1148 1663 exstruxit;
1187 1604 1339 1649 num
1383 1604 1530 1649 vero
1579 1583 1896 1666 scripserit
1925 1589 2066 1645 ante
2111 1602 2208 1646 an.

657 1682 812 1752 348,
843 1684 917 1740 ut
947 1674 1372 1740 Gothot'redus
1411 1682 1656 1752 censet,
1695 1671 2013 1758 quaeritur.
2059 1673 2213 1736 Nam

658 1765 829 1847 quod
863 1773 1044 1828 terroe
1077 1771 1284 1828 motus
1313 1781 1438 1846 quo
1471 1781 1570 1826 an.
1604 1764 1722 1826 348
1749 1763 2006 1842 Berytus
2031 1779 2218 1841 quas-

656 1863 790 1918 sata
845 1860 972 1931 est,
1045 1871 1172 1917 non
1216 1856 1762 1930 commemoratur,
1820 1848 1885 1911 id
1944 1867 2068 1913 non
2132 1851 2214 1911 ita

653 1943 866 2024 magni
895 1941 1198 2006 momenti
1219 1958 1355 2002 esse
1381 1938 1643 2002 dixerim
1660 1985 1677 2018 ,
1702 1957 1898 2020 quum
1930 1955 2006 2001 ex
2033 1937 2216 2001 silen—

651 2033 740 2096 tio
781 2030 1104 2113 scriptoris
1129 2029 1355 2091 certius
1384 2032 1819 2109 argumentum
1845 2032 2058 2109 petere
2085 2045 2210 2090 non

652 2123 860 2185 liceat.
893 2123 1074 2184 Justo
1097 2119 1374 2201 pondere
1403 2117 1559 2180 illud
1579 2134 1827 2199 quoque
1855 2124 2024 2179 caret
2042 2115 2208 2198 quod

651 2209 1069 2274 Gothot'redus
1093 2228 1128 2271 e
1155 2209 1191 2288 ξ
1221 2212 1299 2270 44
1328 2206 1572 2280 elicuit,
1600 2205 1709 2268 ubi
1729 2221 1840 2287 per
1856 2205 1980 2268 duo
2003 2205 2210 2269 Orien-

649 2298 730 2362 tis
761 2306 821 2363 et
852 2297 1210 2362 Occidentis
1251 2295 1559 2359 Comitata
1601 2293 1782 2357 multi
1823 2292 1936 2356 viri
1969 2293 2206 2358 Pontici

649 2395 712 2451 et
734 2387 1167 2469 paphlagones
1184 2432 1201 2465 ‚
1228 2401 1385 2466 quos
1409 2382 1678 2465 publicis
1701 2381 2066 2445 muneribus
2095 2382 2208 2445 im·

645 2483 965 2558 peratores
985 2473 1402 2557 praefecerint,
1427 2471 1686 2554 reperiri
1715 2471 2040 2548 dicuntur3
2063 2490 2205 2534 nam

645 2563 960 2626 Orientem
993 2567 1054 2624 et
1075 2559 1482 2624 Occidentem
1511 2558 1892 2639 distinguere
1917 2559 2104 2622 etiam
2130 2576 2204 2621 eo

643 2660 928 2734 tempore
959 2650 1220 2724 licebat,
1269 2666 1395 2731 quo
1442 2654 1778 2731 utrumque
1828 2647 2203 2711 comitatum

640 2741 751 2804 uni
771 2739 1105 2822 eidemque
1124 2736 1418 2818 parebat,
1443 2754 1646 2820 neque
1671 2735 2017 2821 quidquam
2037 2737 2204 2817 cogit

638 2837 709 2893 ut
749 2837 1136 2910 imperatores
1167 2846 1288 2890 vox
1319 2825 1398 2889 de
1429 2825 1678 2889 duobus
1712 2824 2200 2908 imperatoribus

638 2918 827 2982 simul
885 2915 1293 2997 regnantibus
1359 2913 1766 2996 intelligenda
1827 2915 1941 2991 sit,
2003 2914 2202 2978 immo

637 3008 837 3070 multo
870 3006 1075 3088 aptius
1103 3011 1326 3068 auctor
1355 3002 1475 3072 τοὺς
1507 3003 1591 3063 ἀεὶ
1623 3005 2013 3085 αὗτοκρᾶτορας
2038 3003 2204 3067 indi-

633 3094 884 3158 caverit.
917 3097 1058 3158 Jam
1085 3093 1138 3156 si
1160 3094 1299 3156 haec
1326 3095 1626 3156 Nostrum
1650 3092 1766 3155 sub
1795 3093 2124 3156 Constante
2145 3101 2204 3154 et

633 3185 994 3250 Constantio
1016 3184 1215 3264 impp.
1244 3180 1572 3262 scripsisse
1590 3199 1720 3243 non
1743 3180 2057 3254 evincunt,
2085 3179 2202 3242 alia

636 3278 892 3337 exstant·
913 3290 1057 3353 quae
1087 3269 1244 3333 illud
1273 3275 1526 3350 tempus
1555 3285 1682 3350 quo
1710 3267 1880 3330 solus
1908 3267 2206 3330 Constan-

635 3361 762 3424 tius
800 3359 1080 3442 regnavit
1119 3355 1307 3441 (inde
1348 3356 1430 3419 ab
1480 3375 1582 3418 an.
1621 3355 1768 3432 350)
1789 3400 1806 3428 ,
1839 3358 2198 3433 coarguant.

639 3447 876 3524 Quodsi
905 3447 1074 3509 enim
1107 3447 1145 3526 ἓ
1175 3449 1254 3508 23
1285 3448 1349 3507 et
1383 3447 1467 3508 28
1506 3441 1900 3506 Constantius
1929 3443 2203 3504 dominus

638 3538 802 3598 orbis
827 3541 1124 3598 terrarum
1141 3537 1419 3607 vocatur,
1440 3547 1636 3614 penes
1653 3528 1823 3593 hunc
1835 3545 2031 3592 unum
2055 3533 2203 3590 tunc

639 3623 982 3706 imperium
1043 3618 1239 3684 fuisse
1289 3619 1718 3701 consequitur.
1770 3615 2009 3682 Eodem
2057 3613 2204 3679 facit

637 3712 812 3797 quod
838 3712 877 3793 ἓ
923 3713 1002 3774 68
1035 3709 1115 3772 de
1160 3707 1506 3772 Galliarum
1551 3705 1871 3788 provincia
1911 3703 2137 3784 legitur
2181 3724 2196 3766 ε

637 3823 766 3885 quae
799 3819 936 3864 cum
967 3801 1392 3879 imperatorem
1423 3813 1660 3877 semper
1687 3799 1900 3876 eqeat,
1921 3793 2084 3855 hunc
2125 3811 2204 3854 ex

635 3913 702 3954 se
719 3892 920 3954 habet.
936 3887 1061 3953 Sed
1065 3891 1322 3968 propter
1337 3886 1591 3961 maioris
1601 3886 1979 3965 praesentiam
2002 3884 2200 3942 omnia

637 3985 706 4042 in
747 3976 1134 4041 multitudine
1171 3973 1466 4036 abundat.
1503 3970 1759 4034 Scilicet
1798 3967 2198 4048 intelligenda

634 4066 826 4129 verba
859 4072 1004 4127 sunt
1031 4061 1112 4124 de
1153 4059 1512 4142 Magnentio
1534 4063 1796 4140 tyranno
1828 4055 1938 4139 qui
1971 4055 2200 4121 Gallia-

634 4171 777 4216 r-um
807 4168 1074 4234 regnum
1102 4166 1218 4231 per
1237 4165 1437 4212 annos
1456 4149 1718 4212 350-353
1745 4165 1808 4226 p.
1842 4146 1906 4207 C.
1937 4161 2200 4225 usurpa-

633 4242 750 4320 vit,
774 4256 978 4322 neque
1008 4235 1358 4322 quidquam
1392 4240 1489 4300 est
1515 4253 1628 4297 cur
1647 4251 1792 4296 cum
1818 4231 2194 4297 Gothofredo

635 4347 752 4412 pro
779 4328 956 4391 habet
983 4325 1270 4405 legamus
1293 4327 1459 4400 avet,
1486 4328 1548 4384 et
1576 4325 1767 4383 maris
1792 4317 2195 4382 substituatur

633 4421 702 4483 in
729 4418 941 4482 locum
965 4415 1244 4494 majoris,
1265 4427 1410 4496 quae
1437 4427 1556 4473 vox
1579 4409 1642 4472 11.
1679 4409 1720 4471 Ι.
1751 4407 1832 4470 de
1847 4407 2194 4487 Magnentio

633 4519 899 4590 tyranno
927 4501 1258 4566 adhibetur
1303 4497 1596 4562 similiter
1621 4501 1806 4579 atque
1834 4495 1870 4576 §
1907 4499 1978 4558 11
2022 4502 2086 4558 et
2116 4500 2190 4560 15

633 4602 854 4661 auctor
883 4591 1036 4657 dicit
1064 4610 1080 4654 ε
1106 4595 1336 4671 reqitar
1355 4607 1394 4650 a
1417 4587 1764 4668 majoribus.
1797 4587 2012 4666 Itaque
2036 4602 2194 4666 opu-

634 4685 884 4748 sculum
911 4687 1198 4743 nostrum
1223 4677 1388 4740 inter
1412 4691 1611 4739 annos
1641 4676 1762 4738 350
1786 4679 1852 4736 et
1879 4673 1995 4734 353
2031 4690 2093 4752 p.
2121 4675 2190 4736 G.

632 4774 938 4856 scriptum
966 4787 1102 4833 esse
1129 4784 1376 4832 censeo.
1477 4826 1483 4831 ,

711 4866 782 4927 In
823 4860 963 4944 ipso
991 4857 1209 4921 libello
1244 4856 1388 4921 duae
1413 4853 1686 4918 maxime
1725 4853 1932 4933 partes
1975 4847 2194 4912 distin-

629 4949 930 5034 guendae,
965 4963 1232 5030 quatum
1266 4945 1462 5009 altera
1488 4948 1585 5007 est
1610 4941 1686 5004 de
1714 4936 2048 5024 provinciis
2077 4937 2192 5001 im·

628 5039 790 5122 perii
819 5035 1085 5102 Romani
1113 5035 1178 5116 (§
1205 5037 1284 5097 22
1315 5031 1507 5114 sqq.),
1536 5047 1691 5113 quas
1719 5024 1973 5111 proprio
1999 5027 2191 5089 Marte

627 5135 850 5192 auctor
905 5123 1265 5189 describere
1317 5113 1582 5194 videtur,
1635 5117 1699 5180 in
1749 5115 1942 5178 altera
1983 5118 2191 5177 autem

625 5224 842 5296 gentes
870 5212 1033 5278 Asiae
1055 5207 1380 5277 orientalis
1407 5209 1486 5272 ab
1515 5205 1736 5271 ultima
1762 5201 1937 5268 India
1965 5200 2042 5266 ad
2067 5201 2192 5264 Me-

625 5301 1040 5386 sopotamiam
1069 5318 1270 5385 usque
1296 5300 1595 5378 degentes
1621 5315 1696 5359 ex
1717 5291 2011 5358 historico
2037 5309 2192 5372 quo-

2312 1234 2602 1386 Palssnbm
2625 1236 3031 1319 regionumve
3059 1237 3435 1322 numerique
3472 1242 3869 1309 mansionum

2315 1329 2399 1385 ita
2468 1343 2505 1386 a
2550 1332 2699 1388 ent:

2387 1413 2694 1477 Camarini
2714 1418 2813 1478 70.
2837 1413 3212 1478 Brachmani
3233 1421 3291 1479 5.
3314 1416 3529 1481 Eviltoe
3554 1423 3651 1484 32.
3681 1422 3869 1486 Emer

2304 1504 2403 1564 47.
2436 1501 2645 1567 Nebus
2690 1508 2791 1568 60.
2827 1504 3073 1585 Dysaph
3102 1508 3242 1568 240.
3279 1505 3542 1569 Ioneum
3577 1509 3675 1571 vel
3706 1511 3870 1575 Cho-

2306 1606 2492 1652 neum
2526 1595 2663 1656 120.
2695 1592 2844 1656 Diva
2872 1595 3013 1656 210.
3048 1591 3225 1656 India
3265 1595 3467 1674 major
3505 1599 3643 1661 210.
3682 1601 3871 1681 Adja-

2305 1694 2451 1741 cens
2480 1678 2653 1762 regio
2670 1680 2897 1744 eximia
2916 1683 3053 1744 150.
3074 1680 3251 1743 India
3274 1681 3484 1744 minor
3512 1687 3608 1747 15.
3635 1687 3865 1752 Persae.

2302 1765 2611 1830 Saraceni.

2382 1855 2649 1920 Subesse
2690 1855 2787 1919 his
2840 1863 3111 1938 systema
3161 1857 3648 1939 geographicum
3667 1909 3682 1939 ,
3740 1881 3865 1944 quo

2300 1943 2608 2008 Camarini
2637 1945 2715 2009 ad
2752 1944 3049 2008 ultimum
3077 1944 3271 2008 Indiae
3306 1947 3593 2011 australis
3618 1949 3862 2031 apicem

2300 2031 2649 2096 collocandi
2677 2032 2833 2111 sint,
2857 2050 2933 2096 ex
2958 2033 3183 2098 collato
3222 2034 3407 2098 Maris
3432 2036 3731 2118 Erythraei
3760 2059 3863 2121 pe-

2299 2120 2460 2204 riplo
2487 2126 2581 2203 (v.
2608 2131 2761 2186 tom.
2794 2125 2839 2199 Ι,
2872 2123 2997 2186 tab.
3032 2123 3152 2202 IX)
3178 2123 3591 2204 probabiliter
3624 2129 3861 2192 eruisse

2297 2209 2479 2275 nohis
2510 2211 2798 2275 videmur
2832 2215 2928 2292 (v.
2958 2219 3090 2276 not.
3120 2212 3203 2274 ad
3237 2232 3301 2294 p.
3336 2213 3508 2294 514).
3538 2214 3743 2279 Minus
3784 2218 3861 2280 li-

2297 2305 2448 2380 quet
2494 2300 2572 2364 de
2627 2301 2867 2364 ratione
2911 2300 3343 2376 mansionum,
3387 2301 3617 2382 quibus
3653 2303 3861 2386 singu—

2296 2387 2495 2452 larum
2541 2390 2869 2470 regionum
2911 2386 3369 2469 longitudinem
3422 2389 3689 2454 indicari
3729 2395 3858 2456 veri

2294 2474 2685 2541 simillimum
2733 2486 2864 2557 est,
2900 2495 3283 2560 quamquam
3346 2479 3432 2541 ita
3480 2490 3859 2562 comparatae

2291 2570 2470 2642 sunt,
2505 2572 2574 2629 ut
2606 2584 2729 2628 una
2771 2565 3040 2627 alterave
3080 2583 3297 2629 earum
3326 2566 3682 2645 regionum.
3716 2569 3860 2650 qui-

2290 2651 2408 2717 bus
2434 2653 2596 2718 ultra
2622 2658 2742 2719 200
2772 2653 3133 2718 mansiones
3158 2653 3574 2736 assignantur.
3610 2658 3855 2720 etiamsi

2291 2741 2357 2804 in
2378 2741 2649 2825 singulas
2668 2741 3029 2807 mansiones
3048 2741 3297 2806 nonnisi
3322 2747 3441 2806 150
3462 2743 3659 2806 stadia
3678 2763 3855 2807 com-

2289 2837 2499 2910 putes,
2528 2833 2833 2913 maj0rem
2878 2831 3144 2894 haberet
3173 2830 3632 2911 longitudinem
3662 2851 3853 2914 quam

2289 2937 2433 3002 quas
2455 2919 2564 2982 toti
2585 2918 2783 2983 Indiae
2803 2919 2969 2981 intra
2990 2918 3266 2999 Gangem
3283 2918 3416 2982 sitae
3436 2937 3473 2981 a
3490 2925 3636 2981 vett.
3660 2919 3852 2983 tribui

2289 3007 2450 3070 solet
2484 3008 2587 3090 (2).
2632 3009 2845 3089 Itaque
2892 3004 3017 3068 nisi
3070 3023 3369 3070 numeros
3434 3012 3674 3069 tantum
3726 3027 3849 3071 non

2291 3113 2510 3159 omnes
2542 3102 2869 3175 corruptos
2890 3111 3026 3156 esse
3051 3092 3313 3156 credere
3334 3094 3588 3157 mavelis
3604 3142 3620 3172 ,
3647 3095 3852 3174 suspi-

2292 3182 2421 3246 cari
2430 3183 2579 3246 licet
2589 3181 2945 3252 mansiones
2955 3199 3287 3263 perperam
3305 3181 3384 3243 ab
3404 3189 3657 3245 auctore
3682 3199 3850 3244 men-

2292 3270 2447 3334 dace
2486 3268 2611 3333 dici
2645 3270 2785 3334 loco
2826 3268 3247 3332 schoenorum.
3270 3269 3612 3332 Camarinis
3660 3270 3849 3349 igitur

2292 3358 2667 3425 attribuendi
2688 3364 2898 3422 essent
2916 3361 2996 3422 70
3014 3357 3253 3421 schoeni
3274 3357 3399 3420 sive
3421 3360 3579 3421 2100
3608 3359 3805 3420 stadia
3825 3404 3841 3433 ,

2289 3466 2433 3530 quae
2456 3465 2749 3511 mensura
2767 3447 2927 3510 bene
2944 3445 3435 3527 quadraretcum
3449 3445 3677 3507 tabulis
3708 3448 3849 3508 Pto-

2291 3535 2528 3612 lemaei,
2550 3535 2614 3598 in
2638 3534 2867 3617 quibus
2891 3553 2929 3596 a
2945 3535 3209 3597 Camara⁴
3221 3531 3507 3614 emporio
3522 3532 3600 3595 ad
3623 3534 3847 3595 Brach-

2296 3643 2442 3689 men
2457 3624 2678 3689 urbem
2700 3625 2858 3688 2000
2875 3622 3005 3686 fere
3032 3621 3231 3687 stadia
3257 3620 3501 3684 metior.
3518 3621 3567 3681 E
3587 3620 3845 3701 singulis

2289 3713 2566 3778 numeris
2586 3731 2830 3778 summa
2854 3715 3231 3776 conflaretur
3257 3711 3656 3773 schoenorum
3686 3715 3843 3773 1159

2288 3803 2416 3866 sive
2459 3800 2799 3866 stadiorum
2840 3803 3056 3877 34770,
3108 3817 3250 3880 quae
3286 3806 3684 3881 exaequarent
3712 3800 3843 3861 fere

2287 3890 2487 3955 stadia
2512 3890 2617 3953 illa
2653 3892 2851 3954 35000
2876 3887 3105 3971 quibus
3144 3886 3225 3949 ab
3254 3887 3660 3949 Eratosthene
3688 3885 3844 3948 defi-

2285 3979 2456 4043 nitur
2481 3976 2803 4058 longitudo
2833 3994 2961 4040 orae
2996 3975 3232 4037 Indicae
3260 3973 3577 4036 orientalis
3611 3972 3841 4054 (16000

2285 4073 2360 4130 st.
2387 4065 2406 4149 )
2444 4070 2506 4128 et
2534 4065 2817 4130 australis
2851 4065 3086 4143 (19000
3114 4060 3263 4143 st.)‚
3307 4059 3453 4124 inde
3486 4080 3523 4123 a
3549 4063 3833 4140 Tamar0,

2344 4309 2412 4377 (1)
2453 4309 2483 4374 §
2510 4311 2565 4361 21
2599 4322 2614 4352 =
2646 4309 2715 4359 Et
2748 4305 2857 4358 haec
2890 4303 3103 4371 quidem
3122 4301 3191 4354 de
3210 4302 3474 4367 prada-us
3498 4303 3735 4367 pentibus
3760 4301 3841 4356 lu-

2279 4383 2495 4435 stortcm
2510 4381 2605 4433 att.

2344 4453 2411 4520 (2)
2439 4453 2641 4504 cosmas
2663 4447 3002 4515 Indepleustafl
3018 4459 3069 4510 p.
3096 4450 3183 4498 138
3203 4457 3233 4496 a
3246 4443 3378 4497 Sinis
3404 4457 3569 4509 usque
3592 4443 3657 4496 ad
3675 4445 3833 4496 Persi-

2279 4525 2393 4578 dem
2414 4523 2541 4577 linea
2556 4519 2963 4584 rocta-computat
2994 4521 3083 4569 150
3108 4518 3385 4570 mansiones
3418 4515 3524 4568 sive
3558 4521 3645 4568 150
3669 4522 3719 4570 Χ
3740 4523 3829 4568 225

2280 4596 2386 4648 sive
2415 4599 2569 4648 33750
2604 4590 2778 4644 stadia.
2805 4589 2971 4642 Verba
3007 4585 3120 4640 baec
3154 4591 3271 4640 sunt
3312 4610 3325 4640 ι
3362 4587 3473 4639 Ἀπὸ
3501 4591 3616 4650 γοῦν
3655 4592 3737 4646 τῆς
3770 4585 3829 4636 τὸ.

2279 4667 2510 4727 Τζινίτζας
2536 4669 2600 4722 ὥς
2627 4664 2723 4714 ἀπὸ
2758 4661 2987 4727 suaptim
3014 4659 3159 4722 ὀρθῶς
3188 4660 3265 4710 ἐπὶ
3296 4661 3379 4719 τὴν
3399 4658 3532 4708 δύσιν
3556 4674 3625 4714 τις
3652 4663 3826 4721 nuptiis

2279 4739 2572 4800 διαστήματα
2609 4739 2693 4784 τοῦ
2730 4733 2907 4797 μήκους
2936 4735 3019 4790 τῆς
3036 4736 3148 4792 γῆς,
3166 4729 3351 4795 εὑρήσει
3386 4731 3545 4778 πλεῖον
3573 4729 3604 4786 ἢ
3638 4729 3830 4777 ἔλαττον

2280 4813 2435 4872 μονῶν
2454 4813 2498 4856 υ·
2514 4805 2608 4856 ἀπὸ
2628 4803 2790 4868 μιλίων
2806 4801 2849 4852 λ’
2870 4801 2983 4862 (400
3000 4807 3051 4856 Χ
3070 4805 3133 4852 30
3146 4813 3215 4850 m.
3230 4814 3279 4864 p.
3298 4799 3402 4851 sive
3420 4805 3512 4850 225
3531 4795 3703 4858 stadia,
3724 4795 3760 4846 i.
3780 4809 3827 4847 e.

2277 4881 2455 4942 90,ooo
2470 4873 2667 4940 stadia).
2696 4873 2957 4936 Μετρητὲον
2982 4871 3034 4922 δὲ
3052 4873 3203 4928 οὕτως
3216 4883 3229 4898 ·
3250 4869 3345 4920 ἀπὸ
3372 4874 3452 4928 τῆς
3480 4867 3708 4926 Τζινίτζας
3742 4867 3831 4924 ἕως

2277 4956 2361 5011 τῆς
2389 4950 2533 5013 ἀρχῆς
2556 4951 2640 5007 τῆς
2680 4944 2907 5010 Περσίδος
2940 4947 3076 4994 πᾶσα
3105 4941 3279 4992 'louvia
3312 4940 3405 5004 (sic
3429 4939 3657 4989 Laurent.
3695 4935 3827 4998 cod..

2277 5025 2413 5073 πᾶσα
2446 5015 2619 5069 otwin
2648 5013 2756 5067 cod.
2795 5011 3040 5074 Vatican.;
3064 5009 3325 5076 legendnm
3362 5015 3499 5060 πᾶσα
3520 5011 3551 5068 ἡ
3574 5007 3720 5058 obvia
3748 5007 3828 5059 vel

2278 5090 2472 5143 οῦννία.
2490 5085 2629 5139 Unde
2656 5082 2997 5148 corrigendum
3024 5081 3157 5147 quod
3185 5080 3389 5145 apposui
3410 5079 3460 5129 in
3492 5079 3578 5128 not
3610 5077 3674 5128 ad
3700 5076 3731 5140 §
3770 5081 3823 5128 11

2275 5175 2328 5228 p.
2348 5164 2455 5214 515.
2472 5159 2609 5210 Diva
2625 5153 2785 5208 Nostri
2803 5152 2867 5207 ad
2882 5151 3011 5203 hanc
3027 5150 3201 5203 Οὖνίαν
3219 5148 3340 5200 nihil
3354 5146 3583 5213 pertinet)
3599 5147 3675 5194 καὶ
3690 5143 3829 5194 Ἰνδία

2277 5233 2360 5284 καὶ
2375 5235 2407 5292 ἡ
2426 5231 2642 5295 Βάκτρων
2660 5228 2794 5292 χώρα
2806 5225 2899 5278 εἶσὶ
2916 5223 3021 5280 περ(
3039 5239 3133 5274 που
3153 5221 3289 5272 noval
3310 5221 3394 5284 μα’,
3409 5220 3450 5268 tl
3470 5220 3536 5282 μή
3552 5233 3597 5266 τι
3620 5215 3827 5278 πλείους,

2279 5305 2365 5355 οὐκ
2392 5303 2597 5364 ἔλαττον,
2616 5301 2716 5350 κτλ.
