4584 6284
678 544 752 597 21

1857 540 2210 603 moNst
2250 543 2624 607 BYZANTII

666 666 871 738 navigia
894 667 1174 740 piscatoria
1200 666 1581 724 subducuntur
1610 670 1668 725 in
1702 671 1981 726 stationem
2024 671 2125 728 sub
2150 671 2251 729 do-
2343 676 2558 748 antiqua
2575 716 2592 743 ,
2621 693 2739 749 quae
2764 678 3050 751 Dionysius
3093 680 3364 755 Byzantius
3395 682 3644 742 describit
3677 706 3708 743 a
3737 692 3890 745 tertio

666 773 783 811 mos
802 756 1149 829 piscatorum.
1180 756 1355 811 Pisces
1377 756 1595 812 velutin
1619 756 1837 814 latibula
1870 769 1925 814 et
1952 778 2145 833 pascua
2166 778 2251 816 re-
2339 760 2467 816 coile
2486 760 2554 816 ad
2581 774 2786 817 sextum
2811 764 3014 823 collem.

663 842 922 915 fisgientes
943 842 1230 915 capiuntur
1249 842 1456 900 retibus
1473 844 1744 917 appellatis
1760 846 1973 919 &posis
1986 849 2247 920 suspensis

664 948 731 985 ex
753 931 919 1001 tigno.
946 930 1068 985 Hoc
1098 946 1263 1001 genus
1288 929 1593 1003 piscationis
1617 942 1868 1005 tanquam
1895 930 2243 989 domesticum

662 1027 911 1074 exercent
932 1016 1195 1084 foeminoe3
1215 1016 1320 1072 viri
1342 1028 1521 1073 autem
1544 1020 1732 1094 procul
1750 1020 2023 1093 piscantur
2030 1042 2047 1089 3
2072 1040 2245 1096 neque

659 1104 729 1161 ad
764 1106 905 1161 hauc
925 1105 1279 1181 piscationem
1313 1123 1449 1181 opus
1487 1117 1568 1161 cst
1605 1108 1810 1180 magnis
1850 1109 2238 1179 instrumentis,

2990 944 3085 1005 Fr.
3133 956 3228 1010 11.

2407 1144 2430 1168 ι
2461 1123 2621 1185 Post,
2653 1121 2855 1194 inquit,
2890 1121 3176 1179 Scimnides
3199 1136 3386 1199 petrns
3421 1124 3590 1199 (quas
3613 1138 3736 1183 ante
3767 1127 3888 1185 dixi·

658 1191 751 1249 scd
805 1192 1069 1249 duntaxat
1129 1210 1243 1248 uno
1292 1192 1441 1265 tigno
1491 1194 1604 1248 sive
1656 1194 1832 1267 stipite
1880 1196 1991 1251 sive
2037 1197 2241 1253 arboris
2331 1202 2486 1259 fuisse
2511 1204 2638 1259 olim
2664 1204 2733 1261 ad
2769 1206 2970 1261 radices
2995 1208 3130 1262 tertii
3169 1208 3352 1283 collis)
3397 1209 3604 1279 longum
3631 1212 3788 1267 litem
3813 1212 3890 1267 ad

656 1290 852 1337 trunco
874 1281 987 1334 sive
1020 1279 1169 1335 navis
1195 1279 1521 1335 exolescente
1552 1280 1695 1336 malo
1740 1284 1847 1337 sive
1878 1295 2125 1352 antenna,
2149 1284 2242 1340 ha·

656 1365 819 1421 bente
865 1364 1112 1419 infimum
1159 1375 1320 1439 caput
1364 1366 1506 1421 intra
1546 1364 1770 1423 domum
1815 1369 2065 1443 piscantis
2116 1368 2240 1423 sub-

656 1456 850 1511 nixum
863 1492 880 1521 ,
920 1452 1147 1508 alterum
1192 1472 1503 1527 supremum
1542 1465 1692 1512 extra
1730 1455 1953 1514 domum
2002 1459 2239 1514 eminens

655 1540 849 1597 leniter
888 1557 1145 1613 pronum.
1188 1542 1268 1595 Ex
1312 1539 1463 1613 cujus
1496 1560 1707 1599 summo
1741 1547 1911 1619 capite
1954 1565 2235 1621 appensam

656 1629 922 1704 hypocam
966 1626 1094 1686 sune
1140 1647 1235 1702 per
1266 1631 1555 1687 trochleam
1596 1631 1813 1707 trajecto
1853 1636 2139 1691 demittunt
2178 1638 2235 1691 in

657 1734 854 1791 aquam
892 1715 1121 1771 soeminoe
1162 1713 1403 1772 fenestris
1444 1720 1775 1788 insistentes,
1819 1732 1873 1777 et
1916 1722 2238 1779 subtrahunt

655 1805 929 1877 aliquanto
950 1813 1105 1877 post,
1140 1821 1263 1858 cum
1290 1803 1519 1859 soeminis
1546 1805 1669 1862 licet
1688 1826 1799 1863 esse
1834 1809 2016 1864 otiosis
2044 1827 2076 1864 a
2100 1821 2235 1865 cete-

652 1893 729 1949 ris
756 1893 983 1965 uegotiis
1009 1891 1339 1959 domesticis3
1373 1904 1484 1961 aut,
1513 1896 1559 1948 si
1588 1895 1720 1951 nihil
1746 1895 1890 1952 aliud
1907 1899 2105 1969 negotii
2139 1898 2231 1953 ha·

652 1981 803 2049 bent,
834 1980 1022 2037 sedent
1045 1981 1104 2036 in
1124 1979 1369 2036 tabulatis
1392 1973 1819 2055 prominentibus
1848 1984 1929 2040 vel
1954 1986 2229 2041 moenianis

652 2079 839 2125 nentes
864 2079 959 2125 aut
986 2068 1267 2123 sarcientes
1302 2078 1396 2124 aut
1420 2070 1643 2125 omnino
1678 2071 1840 2126 animi
1882 2090 2037 2128 causa
2061 2074 2227 2128 otian-

2322 1291 2592 1366 piscatum
2627 1306 2782 1369 atque
2803 1294 2879 1349 ad
2901 1293 3030 1350 vadi
3050 1294 3382 1353 altitudinem
3414 1298 3576 1355 nullis
3612 1300 3886 1356 littoribus

2329 1379 2486 1435 etiam
2517 1382 2732 1457 optimis
2756 1383 3015 1449 deterius,-
3038 1402 3158 1439 nam
3184 1404 3250 1440 ea:
3261 1386 3458 1460 paucis
3479 1407 3636 1463 usque
3655 1388 3733 1444 ad
3747 1410 3888 1466 niar-

2324 1465 2495 1536 ginem
2511 1467 2837 1542 pmsnndum
2862 1482 2968 1535 est,
2998 1482 3050 1525 et
3074 1489 3214 1525 mare
3231 1472 3506 1546 placidum
3537 1488 3590 1531 et
3613 1476 3847 1549 quietum
3861 1520 3876 1542 ‚

2327 1567 2379 1609 et
2408 1555 2564 1611 littus
2585 1556 2740 1612 aditu
2752 1557 2949 1630 facile,
2977 1571 3330 1633 nuncupatum
3360 1562 3508 1633 Cycla
3523 1603 3538 1629 ,
3575 1582 3643 1618 ex
3663 1584 3720 1619 eo
3745 1564 3886 1639 qnod

2328 1641 2384 1696 in
2420 1642 2515 1697 hoc
2545 1642 2721 1698 littore
2760 1644 2933 1699 Graeci
2965 1643 3212 1703 barsam
3249 1646 3616 1704 cimitini-lusos·
3657 1649 3890 1707 devicis-

2320 1740 2456 1785 sent.
2481 1731 2550 1783 In
2571 1728 2740 1784 eodem
2763 1729 2938 1785 littore
2952 1750 3049 1785 ara
3066 1746 3362 1788 consec-mm
3383 1745 3462 1787 est
3481 1734 3738 1791 Minerva
3757 1737 3884 1792 Dis·

2322 1814 2627 1889 sipatorioe,
2665 1814 2941 1885 designans
2977 1836 3044 1871 ex
3067 1818 3490 1876 circumclusione
3523 1822 3888 1879 medeitndinis

2322 1900 2740 1976 dissipationem.
2773 1928 2797 1950 ι
3763 1928 3774 1936 ·

2390 1989 2676 2063 Hucusque
2694 1991 2993 2062 Dionysius.
3021 1990 3176 2064 Cycla
3198 2002 3250 2047 et
3272 1994 3626 2050 araMinervae
3651 1995 3888 2070 Dissipa-

2321 2076 2470 2130 toriae
2497 2075 2714 2132 fuerunt
2735 2079 2790 2132 in
2817 2078 3073 2133 maritima
3091 2080 3304 2155 planitie
3327 2081 3555 2155 subjecta
3574 2083 3676 2138 sub
3698 2083 3882 2139 vallem

652 2165 759 2221 tcs,
802 2154 1140 2228 speculantur
1183 2154 1353 2227 pisces
1392 2156 1525 2211 retia
1570 2156 1880 2223 subeuntes,
1929 2158 1997 2214 ad
2033 2178 2227 2231 eosque
2315 2160 2462 2217 urbis
2488 2164 2718 2230 tertiam,
2741 2182 2899 2236 quam
2926 2164 3162 2221 efficiunt
3178 2169 3361 2222 tertius
3383 2179 3437 2223 et
3455 2179 3674 2242 quartus
3702 2170 3877 2237 colles,

650 2242 1039 2299 subtrahendos
1060 2253 1337 2316 asstsrgunt
1350 2284 1366 2310 ,
1397 2254 1468 2312 et,
1495 2245 1726 2300 remissis
1744 2246 1983 2321 hypocis,
2015 2247 2083 2303 ad
2108 2249 2223 2305 offi·
2313 2250 2622 2322 Cyclobium
2649 2270 2678 2307 a
2707 2254 2928 2325 posteris
2958 2254 3268 2327 appellat-tun
3299 2258 3530 2312 arbitror
3561 2277 3629 2313 ex
3649 2262 3875 2325 Zonara,

648 2331 731 2387 cia
757 2329 1051 2387 domestica
1086 2330 1329 2388 redeunt.
1390 2333 1527 2389 Cum
1563 2333 1703 2391 hanc
1731 2336 2074 2409 piscationem
2106 2356 2223 2409 spe-
2311 2355 2432 2393 cum
2474 2340 2548 2394 ait
2598 2341 2912 2414 imperatore
2952 2342 3295 2399 Constantino
3334 2345 3634 2417 Progonato
3681 2352 3882 2420 Agars-

647 2430 867 2485 ctarem,
889 2417 1105 2474 videbar
1130 2419 1325 2474 intueri
1344 2419 1443 2475 tale
1465 2420 1737 2495 quippiam
1757 2421 1909 2495 quale
1929 2422 2087 2478 etiam
2108 2423 2221 2479 fieri
2307 2444 2406 2482 nos
2425 2428 2569 2499 gravi
2595 2428 2754 2483 classe
2787 2428 2973 2485 urbem
2999 2430 3284 2498 obsedisse,
3317 2450 3437 2506 quae
3473 2435 3754 2491 stationem
3781 2437 3877 2492 ha·

646 2504 758 2560 vidi
774 2506 831 2559 in
848 2504 1042 2579 palude
1056 2504 1321 2575 Prasiade,
1346 2524 1507 2579 quam
1530 2508 1821 2564 accolentes
1835 2526 1997 2583 supra
2022 2509 2220 2565 defixas
2307 2514 2463 2572 bebat
2484 2534 2516 2571 a
2531 2518 2895 2593 promontorio
2932 2518 3214 2576 Hebdomo
3229 2522 3332 2576 sito
3359 2521 3426 2576 ad
3445 2540 3691 2578 occasum
3711 2542 3882 2597 usque

644 2591 871 2648 sublicas
896 2592 951 2646 in
979 2591 1149 2647 media
1177 2591 1369 2667 palude
1396 2591 1627 2649 tabulata
1659 2594 1920 2650 collocant
1954 2596 2218 2651 sustinen-
2309 2602 2378 2657 ad
2408 2604 2716 2678 Cyciobion.
2741 2607 2988 2663 Similiter
3015 2607 3101 2663 alii
3131 2608 3370 2665 historici
3401 2609 3621 2666 tradunt
3641 2611 3709 2667 ab
3734 2612 3878 2668 Heb-

642 2679 715 2735 tia
750 2696 927 2747 casas,
957 2695 1069 2733 uno
1093 2678 1367 2752 ponticulo
1406 2679 1613 2737 aditum
1650 2681 1901 2737 habentes
1940 2700 2005 2737 ex
2048 2684 2217 2738 conti·
2306 2689 2471 2747 domo
2497 2694 2866 2766 promontorio
2891 2706 3050 2769 atque
3076 2713 3108 2750 a
3133 2694 3296 2752 domo
3316 2699 3606 2770 Magnam-a
3630 2697 3700 2754 ad
3723 2717 3874 2756 0000.

638 2768 818 2838 nenti,
856 2780 910 2825 et
940 2768 1077 2825 fores
1100 2770 1237 2823 inter
1261 2767 1492 2825 tabulata
1522 2781 1819 2843 compactas
1854 2770 2108 2827 deorsum
2144 2771 2213 2827 ad

635 2856 887 2932 paludem
924 2875 1105 2912 versus
1141 2855 1459 2925 deferentes,
1504 2860 1561 2913 in
1593 2859 1789 2933 quibus
1824 2858 2045 2932 degunt.
2074 2864 2213 2917 Pue-

628 2964 817 3005 rorum
837 2946 1181 3021 parvulorum
1198 2946 1361 3021 pedes
1385 2946 1513 3003 fune
1545 2948 1758 3021 alligant
1774 2990 1791 3018 ,
1823 2961 2121 3006 metuentes
2144 2971 2213 3007 ne

630 3035 689 3089 in
727 3034 973 3108 paludem
1000 3034 1334 3093 delabantur.
1386 3036 1557 3092 Tanta
1593 3049 1673 3093 est
1702 3038 1760 3093 in
1790 3039 1891 3094 hac
1906 3038 2100 3112 palude
2128 3042 2212 3115 pi-

630 3141 801 3178 sctum
828 3124 1001 3197 copia,
1040 3135 1103 3179 ut
1136 3125 1345 3198 quoties
1368 3125 1487 3198 quis
1521 3123 1744 3197 januam
1766 3128 2105 3195 reseraverit,
2145 3147 2209 3183 ex

632 3227 802 3283 eaque
824 3209 1090 3265 calathum
1116 3221 1210 3266 aut
1229 3220 1463 3284 sportam
1488 3208 1761 3266 demiserit
1784 3230 2021 3277 vacuam,
2054 3212 2213 3286 paulo

627 3303 752 3366 post
782 3294 1015 3350 retrahat
1054 3294 1280 3369 piscium
1328 3295 1566 3368 plenam.
1607 3294 1773 3363 Paulo
1819 3297 1960 3352 ultra
2002 3308 2211 3370 portam

630 3380 1021 3435 Blachernaeam
1066 3380 1317 3453 objicitur
1340 3398 1528 3437 murus
1556 3392 1888 3437 transversus
1901 3424 1917 3447 ,
1958 3400 1990 3437 a
2021 3386 2213 3439 moeni·

634 3464 736 3520 bus
769 3466 921 3521 urbis
962 3466 1189 3540 sinuque
1214 3467 1575 3522 intermissum
1616 3469 1846 3541 spatium
1886 3487 2065 3525 secans
2079 3510 2097 3537 ,
2123 3470 2214 3525 ha-

636 3551 768 3607 bens
798 3563 1007 3626 portam
1024 3592 1041 3621 ,
1070 3571 1136 3607 ex
1158 3571 1263 3624 qua
1279 3593 1296 3620 ,
1348 3556 1619 3626 sexagenis
1653 3557 1893 3628 passibus
1932 3556 2209 3624 confectas,

633 3639 767 3695 alter
794 3657 982 3695 murus
1005 3650 1332 3695 transversus
1359 3640 1649 3698 obducitur
1672 3644 1848 3717 primo
1878 3662 2033 3699 muro
2061 3644 2209 3699 simi·

632 3728 733 3799 11⁸3
764 3728 960 3785 abhinc
984 3740 1199 3785 centum
1222 3748 1407 3804 passus
1432 3731 1563 3786 urbs
1584 3730 1772 3788 finitur
1793 3734 1985 3806 angulo
2007 3752 2119 3789 uno
2145 3754 2211 3791 ex

634 3814 803 3870 tribus
828 3814 1117 3888 grandibus
1142 3816 1331 3871 urbem
1358 3818 1673 3888 triangulam
1700 3818 2069 3877 efficientibus.
2126 3822 2211 3877 Ab

629 3902 737 3959 hoc
766 3904 960 3977 angulo
980 3904 1050 3960 ad
1088 3916 1297 3980 portam
1333 3905 1515 3962 Neorii
1540 3908 1625 3961 via
1651 3906 1751 3963 lata
1777 3918 1947 3982 patet,
1977 3908 2211 3965 silicibus

629 4000 897 4047 constrata
928 4010 1109 4047 secans
1144 3992 1376 4065 spatium
1411 3991 1559 4066 quod
1588 3992 1699 4049 dixi
1744 3995 1947 4050 ambire
1994 4013 2205 4065 muros,

628 4090 960 4136 contractum
985 4078 1200 4154 quidem
1216 4120 1231 4145 ,
1262 4080 1355 4137 sed
1382 4083 1539 4136 variae
1556 4081 1886 4150 latitudinis5
1936 4102 2061 4138 nam
2087 4094 2209 4140 ante

2303 2798 2420 2834 sum
2478 2781 2862 2855 pertinentibus
2909 2801 3077 2857 usque
3130 2783 3198 2840 ad
3251 2785 3504 2860 palatium
3547 2785 3838 2860 Cyclobion
3851 2828 3867 2853 ,

2302 2877 2541 2941 spectans
2568 2866 2638 2923 ad
2686 2869 2980 2938 orientem,
3015 2872 3218 2926 stetisse
3245 2872 3458 2928 classem
3485 2873 3867 2945 Agat-enorum.

2302 2952 2448 3024 Quid
2485 2956 2555 3009 sit
2596 2954 2938 3011 Hebdomum
2982 2960 3406 3029 promontorium
3421 2999 3437 3025 ,
3484 2958 3760 3015 ostendam
3811 2962 3870 3016 in

2308 3042 2614 3097 tractatione
2641 3041 2807 3099 urbis.

2959 3211 3058 3270 Fr.
3110 3220 3198 3271 12.

2371 3380 2578 3436 'Deinde
2601 3382 2884 3454 Dionysius
2912 3398 2926 3436 :
2965 3406 2988 3430 ι
3023 3383 3171 3454 Qrcla
3189 3426 3203 3447 ,
3237 3372 3441 3456 inquit,
3487 3385 3678 3440 Melias
3714 3386 3871 3443 sinus

2301 3469 2503 3543 excipit
2517 3510 2533 3535 ,
2556 3468 2804 3545 piscosus
2838 3469 3044 3544 quidem
3079 3470 3132 3525 .τί
3159 3471 3281 3545 quis
3317 3471 3460 3527 alius
3480 3494 3500 3527 .·
3531 3474 3587 3527 in
3625 3474 3867 3531 omnibus

2299 3555 2436 3611 enim
2468 3574 2640 3611 omnes
2670 3568 2914 3631 superat,
2945 3556 3320 3631 promontoriis
3347 3557 3768 3632 prominentibus
3810 3574 3866 3616 et

2298 3644 2546 3700 cautibus
2566 3644 2664 3700 sub
2689 3662 2830 3718 aqua
2848 3644 3266 3700 delitescentibus
3295 3645 3535 3719 utrinqne
3565 3648 3858 3708 conclusus.

2299 3734 2406 3790 Hic
2433 3732 2604 3801 sinus,
2629 3752 2666 3788 a
2685 3732 2910 3807 quodam
2927 3733 3072 3789 heroe
3097 3733 3340 3804 indigena
3363 3749 3663 3809 nemceepato
3687 3739 3856 3794 Melia

2305 3842 2482 3878 nomen
2508 3822 2732 3899 adeptus
2749 3864 2765 3889 ,
2796 3833 2858 3876 ut
2883 3821 3175 3896 plurimum
3209 3840 3474 3895 nimquam
3493 3822 3647 3887 fallit
3665 3824 3858 3896 pisca-

2305 3921 2500 4047 ‘oggi'
2525 3936 2608 4046 ¹’ext
2647 3990 2733 4045 his
2769 3989 2940 4045 verbis
2968 3990 3236 4063 Dionysii,
3268 4001 3380 4045 tum
3422 4009 3487 4045 cx
3531 3991 3644 4064 ejus
3682 3993 3855 4067 anapli

2290 4080 2480 4137 ordine
2507 4080 2683 4135 sinum
2702 4078 2913 4134 Heliam
2939 4079 3181 4133 existimo
3206 4078 3330 4132 alibi
3355 4096 3467 4132 esse
3487 4096 3596 4133 non
3621 4080 3854 4153 potuisse

624 4166 777 4222 urbis
792 4176 971 4241 portas
981 4166 1257 4241 plerasque
1269 4168 1427 4223 latius
1445 4178 1524 4223 est
1543 4169 1928 4242 quinquagenis
1944 4170 2204 4244 passibus.
2295 4187 2453 4242 quam
2483 4168 2536 4222 in
2565 4168 2718 4223 tertia
2742 4166 2888 4221 urbis
2918 4165 3044 4220 valle
3065 4166 3237 4220 cincta
3261 4168 3512 4239 utrinque
3535 4178 3856 4242 promonto-

623 4252 691 4309 Id
718 4254 1019 4309 minutatim
1046 4265 1293 4309 excutere
1319 4253 1459 4309 volui
1474 4295 1491 4322 ,
1524 4266 1586 4311 ut
1606 4267 1818 4330 pateant
1845 4258 1959 4313 loca
1998 4257 2203 4313 facilius
2292 4258 2388 4312 riis
2410 4256 2551 4311 tertii
2578 4266 2633 4310 et
2660 4256 2833 4327 quarti
2867 4254 3010 4309 collis
3024 4274 3041 4322 ;
3086 4271 3204 4326 quae
3229 4256 3326 4309 etsi
3355 4254 3468 4327 jam
3507 4257 3646 4310 intra
3671 4273 3858 4313 muros

696 4438 789 4492 Fr.
823 4452 907 4489 ιι.
940 4433 1123 4507 ὠτία]
1151 4431 1214 4489 τὰ
1240 4432 1437 4501 Κύκλα,
1472 4445 1535 4489 ιιι
1558 4452 1589 4489 e
1612 4433 1681 4491 fr.
1717 4452 1779 4489 ια
1798 4445 1959 4508 patet.
1987 4436 2041 4490 Si
2066 4432 2195 4507 quid
2295 4451 2357 4488 ια
2376 4475 2392 4501 ,
2416 4438 2506 4505 9).
2534 4435 2798 4488 lunonem
2819 4448 3030 4504 quoque
3045 4432 3280 4504 τροπαίαν
3307 4448 3584 4488 occurrere
3609 4435 3850 4490 memini.

625 4513 967 4571 tribuendum
982 4525 1059 4569 est
1076 4513 1401 4587 etymologia!
1416 4513 1714 4587 aDionysio
1730 4514 1913 4580 allatae,
1938 4525 2201 4588 exspecta-

628 4596 768 4651 veris
793 4594 971 4649 locum
1011 4591 1119 4649 dici
1144 4593 1333 4648 Κῦκλια
1348 4634 1367 4658 ,
1401 4594 1502 4649 nisi
1529 4593 1667 4649 sorte
1705 4593 1811 4650 huc
1839 4594 2048 4650 trahere
2069 4594 2196 4651 velis

627 4672 776 4748 quod
814 4674 1007 4745 legitur
1038 4673 1179 4746 apud
1205 4674 1446 4730 Gramm.
1474 4673 1532 4727 in
1567 4674 1805 4729 Crameri
1831 4673 2036 4730 Anecd.
2064 4685 2109 4732 t.
2138 4692 2194 4743 a,

624 4772 683 4827 p.
707 4754 840 4819 383,
876 4754 980 4809 30:
1023 4751 1256 4819 Κύκλα,
1300 4750 1541 4826 ἐπίρρημα
1582 4752 1803 4820 τοπικδν,
1844 4752 1957 4807 ἀντὶ
1994 4759 2081 4808 τοῦ
2118 4774 2200 4809 xu-

626 4820 827 4899 κλάσιν,
864 4831 960 4886 ubi
986 4830 1335 4902 madon-fon
1372 4832 1535 4887 Thes.
1572 4850 1625 4887 v.
1663 4832 1839 4896 κῡγλος
1856 4835 1879 4904 )
1908 4832 2075 4907 κύκλῳ
2114 4852 2197 4888 re-

623 4908 937 4986 ponendum
948 4929 1059 4967 esse
1075 4912 1386 4985 suspicatur.
1402 4910 1563 4984 Quod
1576 4912 1732 4985 Cycla
1744 4915 1792 4968 G
1796 4912 1882 4986 ylli
1887 4931 1948 4967 us
1959 4931 2084 4968 cum
2100 4914 2201 4987 Cy-

624 4992 801 5047 clobio
820 4992 1028 5047 castello
1040 5032 1056 5058 ,
1078 4990 1228 5065 cujus
1249 5010 1479 5066 persaepe
1496 4994 1763 5065 sequiores
1782 4993 2065 5067 scriptores
2083 5012 2196 5048 me-

623 5074 925 5137 minerunt,
951 5072 1256 5144 componit,
1285 5069 1342 5125 id
1367 5089 1555 5145 parum
1577 5081 1717 5126 recte
1737 5070 1871 5139 fieri,
1901 5089 2069 5146 quum
2097 5073 2200 5145 Cy-

624 5148 857 5205 clobium
891 5147 961 5202 ad
994 5146 1145 5202 urbis
1184 5146 1319 5202 latus
1359 5146 1671 5219 Propontidi
1716 5147 1997 5201 obversum
2032 5150 2195 5221 pcrti-

622 5239 763 5293 neat,
789 5226 948 5282 docet
966 5226 1268 5298 Ducangius
1286 5228 1323 5285 l.
1346 5227 1383 5285 1.
1404 5246 1461 5299 p.
1483 5228 1572 5292 45.
1593 5256 1667 5268 -
1684 5226 1930 5283 Minervae
1952 5227 2197 5301 Dissipa-

624 5306 795 5380 torioe]
816 5305 1160 5379 probabiliter
1184 5304 1381 5375 Ἀθηνᾶς
1403 5310 1487 5375 τῆς
1509 5304 1759 5377 τροπαίοις,
1781 5306 1929 5359 sicuti
1953 5305 2193 5361 Lacedae·

619 5406 779 5445 mone
824 5386 1082 5458 templum
1124 5398 1235 5443 erat
1274 5391 1363 5443 τοῦ
1402 5388 1636 5461 τροπαίου
1674 5388 1785 5453 Διός
1825 5388 2085 5465 (Pausan.
2131 5393 2161 5447 3
2177 5433 2193 5459 ,

2283 4515 2472 4571 Nescio
2508 4530 2577 4568 an
2617 4508 2756 4568 recte
2794 4512 2903 4567 huc
2927 4511 3150 4567 referam
3180 4512 3338 4567 verba
3375 4512 3622 4585 Hesychii
3659 4514 3852 4570 Milesii

2284 4597 2314 4664 S
2343 4594 2404 4649 31
2431 4610 2486 4667 p.
2524 4591 2623 4646 152
2645 4608 2660 4647 ε
2683 4592 2783 4646 Τοῦ
2807 4590 2860 4646 δὶ
2883 4590 3102 4665 Χάρητος
3129 4590 3197 4655 εἰς
3228 4590 3427 4659 Ἀθήνας
3453 4590 3840 4662 ἐκπλεύσαντος,

2284 4673 2621 4746 Πρωτόμαχος
2641 4670 2729 4739 τὴν
2756 4669 3084 4747 στρατηγικὴν
3125 4668 3283 4743 ἀρχὴν
3311 4673 3614 4744 διαδέχεται·
3645 4674 3700 4735 ὃς
3734 4674 3847 4738 τοὺς

2284 4750 2642 4815 {mvnera-otae
2665 4749 2857 4823 θρᾷκας
2879 4750 3257 4812 καταδουλώσας
3280 4752 3385 4814 τοῖς
3412 4749 3583 4813 ὅπλοις
3604 4748 3654 4804 ἔν
3674 4758 3745 4825 τῷ
3766 4772 3855 4806 κα-

2282 4832 2510 4906 λουμένῳ
2528 4833 2614 4901 τῆς
2631 4830 2820 4895 πόλεως
2837 4830 3020 4903 Μηλίῳ
3041 4830 3234 4903 χάλκεα
3247 4827 3452 4897 ἀνέθηκε
3472 4830 3700 4902 τρόπαια.
3723 4832 3853 4888 For-

2283 4922 2419 4967 tasse
2461 4928 2559 4985 pro
2606 4910 2789 4984 Μηλίῳ
2825 4928 2856 4965 e
2894 4908 3102 4965 Codino
3148 4907 3512 4981 reponendum
3558 4919 3637 4963 est
3678 4908 3850 4983 Μιλίῳ

2285 4990 2555 5063 (Milinrio
2569 4993 2612 5061 ),
2646 5008 2964 5063 quamquam
2981 4988 3093 5063 tisri
3121 4990 3278 5043 etiam
3291 4998 3462 5061 potest
3491 4998 3550 5041 ut
3565 4986 3842 5058 legendum

2282 5072 2353 5125 sit
2377 5071 2578 5143 Μηλίᾳ,
2607 5088 2771 5142 quum
2797 5070 2966 5143 Cyclis
2987 5070 3263 5139 contiguus
3285 5078 3417 5122 esset
3436 5067 3617 5121 Melias
3639 5068 3804 5125 sinus.

2356 5156 2448 5207 Fr.
2478 5168 2562 5208 ια.
2596 5154 2752 5207 Melia
2783 5150 2961 5223 home]
2989 5152 3056 5203 Ni
3075 5148 3242 5212 fallor,
3269 5147 3452 5201 Melias
3481 5157 3560 5201 est
3575 5145 3845 5201 Thracum

2284 5249 2377 5286 rex
2391 5270 2406 5297 ,
2453 5228 2603 5301 cujus
2644 5231 2697 5285 in
2738 5230 2972 5301 Bymntis
3010 5228 3186 5283 herois
3227 5225 3444 5281 historia
3488 5226 3842 5280 meminerunt

2283 5311 2574 5385 Hesychius
2609 5310 2840 5365 Milesius
2867 5312 2897 5379 5
2930 5326 2986 5363 11
3025 5326 3082 5381 p.
3113 5310 3213 5373 ¹48
3254 5318 3307 5362 et
3328 5304 3562 5361 Codinus
3583 5308 3666 5359 De
3701 5307 3838 5377 orig.

2284 5394 2468 5448 Const.
2482 5409 2538 5463 p.
2557 5390 2586 5445 5
2607 5388 2692 5444 ed.
2709 5392 2878 5443 Bonn.
2900 5386 3052 5463 Apud
3067 5398 3352 5459 utrumque
3369 5384 3615 5439 scribitur
3629 5382 3837 5446 Μελίας.
