4584 6284
796 674 985 737 Ἴστρου
1008 672 1275 738 καλλιρόοιο
1293 672 1437 736 πόρον
1459 672 1687 725 &modste
1708 674 1794 725 σὺν
1816 674 1966 739 αἰχμῇ
1980 712 1994 736 ,

801 746 820 807 (
832 746 914 795 καὶ
942 745 1169 802 Σκυθικὴν
1202 744 1356 795 ὀλέσει
1374 744 1533 810 χώρην
1554 745 1698 807 (καὶ)
1724 745 1946 803 fluentes.
1972 750 2113 807 γαῖαν
2142 750 2155 774 ¹
2170 750 2185 776 ¹
2215 746 2235 807 )

798 816 1021 877 θρηῖιιίης
1043 812 1083 863 δ’
1108 814 1331 863 lassans
1350 814 1436 863 σὺν
1467 814 1620 864 uniet
1634 815 1988 879 μαινομένῃσιν,

800 884 947 935 αὐτοῦ
971 900 1050 934 m
1075 882 1283 948 βοιὸτοιο
1305 884 1433 939 τέλος
1471 885 1552 932 καὶ
1575 884 1752 948 πότμον
1780 884 1988 935 ἐπίσποι.

674 1002 851 1077 Hujus
896 1001 1096 1057 oraculi
1124 1000 1529 1057 declarationem
1567 1001 1782 1057 afferam
1798 1042 1814 1068 ,
1844 1021 1967 1058 cum
2008 1004 2236 1059 tractabo

672 1090 937 1147 decimam
958 1088 1227 1161 regionem
1254 1087 1791 1162 Constantinopoleos.

746 1178 849 1235 Sed
887 1188 949 1233 ut
984 1178 1190 1266 planius
1226 1176 1569 1251 perspiciatur
1598 1178 1835 1252 Dionysii
1862 1178 2239 1235 Chalcedonica

675 1266 965 1339 descriptio
986 1304 1003 1333 ,
1041 1274 1097 1319 et
1121 1264 1297 1336 quales
1334 1264 1440 1319 sint
1471 1263 1629 1319 hodie
1665 1276 1877 1338 portus,
1923 1284 2055 1338 quos
2098 1263 2236 1321 idem

678 1354 967 1428 Dionysius
992 1362 1142 1411 antea
1168 1349 1301 1406 dixit
1326 1351 1711 1408 chalcedonem
1734 1354 1980 1427 utrinque
2013 1353 2233 1422 habere,

677 1452 837 1516 atque
864 1451 926 1497 ut
960 1440 1362 1507 internoscatur,
1388 1449 1505 1495 uter
1535 1439 1725 1495 horum
1752 1450 1929 1513 postea
1953 1441 2235 1515 appellatus

678 1530 843 1587 fuerit
874 1530 1118 1603 Eutropii
1147 1539 1361 1602 portus,
1388 1528 1659 1601 subjiciam
1684 1528 1949 1586 nonnulla.
2023 1528 2236 1585 Chalce-

679 1617 843 1673 donia
867 1635 1035 1691 usque
1072 1616 1141 1673 ad
1174 1616 1312 1672 hanc
1348 1627 1549 1673 aetatem
1597 1634 1751 1673 suum
1781 1635 1975 1673 nomen
2011 1619 2233 1687 retinet,

680 1705 814 1762 olim
837 1722 1027 1777 magna
1056 1716 1109 1761 et
1136 1703 1381 1777 praeclara
1409 1703 1564 1771 urbs,
1598 1722 1739 1759 nunc
1772 1706 1987 1777 exiguus
2032 1705 2173 1761 vicus
2215 1724 2230 1763 ε

679 1792 796 1847 haec
820 1792 965 1846 enim
1006 1790 1195 1845 iterum
1222 1799 1276 1847 et
1308 1790 1495 1864 sepius
1524 1801 1745 1858 vastata,
1773 1792 1944 1864 primo
1963 1809 1996 1846 a
2030 1792 2228 1860 Persis,

677 1880 875 1935 iterum
900 1898 933 1933 a
957 1877 1177 1934 Valente
1196 1880 1507 1953 imperatore
1529 1880 1694 1935 muris
1715 1878 1928 1954 spoliata
1943 1919 1959 1945 ,
1985 1877 2175 1935 deinde
2200 1899 2233 1936 a

678 1966 895 2023 Gotthis
912 1983 1089 2021 evei-sa
1103 2006 1119 2033 ,
1150 1982 1308 2039 quam
1328 1976 1448 2040 post
1468 1964 1741 2021 Cornelius
1763 1965 1948 2022 Avitus
1972 1964 2143 2039 aliqua
2166 1985 2230 2022 ex

676 2039 827 2127 parte
848 2052 1105 2120 restituit3
1124 2062 1303 2127 postea
1327 2072 1360 2107 a
1383 2052 1647 2107 Saracenis
1661 2092 1679 2119 ,
1704 2061 1967 2127 posu-emo
1996 2070 2028 2107 a
2044 2053 2230 2109 Turcis

676 2139 917 2197 funditus
958 2138 1155 2207 deleta,
1198 2150 1257 2194 ut
1300 2138 1551 2197 duntuat
1575 2158 1860 2215 perparvus
1899 2140 2041 2195 vicus
2054 2151 2099 2179 ¹²
2140 2157 2228 2195 su·

672 2226 857 2301 parsit.
930 2226 1083 2283 Nulla
1104 2236 1282 2281 extant
1300 2226 1555 2281 moenium
1584 2226 1793 2298 vestigia
1812 2244 1968 2299 supra
2000 2235 2189 2281 terram
2206 2268 2221 2294 ,

674 2332 849 2389 neque
867 2314 971 2371 sub
998 2324 1161 2380 terra,
1207 2314 1308 2370 nisi
1344 2316 1474 2370 raris
1500 2314 1625 2371 locis
1652 2314 1986 2370 fundamenta
2022 2313 2123 2371 alta
2145 2314 2225 2371 in·

674 2402 918 2476 gentibus
958 2403 1093 2459 saxis
1115 2402 1381 2477 quadratis
1414 2414 1711 2459 constructa
1729 2443 1744 2467 ,
1773 2420 1888 2477 quae
1920 2404 2127 2476 penitus
2152 2404 2226 2459 es·

670 2490 787 2547 fodi
809 2508 980 2565 nuper
1000 2488 1108 2545 vidi
1130 2490 1187 2545 in
1198 2490 1592 2546 aedificationem
1616 2490 2079 2558 substructionum,
2092 2508 2222 2563 quas

667 2595 762 2633 rex
810 2576 1131 2633 Soleimanus
1156 2576 1369 2631 molitur
1415 2578 1469 2631 in
1514 2577 1670 2633 tertio
1704 2576 2220 2649 Constantinopolcos

667 2673 867 2719 monte.
886 2666 1142 2719 Portuum
1168 2663 1365 2736 aliquot
1390 2662 1556 2717 ruinae
1575 2673 1879 2729 cernuntur,
1901 2672 2057 2735 atque
2082 2680 2217 2717 nou·

663 2750 806 2807 nulla
834 2751 1003 2805 scoria
1028 2749 1351 2805 metallorum
1374 2750 1431 2803 in
1459 2766 1521 2803 ea
1546 2748 1771 2821 regionis
1804 2758 1951 2822 parte
1977 2747 2069 2803 ubi
2106 2767 2219 2804 mo-

660 2852 783 2895 neta
813 2836 1191 2902 excudebatur,
1218 2847 1333 2892 tum
1359 2847 1501 2892 extat
1529 2836 1931 2910 aquaeductuum
1960 2836 2221 2893 subterra·

658 2943 822 2982 neum
841 2943 978 2999 opus
1002 2924 1304 2992 lateritium,
1325 2942 1433 2997 quo
1448 2925 1742 2997 perurbem
1763 2942 1899 2999 aqua
1912 2923 2221 2992 ducebatur,

656 3012 838 3085 sicque
858 3011 1037 3085 portui
1060 3008 1573 3079 accommodabatur,
1602 3021 1661 3066 ut
1677 3027 1831 3084 supra
1852 3010 2041 3067 molem
2068 3011 2222 3083 longe

654 3108 961 3155 excurreret
984 3096 1054 3153 ad
1070 3114 1225 3153 usum
1249 3098 1626 3170 navigantium.
1667 3096 1961 3153 Chalcedon
1990 3098 2088 3152 sita
2110 3112 2222 3153 erat

654 3188 714 3240 in
757 3184 1127 3259 promontorio
1166 3184 1495 3257 peninsulam
1543 3182 1798 3238 efficiente
1814 3222 1829 3246 ,
1881 3180 1951 3237 ad
1986 3182 2218 3239 medium

656 3272 1075 3342 intumescente,
1118 3286 1185 3323 ex
1226 3268 1396 3325 tribus
1420 3268 1661 3342 partibus
1695 3267 1880 3323 leniter
1912 3268 2091 3323 acclivi
2110 3308 2125 3333 ,
2156 3288 2220 3325 cx

656 3365 847 3429 quarta
873 3364 1023 3429 parte
1042 3353 1197 3426 paulo
1221 3355 1493 3409 accliviore
1513 3365 1569 3408 et
1592 3352 1913 3427 depressiore
1937 3353 1993 3408 in
2016 3354 2218 3423 vallem,

660 3460 759 3516 per
801 3458 963 3514 quam
1004 3440 1196 3495 fluvius
1226 3440 1523 3496 Chalcedon
1565 3439 1825 3495 delabitur
1850 3442 1903 3495 in
1941 3442 2221 3513 Proponti-

658 3526 805 3583 dem.
834 3527 1187 3581 Promontorii
1212 3544 1333 3599 pars
1360 3526 1482 3583 solis
1509 3543 1749 3582 ooeasum
1768 3526 2089 3599 conspiciens
2108 3528 2219 3582 cin-

663 3618 806 3691 gitur
828 3617 1065 3688 Bosporo
1082 3654 1097 3682 ,
1117 3632 1238 3687 pars
1257 3632 1381 3670 vero
1401 3631 1618 3687 vergens
1638 3612 1704 3670 ad
1726 3612 1993 3670 meridiem
2016 3626 2220 3671 ortum-

660 3722 768 3778 que
803 3703 1089 3759 hibernum
1122 3700 1383 3757 clauditur
1414 3700 1767 3776 Propontide3
1792 3712 1847 3757 at
1871 3700 1937 3756 ad
1966 3704 2220 3759 orientem

664 3794 905 3850 estivam
927 3802 1163 3867 spectans
1194 3791 1391 3846 eminet
1410 3791 1469 3846 in
1503 3790 1685 3847 vallem
1698 3830 1715 3859 ,
1746 3809 1841 3865 per
1870 3809 2029 3864 quam
2068 3792 2220 3847 Chal-

662 3882 835 3939 cedon
863 3883 1008 3936 rivus
1047 3878 1263 3955 quidam
1298 3896 1520 3954 parvus,
1545 3878 1637 3934 sed
1665 3879 1791 3951 ripis
1830 3878 1944 3933 altis
1965 3878 2221 3932 coercitus

660 3964 961 4043 profundus
983 3965 1241 4021 delabitur
1264 3976 1319 4021 et
1333 3966 1495 4021 salsus
1520 3966 1576 4020 in
1600 3963 1976 4037 longitudinem
1998 3964 2219 4036 amplius

659 4054 803 4111 mille
828 4070 1076 4127 passuum
1103 4069 1269 4125 usque
1303 4050 1370 4107 ad
1402 4062 1616 4125 pontem
1665 4049 1925 4123 lapideum
1950 4051 2218 4105 transmit·

654 4150 855 4197 tentem
918 4138 1232 4213 chrysopoli
1288 4140 1511 4194 viatores
1564 4134 1944 4193 Nicomediam.
2017 4136 2102 4193 Ab
2154 4156 2217 4193 eo

652 4237 816 4304 ponte
854 4244 1026 4299 usque
1058 4225 1126 4282 ad
1154 4228 1449 4299 Bosporum
1479 4226 1701 4281 isthmus
1726 4233 1867 4298 patet
1891 4224 1946 4278 in
1989 4221 2218 4279 latitudi-

652 4330 779 4370 nem
805 4312 1015 4367 circiter
1050 4323 1173 4368 octo
1202 4310 1513 4367 stadiorum.
1586 4312 1691 4366 1130
1720 4308 1960 4365 fluviolus
1986 4311 2081 4364 etsi
2109 4312 2217 4364 exi-

654 4418 821 4473 guus,
874 4409 935 4455 ut
971 4396 1083 4471 jam
1118 4399 1331 4454 nominc
1378 4408 1577 4467 careat,
1624 4397 1913 4471 accolaeque
1959 4396 2215 4452 duntaxat

654 4486 914 4562 appellent
936 4487 1211 4543 Potamion
1228 4528 1243 4554 ,
1262 4504 1481 4561 prorsus
1506 4488 1803 4561 ignorantes
1828 4484 1955 4541 olim
1977 4485 2214 4539 nomina-

655 4585 771 4630 tum
798 4573 956 4628 fuisse
976 4572 1357 4629 chalcedonem
1380 4590 1397 4628 ι
1418 4585 1593 4630 tamen
1610 4574 1851 4628 omnium
1872 4570 1979 4626 sere
1998 4572 2213 4646 scripto-

653 4678 777 4717 rum
804 4662 1114 4717 testimoniis
1136 4680 1327 4717 nomen
1352 4660 1500 4717 dedit
1526 4660 1647 4718 urbi
1672 4658 1988 4717 Chalcedoni
2019 4678 2033 4715 :
2063 4656 2213 4732 cujus

653 4748 813 4803 etiam
851 4748 1149 4820 Xenophon
1186 4748 1424 4803 meminit
1447 4746 1584 4802 libro
1627 4746 1799 4820 primo
1824 4745 2212 4802 Hellenicorum

652 4836 744 4904 (1,
767 4834 821 4901 3,
852 4832 948 4909 a),
975 4852 1097 4889 cum
1122 4832 1445 4889 Alcibiadem
1469 4832 1681 4907 quidem
1703 4834 1776 4889 ait
1802 4833 2047 4888 universo
2063 4850 2214 4887 exer-

650 4923 763 4978 citu
798 4920 1183 4980 Chalcedonem
1222 4941 1253 4978 a
1278 4924 1413 4979 mari
1451 4920 1516 4978 ad
1560 4940 1703 4977 mare
1733 4922 1981 4989 cinxisse,
2010 4931 2063 4975 et
2090 4938 2213 4994 par·

648 5019 780 5077 tem,
810 5026 931 5082 quae
954 5008 1249 5083 pertinebat
1264 5009 1330 5065 ad
1352 5010 1549 5065 flumen
1566 5048 1581 5076 ,
1602 5026 1755 5063 muro
1774 5007 1947 5080 ligneo
1973 5009 2208 5080 sepsissc.

644 5094 1047 5150 Pharnabazum
1070 5113 1221 5164 vero,
1244 5114 1363 5151 cum
1390 5098 1433 5150 is
1449 5106 1665 5168 propter
1691 5096 1920 5149 fluminis
1947 5094 2210 5164 angustias

1915 543 2249 607 DlONYSll
2294 546 2657 610 BYzANTn

2324 696 2386 731 ac
2417 680 2771 735 munitionum
2795 683 3238 756 propinquitatem
3265 686 3322 740 in
3362 687 3547 743 urbem
3577 688 3782 761 ingredi
3820 688 3890 747 ad

2326 762 2601 821 ferendum
2628 766 2989 823 Chalcodoniis
3021 769 3272 825 auxilium
3305 790 3413 827 non
3450 786 3660 846 posset,
3698 776 3756 830 in
3781 776 3888 833 Ee·

2324 853 2542 911 raclium
2583 855 3052 913 Chalcedoniorum
3095 858 3410 919 discessisse.
3487 864 3662 919 Littus
3675 906 3692 928 ,
3741 866 3886 939 quod

2324 940 2440 1014 plus
2460 959 2620 1014 quam
2642 961 2708 998 ex
2730 942 2950 999 dimidia
2969 956 3115 1018 parte
3141 946 3333 1001 circuit
3351 952 3810 1021 promontorium,
3829 953 3885 1007 in

2324 1045 2430 1100 quo
2447 1028 2560 1101 jam
2585 1028 2696 1085 dixi
2731 1033 2882 1087 sitam
2904 1031 3306 1108 chalcedonem,
3329 1047 3544 1110 excepta
3565 1047 3715 1111 parte
3730 1078 3747 1106 ,
3771 1055 3888 1113 quoe

2323 1114 2476 1189 plana
2497 1128 2602 1184 est,
2624 1117 2714 1173 ubi
2733 1130 2917 1193 portus
2937 1129 3041 1187 est,
3065 1131 3120 1176 et
3141 1122 3286 1177 vicus
3313 1122 3611 1178 Chalcedon
3629 1165 3646 1191 ,
3675 1124 3888 1181 abrum-

2323 1202 2468 1275 pitur
2493 1204 2550 1259 in
2578 1205 2894 1278 praecipitem
2924 1207 3298 1279 proclivitatem
3312 1249 3328 1275 ,
3349 1219 3411 1265 ut
3438 1208 3546 1265 sere
3567 1221 3802 1267 erectum
3819 1213 3889 1269 sit

2325 1290 2380 1344 in
2409 1288 2738 1346 altitudinem
2763 1294 2984 1367 amplius
3011 1295 3192 1367 viginti
3216 1298 3452 1369 quinque
3469 1315 3717 1371 passuum
3733 1340 3748 1366 ,
3777 1316 3884 1356 non

2325 1378 2486 1435 modo
2521 1381 2578 1436 in
2606 1391 2744 1438 terra
2769 1384 2934 1438 saxeis
2963 1383 3318 1457 crepidinibus
3343 1386 3579 1454 invium,
3609 1386 3702 1443 sed
3725 1388 3884 1443 etiam

2324 1468 2377 1521 in
2399 1467 2532 1522 mari
2559 1469 2798 1524 cautibus
2823 1469 2957 1525 male
2978 1480 3149 1525 tutum
3173 1472 3418 1543 navigiis,
3451 1475 3550 1527 nisi
3577 1473 3669 1529 ubi
3693 1484 3882 1547 portus

2288 1593 2294 1599 .
2325 1552 2557 1613 suerunt.
2630 1556 2684 1611 Si
2704 1554 2772 1612 ab
2791 1568 3022 1612 extremo
3043 1574 3295 1613 mucrone
3310 1576 3404 1612 seu
3419 1558 3609 1631 angulo
3628 1578 3884 1634 promon-

2324 1641 2446 1696 torii
2494 1640 2860 1698 OEtalcedonici
2904 1642 3098 1714 dirigas
3139 1642 3329 1699 lineam
3373 1644 3438 1698 ad
3481 1644 3716 1701 medium
3759 1665 3883 1720 pro-

2323 1730 2573 1784 montorii
2615 1728 2862 1797 dorsum,
2891 1730 2947 1784 in
2973 1748 3080 1803 quo
3113 1732 3211 1788 sita
3251 1741 3330 1787 est
3367 1733 3842 1807 Constantinopolis
3860 1776 3878 1803 ,

2320 1816 2598 1888 perspicies
2624 1816 2814 1871 lineam
2853 1814 3006 1888 dirigi
3042 1816 3110 1871 ab
3149 1826 3272 1872 ortu
3303 1817 3512 1873 hiemali
3539 1818 3606 1873 ad
3635 1838 3882 1876 occasum

2317 1904 2638 1966 solstitialem
2651 1944 2669 1971 ,
2705 1915 2760 1960 et
2783 1903 3015 1960 dividere
3049 1908 3341 1979 Bosporum
3368 1923 3402 1960 a
3443 1907 3765 1979 Propontide
3779 1948 3797 1975 ,
3827 1920 3880 1965 et

2316 2008 2491 2045 secare
2531 1990 2983 2066 Hippodromum,
3029 2002 3082 2047 et
3121 1990 3334 2048 tendere
3377 1991 3447 2048 ad
3487 1992 3624 2048 aedes
3670 1995 3880 2051 Paiasiti

2315 2079 2452 2149 regis
2480 2078 2676 2150 positas
2717 2078 2772 2132 in
2794 2075 2925 2149 jugo
2953 2079 3092 2133 tertii
3119 2078 3294 2147 collis,
3337 2077 3464 2133 inde
3489 2078 3776 2152 procedere
3809 2081 3879 2137 ad

2316 2162 2454 2219 tedes
2478 2163 2732 2220 Mamethi
2779 2164 2914 2236 regis
2941 2165 3064 2219 sitas
3093 2164 3150 2219 in
3192 2175 3382 2237 quarto
3409 2166 3567 2230 colle,
3597 2176 3878 2241 totumque

2313 2250 2532 2308 dorsum
2554 2252 2905 2326 promontorii
2927 2270 3100 2308 secare
3119 2271 3152 2308 a
3174 2253 3344 2308 fronte
3360 2250 3430 2308 ad
3448 2270 3650 2320 muros,
3674 2264 3876 2325 partem

2313 2342 2462 2397 urbis
2493 2342 2721 2397 'circuitu
2767 2340 2927 2396 maris
2967 2351 3229 2396 carentem
3268 2338 3586 2397 claudentes.
3662 2340 3718 2396 Si
3749 2359 3876 2398 vero

2310 2445 2376 2483 ex
2396 2426 2585 2484 eodem
2609 2438 2847 2483 extremo
2863 2444 3115 2482 mucrone
3131 2426 3486 2500 promontorii
3503 2426 3874 2484 Chalcedonici

2307 2517 2497 2573 lineam
2522 2518 2743 2572 duceres
2769 2514 2835 2571 ad
2870 2513 3118 2587 angulum
3135 2516 3461 2571 Scutaricum
3481 2556 3496 2581 ,
3527 2515 3732 2571 videres
3757 2534 3872 2572 eam

2307 2604 2554 2679 progredi
2600 2623 2632 2660 a
2671 2602 2890 2659 meridie
2932 2602 2999 2657 ad
3044 2604 3452 2676 septentrionem
3466 2645 3480 2668 ,
3512 2604 3696 2660 relicto
3732 2606 3872 2661 flexu

2309 2690 2533 2747 molliter
2553 2701 2770 2746 curvato
2787 2730 2802 2755 ,
2839 2688 2930 2745 ubi
2957 2699 3035 2744 αι
3062 2700 3246 2762 portus
3271 2688 3617 2745 Chalcedonis
3639 2700 3692 2745 et
3727 2690 3870 2747 littus

2307 2777 2504 2833 humile
2539 2788 2593 2833 et
2627 2777 2862 2851 planum.
2934 2776 3087 2830 Nunc
3117 2784 3300 2847 portus
3333 2774 3590 2847 pbrutus,
3621 2786 3674 2831 et
3707 2777 3870 2833 moles

2307 2863 2544 2937 quotidie
2575 2873 2937 2936 exportantur,
2974 2871 3130 2935 atque
3170 2860 3264 2915 ubi
3305 2861 3432 2916 olim
3459 2871 3644 2934 portus
3669 2865 3869 2934 magnis

2307 2950 2528 3005 navibus
2563 2949 2775 3022 patebat
2788 2986 2804 3013 ,
2827 2965 2968 3003 nunc
2995 2946 3189 3002 alicubi
3215 2965 3324 3001 non
3353 2958 3499 3020 patet
3536 2948 3740 3021 scaphis
3754 2988 3772 3014 ,
3799 2950 3871 3005 ol:

2306 3047 2473 3109 syrtes
2499 3046 2552 3091 et
2577 3034 2774 3090 brevia.
2847 3037 3006 3089 Juxta
3039 3032 3293 3087 isthmum
3332 3034 3509 3088 existit
3541 3034 3812 3089 colliculus
3841 3056 3872 3091 a

2307 3121 2751 3195 septentrionibus
2782 3120 2914 3174 situs
2957 3120 3092 3173 inter
3117 3119 3370 3173 isthmum
3396 3129 3450 3174 et
3489 3119 3782 3193 planitiem,
3813 3121 3870 3177 in

2308 3230 2416 3286 qua
2445 3210 2559 3266 dixi
2585 3209 2751 3265 aedem
2788 3208 2945 3263 fuisse
2978 3205 3115 3262 divae
3145 3207 3480 3280 Euphemiae,
3512 3207 3726 3263 humilis
3753 3212 3870 3282 qui·

2309 3300 2430 3355 dem
2460 3300 2544 3355 ille
2565 3338 2582 3365 ,
2620 3297 2712 3353 sed
2740 3305 3178 3353 commemoratus
3205 3295 3274 3349 ab
3310 3294 3556 3369 Appiano
3577 3294 3646 3363 ¹³,
3675 3312 3864 3368 quem,

2305 3386 2638 3442 Mithridates
2681 3403 2801 3440 cum
2852 3384 3114 3440 obsideret
3151 3394 3432 3457 praetorem
3484 3385 3695 3438 Cottam
3732 3384 3872 3439 intra

2311 3472 2696 3529 chalcedonem
2737 3472 2971 3527 clausum
2988 3510 3004 3536 ,
3049 3480 3272 3543 uterque
3315 3470 3575 3524 exercitus
3611 3487 3870 3543 occupare

2309 3558 2615 3616 conahatur.
2691 3556 3074 3613 chalcedonem
3118 3555 3358 3610 habuisse
3411 3565 3628 3629 portum
3687 3566 3870 3612 catena.

2307 3646 2559 3713 clausum,
2585 3645 2874 3719 capientem
2901 3642 3122 3717 amplius
3146 3642 3409 3715 sexaginta
3431 3659 3609 3709 naves,
3637 3652 3780 3716 patet
3803 3662 3870 3699 ex

2308 3735 2554 3809 Appiano
2585 3732 2807 3807 (Mithr.
2835 3750 2898 3805 71
2922 3736 2943 3804 )
2970 3750 2984 3788 :
3011 3732 3054 3786 is
3092 3732 3232 3786 enim
3261 3732 3334 3785 ait
3357 3730 3570 3785 classem
3592 3729 3872 3785 Mithrida·

2307 3824 2372 3877 tis
2397 3825 2451 3877 in
2485 3832 2703 3896 portum
2733 3819 3204 3877 chalcedoniorum
3242 3819 3293 3873 vi
3327 3818 3610 3891 irrupisse,
3636 3829 3870 3873 catenas·

2305 3928 2436 3983 que,
2463 3909 2655 3981 quibus
2680 3909 2874 3962 ostium
2909 3916 3091 3980 pot-tm
3127 3903 3488 3970 claudebatur,
3535 3905 3740 3977 rupisse
3754 3944 3770 3970 ,
3817 3916 3872 3960 et

2306 4010 2536 4072 quatuor
2555 4014 2714 4052 naves
2741 3995 3012 4060 exussisse,
3033 3994 3401 4065 sexagintaque
3424 4010 3491 4047 ex
3510 4003 3670 4066 portu
3693 4003 3868 4064 captas

2304 4102 2482 4141 secum
2508 4083 2806 4139 abduxisse.

2303 4239 2400 4292 XI.
2437 4238 2516 4289 De
2545 4244 2710 4309 portu
2741 4230 2992 4307 Eutropii
3023 4242 3075 4286 et
3117 4232 3304 4286 Hem-o
3327 4229 3688 4305 promontorio
3720 4239 3771 4285 et
3806 4230 3868 4285 ds

2477 4320 2717 4395 antiquis
2745 4320 2903 4391 regiis
2929 4318 3129 4374 oedibaecs
3153 4316 3440 4393 appellatis
3465 4316 3687 4372 Hem-is.

2373 4479 2534 4534 Latus
2555 4473 2909 4548 promontorii
2940 4469 3306 4531 Chalcedonici
3330 4487 3550 4542 vergens
3583 4470 3778 4543 partim
3800 4475 3870 4523 aa.

2302 4562 2576 4621 meridiem
2589 4601 2606 4630 ,
2636 4562 2830 4636 partim
2859 4560 2928 4615 ad
2955 4570 3132 4616 ortum
3157 4558 3443 4615 hibernum
3458 4598 3472 4625 ,
3495 4555 3658 4613 efficit
3686 4558 3865 4612 sinum

2303 4654 2460 4727 vulgo
2483 4650 2800 4727 appellatum
2827 4647 3152 4707 Calamotum
3170 4688 3185 4714 ,
3222 4647 3366 4701 intus
3392 4644 3723 4701 recedentem
3749 4643 3868 4717 plus

2303 4742 2544 4796 minusve
2569 4748 2693 4793 octo
2732 4733 2916 4791 stadia.
2991 4737 3056 4788 In
3089 4733 3192 4789 hoc
3223 4731 3402 4789 medio
3426 4732 3587 4787 latere
3622 4729 3870 4786 videntur

2303 4828 2516 4899 vestigia
2539 4828 2769 4899 antiquae
2794 4822 2945 4879 molis
2970 4834 3182 4898 portus,
3212 4839 3369 4895 quem
3399 4820 3676 4893 episcopus
3709 4817 3864 4877 Chal·

2301 4916 2614 4973 cedonensis
2661 4914 2793 4970 mihi
2847 4910 3161 4988 persuadere
3199 4908 3490 4965 conabatur
3534 4905 3696 4961 fuisse
3740 4904 3866 4961 olim

2299 5002 2616 5078 appellatum
2647 5012 2862 5075 portum
2895 5003 3085 5066 Irenae,
3124 5006 3372 5070 corrupte
3404 4996 3551 5069 quasi
3581 4986 3806 5065 Ἡραίου
3847 5009 3863 5045 t

2302 5093 2434 5147 mihi
2461 5092 2637 5164 potius
2659 5107 2692 5143 a
2711 5090 2890 5161 regina
2917 5090 3080 5143 Irene,
3157 5086 3290 5139 Nam
3317 5094 3502 5155 portus
3528 5080 3618 5132 τοῦ
3647 5073 3866 5153 Ἡραίου

721 5297 805 5333 12.
839 5280 1047 5355 Vicus]
1084 5280 1209 5338 hod.
1242 5280 1540 5347 Kadi-Ai‘oi,
1584 5282 1621 5335 i.
1652 5298 1700 5335 e.
1720 5243 1957 5353 judicum
1981 5280 2144 5335 vicus.
2180 5280 2201 5350 ΙΙ
2297 5278 2548 5345 Nudum,
2593 5277 2760 5331 Cottae
2797 5273 3145 5339 navat-chum,
3177 5289 3299 5327 cum
3344 5270 3604 5325 exercitus
3631 5276 3781 5339 parte
3806 5262 3870 5318 τὰ

637 5389 712 5402 -
738 5361 824 5416 13.
856 5364 1289 5417 Commemoratus
1314 5362 1383 5417 ab
1410 5360 1699 5436 Appiano]
1735 5363 1995 5434 Appianus
2020 5360 2078 5414 in
2106 5362 2210 5414 Mi-

638 5438 801 5494 thrid.
834 5458 884 5496 c.
918 5460 952 5513 7
1016 5441 1084 5496 de
1110 5452 1255 5497 certo
1280 5441 1511 5515 quodam
1536 5440 1665 5496 colle
1703 5458 1808 5496 non
1838 5440 2087 5513 loquitur,
2118 5438 2208 5492 sed

2301 5359 2591 5432 ὀχυρώτατα
2617 5358 2704 5412 τοῦ
2731 5354 2896 5411 πεδίου
2924 5369 3203 5426 occupasse
3228 5350 3377 5405 dicit.
