4584 6284
1842 418 1945 479 DE
1985 419 2349 482 moNYslo
2400 421 2836 486 PERIEGETE.

3798 433 3919 510 xvij

822 549 1019 611 Attuli
1045 555 1326 610 veterum
1363 547 1442 610 de
1469 547 1756 628 Dionysio
1787 547 2138 612 testimonia
2175 567 2290 630 po-
2382 551 2639 634 diguum
2704 553 3055 618 habueruut
3120 557 3229 638 qui
3296 569 3917 638 commemoraretur3

744 637 929 711 tiora;
970 637 1106 716 jam
1156 634 1478 699 videamus
1527 635 1678 718 quid
1721 634 1866 698 hinc
1915 641 1978 697 et
2025 653 2100 699 ex
2149 636 2286 717 ipso
2378 639 2575 702 multo
2617 638 3081 704 minus'nomen
3108 645 3243 723 ejus
3282 645 3348 706 in
3380 653 3671 726 poemate
3700 649 3925 729 quaesi-

743 725 1136 808 periegeseos
1157 720 1434 784 carmine
1452 739 1594 785 cum
1615 721 1820 803 aliqua
1837 721 2286 804 probabilitatis
2374 727 2533 788 veris
2593 727 2761 808 quod
2815 728 3095 792 versibus
3161 732 3511 812 quingentis
3559 735 3919 800 vastissimo

743 812 954 894 specie
993 827 1218 874 eruere
1261 808 1462 872 liceat.
1509 808 1704 871 Patris
1744 826 1972 872 nomen
2017 829 2168 874 num
2207 829 2284 874 ex

2374 813 2747 880 continentis
2790 817 3274 898 descriptionem
3320 819 3614 897 absolvit3
3667 830 3730 885 at
3794 843 3919 888 non

742 899 1096 964 scholiastoe
1124 895 1422 960 sententia
1449 895 1634 958 fuerit
1649 895 1806 960 Dion
1823 914 1903 959 an
1929 896 2274 978 Dionysius,
2374 903 2561 966 modo
2596 904 2931 987 apponitur
2970 923 3233 984 nomen,
3280 907 3388 970 sed
3434 911 3695 973 summis
3728 913 3917 976 etiam

742 1005 1014 1072 quorum
1053 986 1314 1048 alterum
1359 1003 1433 1046 ex
1475 984 1666 1048 altero
1705 989 1908 1048 ortum
1925 1031 1944 1060 ,
1989 985 2276 1050 codicum

742 1074 1112 1140 auctoritate
1159 1071 1480 1153 dijudicari
1525 1070 1759 1154 nequit.
1807 1071 2030 1136 Nescio
2070 1079 2276 1136 tamen

743 1184 822 1226 an
851 1159 1306 1246 proeferendum
1333 1159 1412 1222 sit
1435 1176 1662 1222 nomen
1689 1159 1903 1224 Dionis
1919 1206 1936 1237 ,
1971 1160 2159 1242 idque
2187 1161 2277 1224 la-

743 1257 872 1315 teat
910 1251 1094 1314 etiam
1123 1249 1190 1312 in
1215 1243 1414 1310 verbis
1457 1244 1856 1311 Gnidonianis
1889 1267 1904 1310 ι
1949 1250 2274 1330 Dionysius

741 1341 982 1403 Ionicus
999 1384 1016 1417 ‚
1043 1355 1180 1418 qum
1197 1379 1214 1409 ,
1241 1338 1310 1396 ut
1334 1351 1500 1396 nunc
1527 1332 1788 1412 habent,
1821 1336 2084 1416 patriam
2121 1337 2276 1400 scri-

742 1427 942 1508 ptoris
969 1423 1240 1487 indicant
1259 1419 1496 1482 ratione
1524 1438 1674 1501 vaga
1703 1429 1767 1484 et
1799 1422 2087 1486 inusitata
2106 1423 2274 1488 ideo-

742 1532 864 1596 que
894 1512 1193 1590 suspecta.
1227 1507 1512 1569 Ceterum
1556 1507 1636 1570 ab
1663 1507 1764 1571 his
1793 1507 2102 1592 discrepat
2140 1511 2274 1574 Sui-

741 1600 876 1672 das,
907 1595 1014 1679 qui
1039 1593 1310 1657 eundem
1325 1639 1344 1673 ‚
1373 1599 1644 1676 utputo,
1673 1596 2032 1677 Dionysium
2058 1599 2272 1664 Glauci

733 1684 930 1746 fllium
959 1688 1292 1762 nuncupat.
1327 1682 1506 1758 Quod
1524 1689 1700 1763 pater
1719 1684 1992 1766 Dionysii
2018 1686 2114 1750 vel
2136 1686 2270 1770 ipse

733 1773 919 1836 etiam
967 1770 1298 1850 Dionysius
1357 1770 1807 1836 Alexandrinus
1860 1780 2129 1853 vocatur,
2192 1777 2271 1840 de

727 1861 924 1942 patria
976 1858 1380 1942 quaestionem
1431 1878 1558 1924 non
1603 1858 1858 1924 dirimit.
1911 1863 2269 1928 Scholiastae

727 1948 1090 2029 Dionysium
1119 1964 1344 2028 genere
1373 1947 1592 2010 Afrum
1619 1949 1812 2012 fuisse
1838 1949 2118 2014 dicentes
2145 1951 2270 2015 for-

725 2037 909 2100 tassis
939 2035 1109 2099 nullo
1139 2035 1262 2098 alio
1291 2035 1644 2100 testimonio
1666 2037 1948 2102 nituntur
1976 2059 2162 2122 quam
2192 2059 2268 2104 eo

726 2124 894 2206 quod
925 2123 1043 2207 ipsi
1083 2142 1119 2186 e
1157 2123 1552 2204 periegeseos
1592 2125 1996 2191 adornatione
2039 2127 2269 2193 elicue-

725 2219 890 2276 runt.
921 2211 1101 2274 Haud
1131 2211 1340 2291 magni
1381 2211 1448 2274 id
1499 2211 1852 2276 faciendum
1895 2233 2034 2278 esse
2075 2217 2270 2280 Bern-

726 2300 996 2382 hardyus
1049 2319 1114 2380 p.
1161 2302 1275 2363 497
1332 2300 1606 2376 censuit,
1659 2321 1848 2382 quum
1887 2303 2268 2385 Pomponius

727 2390 890 2451 Mela
917 2404 1167 2469 quoque
1195 2391 1260 2448 et
1283 2385 1570 2449 Manilius
1603 2386 1682 2470 (4,
1720 2387 1855 2472 595)
1889 2395 1964 2452 et·
1979 2392 2266 2456 Antonini

724 2473 1116 2539 Itinerarium
1137 2471 1218 2534 ab
1258 2473 1466 2536 Africa
1487 2473 1855 2538 narrationis
1883 2493 2014 2540 suae
2043 2477 2269 2558 princi·

726 2562 900 2644 pium
947 2559 1292 2643 petiverint.
1327 2560 1407 2622 At
1439 2559 1540 2623 his
1577 2561 1875 2643 exemplis
1919 2564 2268 2630 scholiasta-

720 2668 862 2713 rum
897 2647 1255 2727 coniectura
1291 2649 1574 2710 firmatur
1599 2648 1806 2730 potius
1835 2669 2024 2732 qnam
2053 2651 2268 2717 infrin-

717 2738 903 2819 gitur.
931 2739 1086 2799 Nam
1115 2735 1276 2798 Mela
1295 2734 1606 2816 Hispanus
1632 2735 1752 2798 fuit
1775 2755 1851 2800 ex
1875 2738 2260 2819 Tingentera,

717 2843 904 2910 quam
920 2871 937 2904 ‚
965 2829 1038 2887 ut
1054 2823 1188 2896 ipse
1207 2822 1294 2886 ait
1321 2820 1402 2907 (2,
1427 2825 1488 2897 6,
1513 2821 1597 2905 9),
1617 2823 1944 2889 transvecti
1967 2843 2044 2888 ex
2063 2827 2266 2891 Africa

719 2913 1042 2978 Phoenices
1081 2910 1408 2985 tenebant;
1461 2910 1750 2976 Manilius
1786 2930 1963 2993 vero,
2002 2913 2262 2998 Augusti

719 3010 782 3067 et
807 2999 1035 3065 Tiberii
1063 3016 1306 3064 coaevus
1324 3043 1342 3075 ‚
1369 2997 1434 3061 in
1461 2997 1680 3064 codice
1706 3001 2009 3065 Vossiano
2043 3007 2264 3068 Poenus

715 3095 990 3167 vocatur,
1011 3087 1271 3150 fortasse
1293 3103 1490 3165 genus
1508 3085 1746 3152 ducens
1760 3107 1796 3151 a
1813 3089 2068 3154 Manilio
2087 3110 2262 3158 servo

717 3177 825 3259 qui
849 3181 1133 3256 tempore
1162 3173 1330 3236 tertii
1355 3173 1508 3236 belli
1535 3175 1752 3238 Punici
1787 3177 2046 3240 Romam
2076 3196 2264 3244 vene-

691 3261 1182 3339 ’rat31tineraria
1205 3258 1502 3342 denique,
1527 3279 1668 3342 quoe
1691 3261 2048 3328 etiamnunc
2067 3265 2264 3330 mani-

715 3352 871 3415 festo
892 3367 1100 3413 errore
1128 3347 1426 3410 Antonini
1446 3366 1678 3411 nomen
1707 3349 1770 3412 iu
1792 3350 1994 3415 fronte
2013 3360 2254 3432 gerunt,

715 3439 782 3503 in
821 3437 1062 3516 Africa,
1091 3434 1456 3516 Carthagine
1475 3481 1494 3515 ‚
1535 3442 1608 3498 ut
1647 3436 1912 3515 videtur,
1967 3457 2002 3502 e
2031 3438 2258 3504 tabulis

715 3525 1044 3592 itinerariis
1086 3523 1396 3606 descripta
1427 3542 1563 3588 esse
1581 3570 1600 3604 ‚
1649 3525 1751 3588 vix
1795 3526 2106 3591 dubitabit
2149 3530 2258 3612 qui

713 3617 794 3680 ad
807 3615 1098 3681 codicum
1112 3611 1381 3676 rationes
1399 3613 1640 3696 aliaque
1661 3612 1892 3678 indicia
1903 3616 2251 3695 attenderit,

713 3723 854 3789 quae
882 3701 1098 3788 paucis
1129 3700 1302 3781 attigi
1334 3701 1402 3764 in
1429 3702 1863 3782 Emyclopedie
1901 3705 2006 3767 des
2037 3713 2163 3770 aris
2197 3715 2256 3771 et

717 3795 824 3856 des
867 3797 1116 3855 πίθησθε
1161 3788 1610 3872 (supplement)
1660 3808 1710 3852 s.
1764 3810 1820 3854 v.
1867 3792 2250 3875 Itineraires,

715 3880 1001 3965 pluribus
1043 3894 1190 3942 vero
1229 3877 1297 3939 in
1339 3876 1520 3940 tertio
1549 3878 2055 3961 Geographorum
2082 3882 2252 3946 volu·

713 3966 885 4029 mine
930 3981 1291 4047 prosequar.
1338 3963 1562 4040 Quidni
1609 3965 1798 4047 igitur
1847 3986 1962 4030 nos
2006 3987 2254 4054 quoque

713 4073 861 4120 cum
899 4051 1157 4116 vetustis
1199 4051 1476 4134 Dionysii
1516 4051 1960 4136 interpretibus
2008 4061 2253 4134 gentem

713 4147 916 4226 poetae
955 4137 1154 4204 nostri
1181 4156 1218 4202 e
1243 4138 1434 4220 Libya
1475 4139 1798 4204 oriundam
1829 4139 2018 4204 fuisse
2063 4143 2254 4224 copii-

709 4229 985 4294 ciamus?

785 4319 1094 4380 Praeterea
1120 4332 1266 4378 vero
1295 4314 1416 4378 alia
1443 4315 1835 4396 exstat.regio
1861 4333 2004 4398 quae
2031 4335 2068 4378 a
2103 4317 2255 4381 Dio-

707 4405 866 4488 nysii
913 4421 1180 4488 persona
1238 4421 1364 4466 non
1403 4402 1605 4466 aliena
1647 4401 1838 4468 fuisse
1881 4403 2142 4466 videtur.
2186 4407 2253 4468 In

706 4491 992 4576 Bithynia
1009 4490 1180 4553 haud
1203 4490 1386 4571 longe
1405 4509 1444 4554 a
1459 4493 1740 4572 Bosporo
1762 4489 1829 4554 in
1851 4492 2118 4554 Pontum
2146 4492 2257 4556 de-

708 4579 936 4644 labitur
970 4577 1216 4641 Rhebas
1255 4577 1576 4655 fluviolus,
1618 4577 1899 4660 priscum
1933 4597 2162 4643 nomen
2194 4589 2256 4644 et

709 4667 896 4732 hodIe
927 4683 1205 4742 servans;
1235 4665 1472 4730 mentio
1503 4665 1640 4745 eius
1665 4667 1738 4728 fit
1763 4665 1926 4748 apud
1963 4665 2255 4747 Periplon

711 4763 773 4821 et
799 4754 1253 4837 Argonauticon
1281 4753 1615 4836 scriptores
1647 4761 1711 4818 et
1725 4753 1996 4817 Plinium
2023 4761 2086 4818 et
2109 4756 2256 4818 Pto-

709 4843 1000 4909 lemaeum
1043 4844 1157 4926 (1);
1194 4842 1574 4925 Pomponius
1601 4841 1761 4906 Mela
1799 4849 1864 4906 et
1896 4842 2116 4905 Strabo
2167 4843 2253 4906 in·

701 5030 1036 5168 ..ms
1072 5029 1198 5152 {112²
1218 5029 1861 5166 ipffmfflrssff}
1887 5033 1988 5152 1⁷⁷⁸?
2003 5029 2248 5151 ‘um‘

701 5174 828 5237 Epit.
858 5171 1034 5238 peripli
1058 5172 1294 5239 menippei
1327 5171 1358 5238 S
1388 5177 1436 5235 8,
1463 5185 1513 5238 p.
1551 5178 1674 5236 ⁵693
1707 5173 2000 5226 Ptolemaeus
2041 5181 2088 5236 5,
2122 5179 2166 5236 t,
2188 5180 2245 5233 ὸς

702 5243 868 5307 steph.
899 5243 1012 5306 Byx.
1041 5254 1154 5294 ιν.

2371 989 2667 1054 orationis
2698 990 3037 1056 luminibus
3066 991 3404 1057 illustratur
3424 1013 3512 1058 vs.
3549 1001 3667 1062 794
3701 1020 3716 1062 ι

2492 1149 2627 1212 'Am
2653 1151 2707 1200 δὲ
2734 1151 2922 1201 Βιθυνοὶ
2951 1151 3147 1216 λιπαρὴν
3168 1153 3315 1216 χθόνα
3340 1152 3606 1205 ναιετάουσι
3620 1192 3637 1218 ,

2487 1219 2656 1278 Ῥήόας
2687 1219 2775 1270 tvo·
2792 1221 3023 1284 ἐρατεινὸν
3045 1221 3312 1288 επιπροΐησι
3334 1224 3512 1288 ῥέεθρον
3527 1261 3542 1286 ,

2486 1289 2659 1347 ‘Paene
2672 1326 2687 1351 ,
2716 1290 2766 1348 ὃς
2788 1289 2989 1342 Πόντοιο
3007 1292 3131 1356 παρὰ
3154 1294 3467 1354 στομάτεσσιν
3497 1295 3644 1345 ὁδεύει
3658 1330 3675 1356 ,

2486 1359 2657 1420 Ῥήδας
2674 1398 2689 1426 ,
2708 1360 2766 1412 οὖ
2792 1363 3038 1414 κάλλιστον
3069 1363 3145 1414 ἐπὶ
3162 1365 3292 1428 χθονὶ
3314 1365 3499 1430 σύρεται
3520 1367 3659 1432 ὕδωρ.

2362 1487 2653 1552 Formula
2691 1489 2842 1566 hac,
2892 1509 3015 1573 qua
3052 1491 3249 1554 tribus
3290 1491 3569 1554 versibus
3598 1492 3766 1557 idem
3804 1515 3910 1559 no·

2364 1593 2508 1638 men
2537 1575 2736 1639 tribus
2762 1577 3000 1640 vicibus
3028 1579 3289 1654 canitur,
3322 1579 3649 1660 Dionysius
3678 1579 3743 1642 in
3769 1583 3911 1645 reli-

2364 1684 2487 1747 quo
2514 1665 2790 1728 carmine
2820 1685 2944 1729 non
2966 1667 3157 1730 utitur
3182 1666 3302 1729 nisi
3322 1666 3400 1731 de
3428 1668 3585 1731 locis
3602 1669 3765 1733 fama
3786 1672 3910 1735 cla-

2362 1753 2626 1816 rissimis
2646 1799 2665 1833 ,
2694 1754 2773 1817 de
2800 1754 3161 1836 Carthagine
3182 1755 3369 1836 (195),
3398 1757 3477 1820 de
3504 1755 3711 1820 Tiberi
3742 1759 3902 1842 (352)

2362 1840 2565 1924 deque
2592 1841 2706 1905 Ilio
2750 1842 2935 1924 (815).
2977 1845 3189 1924 ltaque
3236 1862 3361 1906 non
3402 1844 3751 1928 assequeris
3792 1866 3907 1912 cur

2360 1925 2585 1993 eod'em
2630 1930 2869 1994 honore
2914 1931 3253 2011 ignobilem
3296 1931 3601 2013 Bithyniae
3649 1935 3902 2000 fluvium

2360 2015 2770 2096 decoraverit,
2800 2017 2921 2080 nisi
2964 2018 3087 2082 hoc
3128 2017 3341 2081 debe-ri
3370 2027 3553 2100 poeta
3592 2023 3906 2088 censuerit

2356 2103 2595 2185 regioni
2637 2105 2700 2168 in
2730 2124 2854 2188 qua
2879 2105 2975 2170 vel
3003 2107 3208 2170 lucem
3233 2106 3600 2188 adspexerat
3624 2108 3723 2172 vel
3762 2109 3905 2174 diu-

2356 2191 2479 2256 tius
2500 2201 2632 2257 erat
2652 2197 3092 2258 commoratus.
3122 2193 3365 2257 Primus
3383 2193 3462 2256 ad
3487 2195 3607 2258 hoc
3622 2195 3901 2264 animum

2358 2281 2619 2346 advertit
2652 2281 2705 2344 is
2755 2279 2861 2364 qui
2900 2282 2967 2345 in
3001 2281 3199 2346 lexico
3234 2281 3531 2346 Suidiano
3573 2283 3905 2368 adscripsit

2358 2369 2523 2432 istud
2550 2388 2566 2430 ζ
2602 2369 3001 2446 Ὑπολαμὸιίνω
3028 2369 3107 2430 ὅτι
3137 2369 3404 2436 Διονύσιος
3426 2371 3705 2440 Βυζάντιος
3727 2365 3790 2448 ἦν
3814 2375 3901 2435 διὰ

2356 2457 2445 2517 τὸν
2472 2457 2711 2536 ποταμὸν
2734 2455 2965 2532 Ῥήὸαν,
2982 2475 3359 2539 quamquam
3386 2475 3571 2520 causa
3598 2477 3723 2522 non
3756 2461 3903 2524 sub-

2358 2551 2487 2608 erat
2544 2563 2656 2608 cur
2700 2543 2903 2607 vicino
2948 2545 3234 2627 Byzantio
3280 2543 3485 2627 potius
3540 2565 3729 2626 quam
3779 2547 3899 2631 ipsi

2357 2631 2657 2713 Bithynioe
2701 2637 2949 2712 poetam
2990 2631 3347 2695 vindicaret.
3379 2632 3676 2697 Similiter
3702 2637 3903 2700 Bern-

2356 2718 2625 2800 hardyus
2657 2718 2777 2802 (ad
2801 2719 2979 2782 Dion.
3008 2737 3069 2801 p.
3102 2717 3249 2802 497)
3280 2719 3644 2800 Dionysium
3687 2721 3753 2785 in
3798 2723 3903 2788 Bi-

2354 2808 2688 2888 thynorum
2709 2807 2804 2869 vel
2821 2806 3091 2887 Byzantii
3108 2812 3307 2870 tractu
3329 2806 3660 2870 arbitratur
3684 2817 3898 2874 natum

2354 2912 2491 2957 esse
2508 2900 2615 2956 aut
2640 2912 2785 2957 cum
2810 2893 2942 2956 istis
2964 2892 3208 2976 populis
3231 2895 3494 2956 multam
3522 2899 3899 2962 contraxisse

2354 2980 2869 3045 consuetudinem
2922 2980 3025 3064 (1).
3085 2981 3408 3044 Jacobsius
3475 2981 3730 3065 quidem
3792 2985 3898 3069 (in

2352 3073 2546 3135 Ersclt
2575 3089 2639 3132 u.
2676 3071 2937 3134 Gmbers
2964 3071 3243 3149 Βησιμὼ,
3276 3076 3321 3132 t.
3354 3073 3455 3139 25.
3491 3089 3553 3150 p.
3584 3069 3737 3152 345)
3766 3078 3901 3135 tan-

2351 3167 2483 3222 tum
2516 3163 2905 3222 momentum
2954 3155 3157 3219 verbis
3213 3154 3515 3236 Dionysii·
3536 3155 3743 3220 inesse
3792 3160 3900 3221 ad-

2351 3243 2651 3307 dubitavit
2674 3261 2749 3306 ac
2774 3243 2979 3308 forsan
3014 3240 3293 3304 Rhebam
3324 3239 3579 3304 fluvium
3599 3242 3749 3304 olim
3774 3261 3901 3307 ma-

2343 3333 2548 3413 jorem
2594 3331 2783 3394 fuisse
2812 3329 3157 3411 suspicatus
3200 3334 3315 3392 est.
3368 3327 3545 3404 Quod
3588 3347 3775 3412 quam
3819 3332 3900 3395 sit

2348 3420 2669 3504 probabile
2698 3428 2767 3484 tu
2793 3417 3023 3482 videas.

2425 3513 2563 3588 Jam
2592 3508 2645 3572 si
2669 3507 2997 3592 Dionysius
3028 3506 3194 3590 apud
3220 3504 3586 3570 scholiastas
3612 3506 3779 3576 Λίὸυς
3800 3527 3899 3574 vo·

2346 3605 2543 3674 catur,
2570 3597 2705 3679 ipse
2732 3602 2941 3661 autem
2981 3594 3256 3660 carmine
3282 3611 3395 3658 suo
3423 3612 3561 3657 eam
3588 3595 3895 3677 Bithyniae

2346 3693 2585 3770 partem
2599 3731 2617 3764 ,
2648 3685 2714 3748 in
2744 3703 2867 3768 qua
2894 3684 3137 3749 Rhebas
3162 3683 3381 3746 fluvius
3404 3689 3565 3758 erat,
3596 3689 3891 3766 tanquam

2345 3775 2605 3860 patriam
2644 3772 2968 3853 designare
3005 3770 3270 3848 videtur,
3316 3769 3529 3834 nescio
3566 3788 3644 3832 an
3678 3789 3892 3835 verum

2344 3861 2687 3944 tetigerim,
2714 3865 2931 3924 natum
2968 3877 3103 3923 esse
3138 3861 3389 3940 poetam
3428 3862 3653 3939 putans
3688 3857 3754 3920 in
3794 3863 3895 3920 Λι-

2347 3951 2517 4031 ὅύσσῃ
2562 3950 2719 4027 κώμῃ
2738 3993 2755 4022 ,
2807 3945 2915 4029 qui
2961 3945 3133 4010 vicus
3182 3943 3447 4026 Libycus
3468 3990 3485 4019 ,
3529 3943 3893 4010 Hannibalis

2348 4055 2519 4101 mora
2542 4043 2605 4100 et
2627 4039 2827 4099 morte
2846 4032 3111 4111 celeber,
3138 4031 3204 4095 in
3228 4031 3345 4094 ista
3364 4031 3669 4113 Bithynia
3693 4037 3895 4095 tractu

2346 4124 2500 4189 situs
2546 4129 2681 4187 erat
2726 4120 2971 4185 medius
3014 4121 3175 4182 inter
3216 4119 3609 4182 Pantichium
3664 4119 3893 4200 (hodie

2344 4209 2618 4294 Pendilc)
2650 4217 2835 4293 atque
2866 4205 3295 4272 Nicomediam
3330 4206 3501 4290 (hod.
3531 4207 3774 4286 Iamid),
3808 4207 3895 4270 ita

2346 4308 2418 4365 ut
2453 4320 2492 4364 a
2538 4297 2858 4362 Pantichio
2898 4301 2979 4361 24
3018 4295 3184 4378 (ltin.
3237 4295 3428 4376 Ant.)
3457 4295 3551 4358 vel
3589 4299 3667 4358 22
3713 4295 3887 4378 (ltin.

2346 4385 2628 4470 Hieros.)
2680 4405 2765 4450 m.
2816 4403 3063 4468 passuS,
3092 4401 3129 4446 a
3162 4382 3526 4448 Nicomedia
3566 4391 3775 4446 autem
3812 4387 3891 4447 22

2346 4477 2526 4558 (ltin.
2562 4475 2741 4554 Ant.)
2782 4473 2879 4537 vel
2920 4474 2998 4536 23
3042 4469 3203 4550 (tab.
3236 4467 3451 4552 Peut.)
3502 4471 3599 4534 vel
3646 4473 3725 4534 25
3774 4472 3887 4552 (It.

2346 4561 2625 4642 Hieros.)
2656 4579 2743 4624 m.
2782 4577 3000 4642 passus
3030 4558 3307 4622 distaret.
3348 4557 3583 4636 Quibus
3618 4556 3891 4622 innitens

2348 4649 2658 4713 mensuris
2699 4647 3013 4729 Libyssam
3058 4663 3369 4728 compono
3396 4662 3544 4708 cum
3582 4643 3891 4709 hodierno

2345 4739 2481 4802 vico
2540 4738 2947 4818 Tawjandy‘ile,
3010 4734 3187 4814 cujus
3256 4751 3487 4796 nomen
3554 4749 3891 4812 agnoscere

2345 4825 2501 4890 mihi
2528 4825 2742 4890 videor
2762 4824 2826 4888 in
2855 4821 3087 4888 mutilis
3114 4821 3371 4886 scholiis
3395 4820 3475 4884 ad
3502 4819 3735 4883 Tzetzis
3754 4819 3893 4885 Chi·

2346 4913 2493 4978 liad.
2529 4918 2586 4989 1,
2605 4915 2722 4976 788
2744 4911 2827 4990 (in
2848 4909 3116 4974 Crameri
3141 4908 3374 4972 Anecd.
3397 4907 3620 4970 Parias.
3644 4913 3796 4972 tom.
3823 4910 3882 4982 3,

2346 5019 2409 5082 p.
2434 5003 2551 5063 353
2574 5001 2629 5080 ),
2663 4997 2770 5062 ubi
2790 4997 3044 5078 Libyssa
3069 4995 3235 5060 nunc
3269 4994 3335 5055 τὰ
3362 4995 3583 5056 Bouttos
3612 4994 3718 5073 (τὰ
3747 4997 3890 5056 Βαν-

2065 5101 2244 5152 arcian.
2342 5089 2453 5148 τίου
2492 5087 2589 5150 vel
2618 5085 2967 5168 Ταὸἄντιαῖ)
3001 5083 3209 5150 vocari
3247 5081 3495 5144 dicitur.
3527 5083 3729 5168 Vulgo
3752 5079 3893 5166 qui-

2406 5235 2476 5302 (1)
2504 5241 2759 5305 Dionysius
2774 5239 3021 5304 Bithylfioe
3036 5243 3230 5304 minc·
3254 5243 3407 5292 lmcr.
3436 5251 3491 5303 p.
3520 5246 3643 5302 973.

3610 5381 3621 5391 ·
3676 5371 3705 5422 0
