4584 6284
630 574 706 627 84

622 694 865 750 bescente
883 695 1068 748 ostreis
1085 712 1179 748 sua
1195 703 1383 767 sponte
1404 690 1832 765 provenientibus
1848 732 1863 756 ,
1888 710 1997 746 non
2016 701 2189 745 autem

622 781 908 846 seminatis,
930 790 991 833 ut
1005 781 1331 834 seminantur
1353 778 1490 833 circa
1510 778 1938 851 promontorium
1963 775 2187 848 Metopi-

622 888 745 924 cum
772 869 1056 942 quotannis
1084 868 1141 921 in
1176 869 1323 921 bunc
1344 866 1583 921 modum.
1606 869 1949 934 Posteaquam
1969 865 2141 919 Graeci
2159 881 2191 917 a

622 957 853 1032 piscibus
872 956 1126 1028 sanguine
1149 955 1491 1029 participibus
1517 973 1667 1009 suam
1694 954 1907 1025 longam
1923 952 2187 1007 abstinen-

1802 560 2151 623 moNYsu
2192 556 2558 620 BYZANTII

2276 687 2604 762 appulissent
2643 706 2711 741 ex
2748 704 2900 760 eoque
2939 686 3240 751 sole-issent,
3289 705 3474 742 rursus
3508 686 3585 741 ad
3620 687 3833 743 eundem

2276 774 2439 829 locum
2466 784 2800 828 murterunt.
2825 770 2993 827 Paulo
3017 790 3180 847 supm
3201 772 3563 847 pnoecipitium
3589 774 3834 831 Palinor-

2276 859 2444 914 micon
2469 857 2685 914 exsistit
2711 857 2957 931 tenplum
2975 858 3242 913 Ptolemaei
3281 856 3652 931 Philadelphi,
3683 878 3833 934 quem

2276 944 2519 1013 Byzantii
2549 962 2690 1020 oeque
2719 963 2783 999 ac
2816 943 2968 999 deum
3001 944 3233 999 venerati
3266 955 3424 1009 sunt,
3446 942 3589 1018 quod
3619 962 3685 999 ex
3718 946 3830 1018 ejus

626 1045 751 1099 tiam
773 1052 1153 1097 -sustentarunt
1170 1042 1355 1096 ostreis
1374 1039 1649 1095 luculentis
1682 1039 1895 1113 quidem
1913 1078 1930 1106 ,
1955 1037 2048 1093 sed
2069 1056 2187 1093 san·
2278 1033 2334 1087 in
2373 1033 2544 1087 urbem
2569 1030 2739 1087 animi
2763 1029 3120 1101 magnitudine
3130 1030 3378 1101 fructum
3417 1048 3666 1099 magnum
3691 1050 3832 1087 acce·

626 1132 829 1203 guinis,
872 1138 936 1183 ut
969 1129 1069 1202 ipsi
1113 1138 1333 1200 putant,
1381 1127 1705 1193 carentibus,
1753 1146 1820 1182 ex
1862 1126 1989 1181 locis
2031 1125 2189 1199 paulo

625 1216 998 1272 remotioribus
1019 1214 1087 1271 ab
1113 1215 1247 1269 urbe
1266 1232 1423 1269 naves
1448 1215 1633 1269 ostreis
1657 1212 1835 1289 plenas
1856 1211 1925 1268 ad
1941 1213 2054 1268 hoec
2078 1214 2189 1267 loca

627 1306 891 1360 maritima
924 1303 1043 1358 urbi
1068 1304 1445 1376 propinquiora
1463 1300 1734 1357 adducunt
1749 1343 1765 1370 ,
1795 1311 1952 1374 atque
1972 1303 2031 1357 in
2046 1320 2190 1357 mare

627 1394 757 1465 palis
780 1391 1035 1465 abjiciunt
1056 1401 1253 1446 ostreas
1272 1392 1528 1462 integras,
1549 1408 1657 1445 non
1676 1389 1922 1445 dissectas
1936 1428 1953 1455 ,
1970 1399 2032 1444 ut
2046 1408 2189 1444 men·

630 1479 784 1534 daces
810 1476 1029 1550 quidam
1056 1487 1471 1531 monstrosarum
1502 1476 1863 1531 narrationum
1888 1475 2094 1530 fictores
2131 1474 2187 1528 in

628 1564 831 1621 Italiam
854 1575 1151 1638 sparserant
1174 1574 1229 1619 et
1252 1563 1719 1619 disseminaverant
1732 1602 1749 1630 ,
1778 1573 1840 1617 ut
1866 1580 1953 1617 me
1985 1562 2190 1636 impru-

629 1654 840 1708 dentem
862 1653 1168 1727 deceperint
1185 1689 1202 1718 ,
1226 1663 1289 1706 ut
1318 1652 1404 1706 vix
1425 1670 1551 1707 cum
1569 1652 1821 1706 venissem
1839 1651 2147 1723 Byzantium
2168 1690 2184 1715 ,

626 1740 859 1814 prudens
878 1739 1045 1795 sactus
1058 1758 1090 1794 a
1104 1741 1287 1813 peritis
1302 1739 1669 1813 piscatoribus,
1690 1737 1989 1793 dissuadere
2008 1748 2191 1811 potue-

627 1830 727 1882 rim
752 1828 1119 1901 imperitorum
1145 1827 1449 1899 opinionem
1462 1824 1781 1899 jamdudum
1806 1825 2185 1880 confirmatam.

627 1916 708 1968 Ex
738 1914 826 1968 ilia
846 1914 1009 1984 igitur
1024 1914 1296 1986 sparsione
1322 1921 1375 1967 et
1400 1910 1829 1967 disseminatione
1860 1911 1951 1978 fit,
1975 1922 2034 1965 ut
2057 1929 2189 1985 quo-

629 2002 801 2058 tannis
826 2010 1119 2056 ostrearum
1146 2016 1309 2072 genus
1345 2009 1651 2065 renovetur,
1690 1997 1948 2071 luxusque
1980 2017 2187 2055 morum

629 2090 937 2143 Graecorum
952 2084 1358 2157 redintegretur.
1376 2087 1470 2141 Sin
1494 2096 1667 2141 autem
1690 2086 1864 2140 minus
1882 2096 2051 2139 totum
2067 2104 2189 2159 pro-

632 2173 960 2228 montorium
986 2170 1228 2242 intelligit
1243 2171 1497 2243 Metopon
1518 2188 1628 2225 esse
1650 2171 1934 2244 Dionysius
1950 2213 1965 2235 ,
1986 2172 2079 2229 sed
2103 2192 2187 2227 so·

633 2259 736 2318 lam
772 2258 1123 2331 promontorii
1156 2257 1391 2329 linguam
1425 2260 1741 2315 eminentem
1787 2277 1945 2332 supra
1993 2262 2185 2333 primas

632 2349 781 2401 sinus
816 2346 991 2402 fauces
1021 2365 1036 2401 ι
1073 2359 1189 2401 tum
1224 2345 1518 2419 conjectare
1564 2365 1840 2422 possumus
1878 2348 2183 2405 Ostieodem

632 2435 807 2491 locum
848 2452 1129 2509 occupasse
1164 2452 1314 2489 oram
1358 2437 1671 2491 maritimam
1709 2436 1985 2493 alluentem
2039 2438 2185 2493 urbis

631 2523 767 2578 latus
791 2524 983 2577 orienti
1007 2522 1282 2578 adversum
1301 2564 1315 2589 ,
1351 2534 1405 2577 et
1428 2522 1627 2579 radices
1649 2527 1996 2596 promontorii
2020 2527 2181 2599 Span-

631 2606 815 2662 donini
837 2618 1124 2681 spectantes
1150 2607 1218 2662 ad
1246 2608 1585 2663 meridianam
1608 2608 1723 2663 coeli
1751 2610 2036 2681 regionem.

631 2788 753 2845 vn.
782 2794 863 2843 De
889 2788 1107 2843 AEantio
1131 2802 1184 2843 et
1212 2789 1563 2845 Palinormico
1597 2802 1650 2847 et
1681 2792 1868 2867 templo
1891 2795 2175 2863 Ptolemoei,

692 2874 759 3015 ἵε
784 2877 1010 2973 ‘Iasonio
1026 2889 1079 2930 et
1116 2878 1231 2931 luco
1268 2877 1537 2951 Apollinis
1578 2889 1631 2932 et
1667 2878 1733 2933 de
1774 2880 1901 2936 aliis
1942 2882 2181 2958 antiquis

712 2980 838 3019 ocis.

1276 3086 1371 3145 Fr.
1420 3096 1493 3147 28

689 3267 793 3321 Sed
824 3266 984 3321 redeo
1024 3266 1093 3321 ad
1118 3266 1459 3339 Dionysium,
1500 3268 1591 3338 qui
1612 3286 1643 3322 a
1682 3270 1897 3342 Metopo
1932 3270 2177 3346 deinceps

622 3354 693 3405 ita
720 3350 967 3424 anaplum
984 3352 1315 3424 persequitur
1340 3355 1537 3416 :Post‚
1562 3353 1766 3424 inquit,
1794 3358 2069 3429 Metopon,
2101 3373 2179 3413 est

622 3441 877 3492 AEannon
902 3456 1079 3492 nomen
1104 3436 1349 3511 adeptum
1375 3438 1445 3492 ab
1471 3440 1640 3510 Ajace
1672 3440 1994 3507 Telamonia,
2029 3462 2176 3517 quem

621 3534 839 3596 propter
854 3521 1116 3595 quandam
1141 3522 1569 3578 vaticinationem
1586 3524 1763 3579 colunt
1778 3528 2099 3595 Megarenses
2113 3548 2179 3584 ea·

626 3609 873 3664 instituto
904 3626 1075 3663 eorum
1112 3608 1208 3683 qui
1236 3607 1559 3663 deduxerunt
1584 3608 1861 3668 coloniam.
1898 3612 2033 3667 Inde
2048 3632 2178 3689 pro·

626 3694 802 3751 cidens
821 3694 1206 3771 proecipitium‚
1234 3714 1531 3751 conversum
1558 3695 1615 3751 in
1650 3715 1822 3762 mare,
1852 3699 2177 3757 nominatum

625 3794 704 3839 est
742 3781 1149 3837 Palinormicum
1168 3800 1205 3836 a
1228 3781 1453 3837 secunda
1476 3784 1852 3858 applicatione.
1890 3788 2178 3862 Postquam

624 3869 761 3924 enim
799 3868 1009 3925 colonia.
1044 3866 1342 3924 deductores
1373 3868 1450 3923 ad
1470 3888 1585 3925 eum
1612 3871 1780 3926 locum
1820 3892 1982 3929 naves
1999 3874 2179 3950 primo

2266 1117 2492 1193 pissent.
2521 1117 2730 1173 Etenim
2756 1115 3031 1189 Byzantiis
3067 1116 3374 1172 Ptolemoeus
3405 1116 3464 1171 in
3489 1116 3633 1173 Asia
3667 1118 3832 1187 tegio·

2275 1222 2388 1258 nem
2396 1202 2752 1277 frumentique
2774 1202 2966 1258 multas
2999 1202 3252 1274 myriades
3284 1192 3338 1257 et
3353 1201 3589 1272 sagittas
3607 1213 3660 1257 et
3667 1221 3828 1277 pecu·

2274 1289 2396 1345 nias
2432 1286 2662 1345 dederat.
2707 1287 2908 1343 Deinde
2946 1301 3026 1343 est
3060 1289 3198 1344 locus
3234 1287 3414 1344 dictus
3449 1288 3744 1364 Delphinus
3777 1300 3830 1344 et

2279 1376 2598 1433 Chae-undas.
2631 1380 2799 1433 Causa
2825 1374 3088 1431 nominum
3115 1375 3222 1431 lucc
3241 1387 3340 1433 est.
3368 1375 3476 1431 Vir
3509 1376 3714 1433 Chalcis
3738 1395 3829 1431 no-

2276 1463 2532 1530 minatus,
2545 1480 2721 1533 genere
2740 1460 3042 1533 Byzantius,
3063 1461 3283 1517 scientia
3307 1461 3644 1525 citharoedus,
3666 1462 3831 1517 nullis

2272 1549 2491 1605 summis
2535 1546 2837 1604 eitharoedis
2885 1547 3118 1618 inferior,
3161 1565 3278 1602 cum
3326 1547 3569 1602 Orthium
3622 1566 3828 1603 carmen

2274 1648 2494 1702 caneret,
2516 1635 2794 1712 delphinus
2814 1654 2883 1691 ex
2892 1636 3083 1711 pelago
3099 1634 3332 1700 exstitit,
3354 1652 3503 1707 seque
3522 1632 3598 1688 ad
3617 1632 3829 1691 audien·

2273 1724 2398 1779 dum
2435 1723 2603 1779 erexit
2636 1722 2908 1778 cantilena
2939 1722 3186 1797 impetum
3200 1763 3216 1787 ‚
3245 1721 3530 1777 maritima
3559 1740 3662 1776 oroe
3691 1720 3827 1780 insi·

2273 1819 2434 1877 stens,
2457 1820 2610 1864 extra
2630 1826 2772 1863 mare
2793 1807 3034 1872 minens,
3051 1817 3315 1882 aspectum
3334 1806 3607 1861 sublimem
3623 1826 3826 1877 gerens,

2277 1906 2338 1951 ut
2359 1894 2642 1951 vehementi
2666 1906 2827 1950 cantu
2855 1893 3168 1969 impleretur,
3212 1893 3276 1950 ob
3311 1892 3562 1949 audiendi
3586 1894 3830 1953 studium

2274 1980 2414 2037 nihil
2444 1999 2480 2036 a
2504 1980 2637 2037 vadi
2659 1978 2993 2036 commotione
3031 1979 3183 2035 laesus
3209 1996 3231 2033 .·
3258 1997 3377 2034 cum
3403 1992 3579 2035 autem
3623 1980 3830 2037 Chalcis

2272 2086 2449 2123 canere
2473 2067 2768 2134 desinebat,
2799 2066 3074 2143 delphinus
3094 2085 3235 2121 mare
3252 2067 3497 2133 subibat,
3523 2066 3600 2122 ad
3633 2067 3825 2123 locum-

2271 2173 2370 2228 que
2387 2167 2682 2211 consuetum
2701 2153 2924 2210 redibat.
2957 2153 3256 2209 Charandas
3271 2165 3467 2228 pastor
3483 2155 3690 2221 accola,
3718 2158 3832 2213 sive

2274 2237 2484 2295 invidia
2505 2251 2663 2315 atque
2689 2238 2810 2295 odio
2837 2239 2893 2295 in
2914 2238 3202 2295 Chalcidem
3227 2238 3342 2295 sive
3366 2239 3610 2295 avaritia
3627 2239 3820 2296 incita-

2271 2332 2360 2379 tus
2375 2365 2392 2390 ,
2435 2324 2676 2401 delphino
2705 2325 2992 2381 insidiatus
3028 2336 3108 2382 est
3129 2326 3338 2382 sensim·
3357 2325 3436 2381 ad
3471 2327 3640 2384 maris
3679 2347 3824 2383 oram

2268 2409 2549 2476 allubenti,
2597 2430 2808 2485 eumque
2842 2410 3116 2467 sublimem
3149 2411 3470 2469 accedentem
3505 2413 3767 2484 interfecit
3801 2436 3824 2469 .-

2268 2514 2370 2551 non
2400 2507 2570 2551 tamen
2588 2495 2884 2571 piscatione
2907 2498 3119 2572 potitus
3147 2511 3246 2555 est.
3277 2499 3485 2555 Chalcis
3509 2498 3646 2554 enim
3668 2518 3825 2555 suum

2266 2582 2556 2638 auditorem
2567 2582 2845 2657 magnifica
2853 2584 3124 2659 sepultura
3142 2584 3350 2656 affecit,
3370 2586 3595 2659 locisque
3611 2586 3825 2641 nomina

2266 2667 2580 2743 Delphinum
2596 2681 2648 2724 et
2673 2670 2998 2726 (larundam
3025 2671 3306 2746 imposuit,
3335 2672 3486 2728 illum
3506 2671 3708 2729 donans
3733 2673 3824 2728 ho-

2265 2756 2409 2811 noris
2446 2757 2723 2823 memoria,
2768 2758 2904 2815 hunc
2935 2758 3246 2829 ignominias.
3277 2764 3472 2817 Postea
3504 2772 3584 2817 est
3608 2781 3736 2817 acra
3766 2764 3826 2819 in

2265 2846 2466 2900 brevem
2491 2864 2742 2902 recessum
2771 2846 3075 2913 insinuata,-
3097 2848 3240 2904 basis
3272 2848 3444 2924 ipsius
3468 2860 3520 2903 et
3555 2848 3718 2904 radi-r
3728 2869 3826 2924 pe·

2266 2943 2352 2985 tra
2373 2932 2428 2987 in
2439 2931 2618 3002 fundo
2647 2932 2965 2989 Thermastis
2990 2933 3308 3010 appellatur.
3336 2938 3468 2989 Post
3492 2935 3628 2989 hanc
3652 2934 3822 3009 ipsam

2265 3016 2423 3074 littus
2445 3029 2568 3074 noto
2593 3030 2747 3074 vento
2769 3031 3008 3094 apertum
3035 3018 3337 3075 nominatur
3371 3020 3824 3077 Pentecontericon

2263 3124 2301 3159 a
2324 3104 2550 3161 navibus
2565 3105 2950 3181 quinquaginta
2971 3126 3133 3162 remos
3157 3107 3469 3163 habentibus
3488 3107 3565 3163 ad
3584 3107 3740 3165 littus
3767 3110 3828 3165 id

2264 3190 2528 3265 appulsis.
2553 3193 2795 3263 Scytham
2823 3192 2960 3247 enim
2985 3192 3168 3248 dicunt
3192 3205 3552 3269 nuncupatum
3591 3198 3824 3251 Taurum

2264 3295 2332 3331 ex
2352 3277 2469 3333 suis
2485 3277 2698 3333 sedibus
2713 3278 3020 3348 migrantem
3039 3281 3138 3335 huc
3152 3281 3436 3355 appulsum
3442 3281 3640 3351 fuisse,
3666 3295 3824 3357 atque

2264 3361 2342 3416 ad
2381 3366 2582 3417 Oetam
2623 3364 2930 3433 navigasse,
2983 3366 3038 3421 in
3077 3384 3233 3440 eaque
3270 3364 3573 3440 Pasiphaen
3620 3367 3827 3423 Minois

2248 3448 2428 3521 filiam
2453 3460 2723 3526 stuprasse
2761 3472 2784 3506 .·
2813 3450 2946 3506 unde
2970 3464 3100 3507 nata
3124 3452 3324 3525 sabula
3349 3453 3546 3508 amoris
3575 3464 3630 3507 et
3645 3456 3826 3528 prolis

2263 3552 2332 3588 ex
2370 3534 2485 3610 ipso
2506 3549 2813 3611 procreatae.
2843 3537 3042 3592 Deinde
3072 3538 3305 3593 succedit
3327 3538 3606 3593 Iasonium
3613 3580 3641 3607 ,‚
3669 3558 3738 3594 ex
3766 3557 3825 3594 eo

2262 3636 2442 3675 nomen
2461 3620 2710 3697 adeptum
2722 3663 2741 3688 ,
2761 3623 2902 3696 quod
2913 3626 3078 3679 Iason
3094 3623 3352 3694 navigans
3372 3622 3449 3678 ad
3470 3624 3678 3680 Colchos
3697 3624 3824 3680 illuc

2262 3708 2519 3783 appulsus
2529 3708 2736 3782 ficet-it,
2767 3710 2861 3766 ubi
2879 3721 2959 3766 est
2987 3729 3164 3767 nemus
3173 3709 3459 3787 profiandoe
3492 3711 3676 3767 laurus
3703 3712 3822 3787 ple-

2263 3814 2415 3862 num,
2451 3815 2645 3873 araque
2680 3798 2978 3874 Apollinis,
3015 3798 3170 3855 littus
3199 3812 3374 3855 autem
3407 3800 3644 3870 longum,
3678 3818 3823 3856 omne

2265 3880 2438 3939 ventis
2459 3882 2696 3939 occiduis
2714 3895 2766 3939 et
2789 3884 3097 3941 meridianis
3111 3885 3425 3960 expositum.

693 4092 785 4143 Fr.
816 4090 903 4143 28.
941 4088 1203 4162 Templum
1222 4068 1486 4144 Ptolemoei
1514 4090 1867 4165 Philadelphi,
1894 4096 2030 4168 etc].
2068 4099 2174 4151 Fu·
2265 4104 2429 4173 Regio
2454 4106 2680 4161 Asiatica
2709 4106 2969 4177 Byzantiis
3005 4104 3123 4161 data
3160 4107 3218 4161 in
3256 4106 3505 4178 Bithynia
3541 4104 3823 4178 quau-enda

624 4174 697 4243 git
720 4172 807 4225 hic
834 4169 977 4225 locus
1004 4171 1141 4225 viros
1167 4170 1350 4226 doctos
1374 4174 1466 4244 qui
1484 4172 1883 4232 Ptolemaeorum
1903 4177 2175 4235 historiam

621 4261 995 4327 exposuerunt.
1036 4252 1239 4306 Scimus
1274 4254 1551 4324 Byzantios
1568 4292 1583 4317 ,
1612 4254 1877 4310 Ptolemaei
1920 4258 2178 4316 Philadel-

621 4334 711 4406 phi
727 4345 980 4406 tempore,
1000 4330 1068 4386 ab
1094 4332 1357 4388 Antiocho
1382 4334 1531 4386 Theo
1553 4336 1634 4403 (c.
1664 4352 1752 4389 an.
1778 4336 2071 4407 258)be110
2087 4358 2177 4413 pe·

623 4415 745 4469 titus
784 4430 925 4478 asse,
972 4412 1141 4485 iisque
1182 4413 1455 4468 auxiliatos
1497 4430 1609 4470 esse
1646 4418 1715 4479 4ο
1759 4418 1973 4473 navium
2017 4418 2176 4477 classe

624 4492 987 4549 Heracleenses
1006 4490 1105 4565 (V.
1126 4494 1341 4547 Memno
1356 4511 1405 4548 c.
1425 4496 1514 4559 24.
1536 4495 1625 4550 Fr.
1646 4494 1770 4551 hist.
1801 4505 1842 4552 t.
1870 4498 1923 4563 3,
1944 4514 2002 4571 p.
2025 4498 2171 4574 538).

626 4574 876 4626 Praeterea
901 4570 1125 4627 cundem
1163 4573 1484 4628 Antiochum
1513 4574 1569 4627 in
1593 4574 1819 4631 Thracia
1843 4578 2059 4651 Cypsela
2084 4596 2175 4633 ur-

628 4651 748 4705 bem
768 4668 1087 4723 expugnasse
1110 4670 1143 4705 e
1165 4651 1408 4726 Polyaeno
1431 4656 1464 4719 4
1484 4692 1499 4719 ,
1534 4659 1597 4709 16
1621 4654 1882 4727 colligitur
1909 4672 1924 4711 ε
1961 4655 2093 4713 adeo
2115 4670 2177 4715 ut

624 4730 903 4784 Thraciam
918 4768 935 4795 ,
970 4748 1076 4803 qua
1113 4730 1239 4785 olim
1274 4731 1517 4787 Seleucus
1542 4744 1664 4806 post
1708 4737 1909 4791 victum
1936 4736 2174 4808 Lysima-

624 4808 785 4863 chum
821 4808 1017 4881 potitus
1038 4819 1151 4864 erat
1164 4848 1181 4875 ,
1224 4829 1531 4884 temperare
1556 4813 1777 4869 voluisse
1812 4811 2068 4870 videatur.
2095 4818 2177 4871 Eo

623 4889 683 4945 in
714 4888 851 4945 bello
893 4890 1199 4963 Byzantium
1235 4890 1314 4947 ab.
1347 4892 1609 4949 Antiocho
1648 4894 1913 4949 obseasm
1952 4912 2065 4949 esse
2108 4896 2177 4952 ad

2262 4192 2359 4236 est.
2388 4182 2706 4255 Phylarchus
2732 4185 2867 4242 Hist.
2901 4182 3038 4239 libro
3061 4195 3236 4251 sexto,
3265 4202 3373 4256 quo
3391 4182 3547 4255 hujus
3570 4186 3822 4257 temporis

2262 4258 2534 4317 historiam
2582 4264 2848 4329 tractavit,
2895 4262 3165 4334 Byzantios
3209 4262 3373 4316 refert
3412 4262 3543 4317 οὕτω
3603 4263 3818 4317 Βιθυνῶν

2262 4338 2494 4395 δεσπόσαι
2540 4342 2607 4405 ὣς
2645 4342 3052 4415 Λακεδαιμονίους
3091 4347 3186 4395 τῶν
3229 4340 3448 4395 εἱλώτων
3501 4340 3822 4413 (Athenaeus

2260 4435 2318 4491 p.
2352 4434 2486 4491 271,
2508 4422 2614 4494 B).
2643 4422 2779 4478 Cum
2805 4432 2975 4476 cetera
3013 4420 3274 4476 Ptolemoei
3309 4420 3366 4475 iu
3391 4420 3666 4492 Byzantios
3701 4438 3822 4474 mu·

2260 4493 2524 4553 nificentia
2559 4497 2744 4555 confer
2777 4515 2895 4571 qun
2930 4498 3144 4551 Memno
3185 4500 3216 4566 s
3251 4495 3320 4549 25
3361 4506 3542 4549 narrat
3571 4510 3586 4549 ε
3637 4494 3823 4548 Πτολε-

2263 4576 2473 4649 μαῖος...
2509 4577 2872 4653 λαμπροτάταις
2899 4574 2986 4649 μὶν
3023 4577 3226 4649 δωρεαῖς
3248 4574 3510 4648 εὖεργετῶν
3538 4574 3625 4637 τὰς
3655 4574 3824 4637 πόλεις

2260 4655 2535 4730 προήγετο·
2580 4656 2763 4733 ἔπεμψε
2801 4656 2855 4713 δὲ
2893 4655 2979 4711 καὶ
3023 4652 3388 4728 Ἡρακλεώταις
3425 4652 3635 4725 ἀρτάὸας
3671 4658 3822 4725 πυροῦ

2262 4738 2627 4805 πεντακοσίους,
2655 4738 2740 4793 καὶ
2763 4736 2886 4792 νεὼν
2915 4733 3082 4798 ebro&
3102 4732 3463 4807 Προκοννησίας
3488 4732 3662 4802 πέτρας
3688 4731 3738 4786 ἐν
3758 4738 3822 4805 τῇ

2249 4821 2514 4896 ἀκροπόλει
2563 4816 2861 4889 Ἡρακλέους
2899 4814 3210 4887 ἀνεδείματο.
3253 4812 3428 4866 Low
3471 4808 3652 4881 templi
3693 4810 3820 4862 Pto·

2247 4902 2416 4957 lemaei
2455 4900 2534 4955 ibi
2572 4897 2682 4955 fere
2725 4894 2885 4951 fuisse
2927 4894 3086 4949 debet
3135 4892 3230 4947 ubi
3277 4908 3424 4945 nunc
3463 4899 3548 4943 est
3591 4886 3820 4945 Dolman

582 4993 595 5004 ·
623 4987 847 5043 eamque
870 4968 1201 5027 obsidionem
1226 4972 1490 5045 pertinere
1511 4991 1629 5046 quae
1656 4992 1723 5029 ex
1748 4977 1987 5030 Damone
2018 4976 2179 5033 refert
2248 4978 2514 5036 Bakscheh
2559 4974 2777 5050 (sardin
2819 4973 2885 5031 de
2923 4974 3173 5039 melons),
3203 4970 3341 5025 sicut
3369 4968 3654 5025 AEanteum
3693 4984 3818 5021 cum

622 5047 909 5105 Athena-,us
936 5065 1021 5115 xo,
1036 5068 1093 5124 p.
1117 5052 1240 5116 442,
1260 5052 1323 5118 C,
1352 5052 1640 5126 suspicatur
1657 5054 1979 5128 Droysenius
2003 5054 2174 5109 Helle-

619 5126 775 5185 nism.
809 5138 848 5183 t.
878 5144 941 5194 α,
966 5146 1023 5202 p.
1056 5130 1179 5187 330.
1204 5130 1340 5184 Mihi
1362 5130 1595 5185 Atbcnaei
1620 5130 1833 5202 quidem
1854 5134 2088 5189 namtio
2107 5131 2176 5187 ad

620 5206 801 5275 priora
836 5215 1089 5279 tempora.
1118 5210 1381 5280 pertinere
1423 5206 1631 5263 videtur
1674 5210 1699 5281 (
1716 5228 1769 5265 v.
1806 5212 1897 5267 Fr.
1936 5212 2008 5268 Η.
2038 5222 2079 5267 t.
2108 5227 2173 5277 a,

618 5302 673 5355 p.
692 5284 851 5356 330);
872 5283 943 5340 ad
964 5284 1159 5341 bellum
1177 5297 1353 5341 autem
1370 5285 1713 5355 abjAntiocbo
1730 5289 1929 5345 illatum
1946 5302 2177 5365 spectare

618 5360 805 5415 collata
841 5362 898 5415 in
931 5364 1210 5435 Byzantios
1243 5383 1275 5419 a
1312 5362 1591 5420 Ptolemaeo
1637 5365 1885 5423 beneficia
1918 5370 2174 5441 suspicor.

2248 5060 2510 5116 hodierno
2523 5054 2816 5115 Fondoukli
2826 5047 3251 5124 componendum
3266 5046 3444 5101 fuerit.
3455 5048 3818 5119 ss—Taurum]

2261 5132 2500 5185 Taurum
2527 5129 2794 5201 Pasiphaae
2817 5126 2976 5182 fuisse
3001 5126 3169 5178 virum
3183 5184 3192 5190 ,
3205 5124 3508 5179 Cretensem
3533 5122 3697 5177 tradit
3720 5124 3818 5177 Pa-

2262 5208 2511 5282 laepbatus
2545 5227 2601 5281 p.
2629 5224 2734 5278 27²
2773 5206 2831 5259 in
2868 5202 3132 5275 Mythogr.
3158 5202 3454 5257 Westerm.
3495 5200 3611 5272 (cf.
3643 5200 3819 5256 Philo-

2262 5286 2492 5344 chor.sr.
2519 5288 2586 5359 39
2602 5284 2881 5356 3Demonis
2895 5282 2962 5336 fr.
2982 5282 3069 5352 3).
3091 5282 3326 5353 Dionysii
3347 5290 3532 5335 auctor
3545 5279 3677 5333 ultra
3696 5296 3820 5351 pro-

2264 5386 2467 5441 gressus
2483 5368 2725 5441 Scytham
2741 5383 2771 5419 e
2785 5364 3008 5419 Taurica
3025 5360 3348 5416 Chersoneso
3365 5358 3620 5415 advenam
3641 5359 3815 5415 finxit.
