4584 6284
1993 491 2471 554 COMMENTAR
2484 491 2562 552 11.

665 645 895 718 Μήδεια,
922 638 1158 723 μελεϊστὶ
1203 641 1442 716 τεμοῦσα
1488 633 1582 694 καὶ
1627 637 1696 714 τῇ
1743 629 1981 712 θαλάσσῃ
2023 629 2090 690 τὰ
2126 633 2228 688 τῶν

3776 503 3882 553 309

2315 638 2430 683 tatu
2462 626 2643 682 Medea
2669 627 3111 700 comprehensum
3150 629 3413 683 truncavit
3452 627 3888 700 membratimque

666 738 873 816 σαρκῶν
897 729 1251 811 ‘mn-2194&
1282 724 1568 806 τμήματα,
1597 721 1748 802 Ὅρα
1791 719 1846 781 δὲ
1886 718 1968 779 ὅτι
2007 717 2084 777 τὸ.
2109 716 2228 798 ἴχνη
2318 707 2597 774 dissecuit,
2658 708 3003 779 carniumque
3053 705 3219 762 frusta
3270 707 3403 762 mari
3450 707 3711 779 dispersit.
3752 705 3892 760 Vide

666 824 902 898 Μηδείας
935 819 1157 885 ἀστείως
1187 808 1356 888 εἶπεν,
1386 817 1456 882 ὡς
1489 813 1576 874 ἐπὶ
1604 809 1920 888 διωκομένου
1956 809 2045 867 καὶ
2076 809 2227 888 ἰχνη-

665 910 986 989 λατουμὲνου
1015 906 1193 987 θηρός.
1225 901 1387 966 Ἔστι
1414 904 1470 963 δὲ
1496 900 1632 961 οὕτω
1661 899 1753 958 καὶ
1781 897 1966 975 σεμνὸς
1994 900 2022 956 ὁ
2050 897 2198 975 λόγος
2215 913 2229 927 ·

593 990 650 1072 [⁸
665 1000 958 1076 λεληθότως
975 996 1080 1078 γὰρ
1106 1000 1178 1065 ὡς
1197 992 1428 1073 θηριώδη
1451 989 1680 1052 σκώπτει
1703 987 1864 1061 αὐτὴν
1886 986 1971 1046 ἰπὶ
1994 989 2070 1066 τῷ
2093 985 2232 1066 φόνῳ

665 1097 756 1152 τοῦ
799 1091 1046 1171 ἀδελφοῦ.
1077 1083 1394 1164 Σημεὶωσαι
1423 1079 1476 1141 δὲ
1519 1078 1610 1138 καὶ
1637 1077 1700 1136 τὸ
1746 1077 1894 1144 ὁλκός
1931 1074 2020 1135 ἰπὶ
2059 1074 2230 1146 νήσων

664 1175 876 1258 λεχθίν·
905 1175 1043 1236 ὥστε
1071 1179 1130 1234 οὗ
1154 1171 1313 1253 μόνον
1336 1169 1425 1231 ἰπὶ
1447 1167 1610 1250 ὄφεων
1631 1167 1744 1228 οὐδὲ
1765 1167 1847 1226 ἐπὶ
1873 1166 2057 1232 ὕδατος
2076 1163 2232 1242 μόνου

668 1269 839 1326 κεῖται
865 1267 902 1336 ἡ
928 1261 1086 1333 λέξις.

756 1373 859 1414 492.
903 1348 1034 1414 ‘on
1073 1347 1207 1427 μετὰ
1237 1345 1303 1406 τὰ
1339 1343 1611 1428 Κεραύνια
1641 1340 1815 1424 δρυμὰ
1839 1338 1968 1420 πρὸς
2001 1339 2147 1400 νότον
2179 1341 2234 1398 αἱ

597 1464 651 1506 10
675 1445 778 1502 τῶν
804 1437 1160 1520 Ἀμὸρακιέων
1201 1433 1476 1518 φαίνονται
1509 1435 1658 1502 νῆσοι
1691 1429 1780 1490 καὶ
1803 1433 1836 1500 ἡ
1862 1429 2060 1508 λιπαρὰ
2093 1426 2233 1506 Κίρ-

675 1554 814 1611 κυρα
830 1575 848 1606 ,
880 1529 1026 1610 φίλον
1067 1526 1222 1584 πέδον
1270 1519 1531 1584 Ἀλκινόου
1561 1525 1650 1579 τοῦ
1696 1517 1832 1578 κατὰ
1866 1517 1960 1586 τὰς
1997 1515 2230 1598 ἱστορίας

677 1620 790 1680 but
809 1613 1198 1697 μεγαλωνύμως
1223 1609 1652 1693 βασιλεύσαντος·
1673 1609 1752 1689 ἐφ’
1773 1599 1812 1688 ᾗ
1821 1651 1840 1682 ,
1861 1603 2100 1666 τουτέστι
2122 1605 2237 1683 μεθ’

675 1707 743 1780 ἣν
773 1703 1046 1785 Κόρκυραν
1060 1745 1078 1775 ,
1111 1700 1172 1760 τὸ
1198 1703 1292 1771 τῆς
1319 1697 1530 1768 Ἰθάκης
1553 1695 1668 1778 ἕδος
1693 1695 2000 1772 ἐστήρικται
2019 1739 2037 1772 ,
2060 1693 2126 1766 ἣν
2148 1693 2240 1752 καὶ

680 1790 937 1874 Νηρικίην
965 1791 1138 1869 λέγει,
1171 1790 1270 1867 οὗχ
1300 1789 1372 1854 ὡς
1413 1777 1650 1865 Νήρικον
1680 1780 1907 1864 ἔχουσαν
1933 1780 2052 1862 ὅρος
2100 1780 2240 1842 κατά

600 1902 651 1943 15
676 1901 847 1947 τινας·
875 1879 1040 1937 ἰκεῖνο
1081 1875 1184 1956 γὰρ
1230 1878 1259 1934 ὁ
1298 1871 1525 1946 ποιητὴς
1568 1870 1801 1952 Νήριτον
1845 1869 1990 1949 λε’γει
2031 1867 2118 1930 διὰ
2147 1875 2239 1930 τοῦ

673 1991 725 2030 τ’
783 1969 900 2028 ἁλλ’
938 1969 1008 2032 ὥς
1058 1960 1447 2044 ἧπειρωτικήν.
1530 1964 1647 2032 Τῆς
1683 1957 1901 2039 ἠπείρου
1951 1957 2054 2040 γὰρ
2087 1957 2240 2026 πόλις

677 2057 767 2118 καὶ
795 2055 856 2116 τὸ
903 2051 1176 2136 Νήρικον,
1209 2059 1245 2126 ἡ
1272 2048 1536 2130 λεγομένη
1568 2047 1806 2122 Λευκὰς,
1841 2051 1909 2114 ὥς
1943 2049 1998 2107 ἐν
2043 2049 2120 2128 τῷ
2147 2050 2240 2118 τῆς

673 2142 986 2210 Ὀδυσσείας
1013 2166 1058 2201 ω
1086 2143 1164 2224 τῷ
1194 2139 1412 2222 μεγάλῳ
1456 2137 1696 2220 εἴρηται,
1727 2135 1813 2197 διὰ
1845 2141 1934 2196 τοῦ
1963 2159 2000 2196 κ
2040 2135 2240 2218 γραφό-

677 2255 859 2313 μενον·
903 2232 952 2291 si
982 2228 1076 2290 καί
1101 2251 1184 2298 τις
1233 2226 1560 2310 Δούπερκος,
1591 2224 1728 2307 ἀνὴρ
1759 2222 2034 2297 παλαιὸς,
2077 2227 2150 2292 ὡς
2193 2225 2240 2285 οἱ

597 2341 652 2382 20
680 2319 1012 2404 Σχολιασταὶ
1054 2315 1302 2398 λέγουσι,
1359 2313 1451 2376 διὰ
1499 2321 1591 2376 τοῦ
1661 2338 1694 2374 τ
1744 2311 1934 2396 γράφει
1999 2313 2091 2374 καὶ
2145 2311 2242 2387 τὴν

681 2411 932 2485 τοιαύτην
963 2407 1122 2470 πόλιν
1173 2405 1470 2486 ὁμωνύμως
1511 2407 1589 2484 τῷ
1633 2402 1916 2486 Ἰθακησίῳ
1956 2401 2088 2486 ὄρει.
2174 2405 2245 2465 Οἱ

685 2501 1020 2582 Ἀμὸρακιεῒς
1047 2497 1102 2557 δὲ
1129 2493 1485 2578 ἠπειρωτικὸν
1512 2493 1606 2554 καὶ
1633 2491 1784 2552 αὐτοὶ
1813 2493 1980 2560 ἔθνος·
2022 2489 2162 2551 οὕτω
2191 2491 2244 2552 δὲ

680 2590 926 2670 λέγονται
965 2587 1002 2662 ἢ
1049 2585 1156 2647 ἀπὸ
1191 2581 1524 2665 Ἀμὸρακίας
1549 2585 1642 2656 τῆς
1670 2581 1876 2659 Aia-{iou
1915 2578 2164 2662 θυγατρὸς
2210 2578 2245 2653 ἢ

685 2679 794 2741 ἀπὸ
818 2676 1121 2758 Ἄμὸρακος
1152 2677 1262 2737 υἱοῦ
1305 2675 1663 2753 Θεσπρωτοῦ,
1685 2669 1772 2752 ἀφ’
1810 2660 1868 2729 οὗ
1911 2669 2004 2730 καὶ
2051 2668 2248 2736 κόλπος

603 2792 656 2832 κο
685 2765 1166 2850 Ἇμὸρακιωτικὸς,
1214 2761 1308 2822 καὶ
1339 2762 1490 2828 πόλις
1517 2756 1816 2841 Ἀμὸρακία
1833 2801 1852 2832 ,
1883 2760 1954 2825 ὣς
1999 2757 2105 2818 ἀπὸ
2136 2759 2250 2819 Θε-

684 2860 930 2938 σπρωτοῦ
967 2859 1002 2928 ἡ
1047 2849 1372 2931 Θεσπρωτία
1400 2847 1576 2928 χώρα.
1664 2847 1745 2908 Τὸ
1772 2846 1826 2908 Si
1855 2843 2098 2926 Ἄμὸραξ
2121 2845 2248 2906 εἱσὶν

681 2945 734 3006 οἳ
761 2941 1154 3026 ἀρχαϊκώτερον
1198 2937 1288 2998 διὰ
1319 2943 1412 2998 τοῦ
1456 2960 1500 2995 π
1535 2935 1826 3018 γράφουσι,
1855 2933 1948 2993 καὶ
1979 2932 2066 2993 διὰ
2097 2939 2250 2994 τοῦτο

679 3031 773 3094 καὶ
808 3027 1128 3112 τὴνχώραν
1168 3024 1538 3107 Ἀμπρακίαν,
1573 3027 1646 3090 ὡς
1673 3022 1765 3082 καὶ
1811 3019 1908 3090 τὰς
1937 3021 2126 3094 νήσους
2158 3021 2252 3088 τὰς

680 3116 1031 3202 Βρεττανικὰς
1078 3113 1472 3200 Πρεττανικάς·
1530 3110 1726 3170 πλείων
1773 3111 1828 3169 δὲ
1883 3112 1918 3181 ἡ
1962 3107 2050 3168 διὰ
2079 3113 2172 3168 τοῦ
2215 3112 2247 3189 β

605 3227 658 3266 so
681 3207 878 3290 γραφή.
959 3202 1211 3288 Λιπαρὰν
1239 3203 1296 3263 δί
1332 3202 1429 3274 τὴν
1465 3199 1740 3282 Κέρκυραν
1770 3197 1912 3278 λέγει
1934 3195 2019 3256 διὰ
2056 3197 2116 3256 τὸ
2145 3221 2252 3257 πο-

681 3293 949 3376 λύκαρπόν
983 3316 1038 3354 τε
1068 3291 1161 3352 καὶ
1196 3289 1490 3368 εὔκαρπον,
1532 3288 1662 3368 ὅπερ
1699 3286 1938 3368 ἐμφαίνει
1968 3284 2059 3345 καὶ
2096 3288 2149 3345 ἐν
2185 3289 2250 3364 τῇ

685 3383 974 3462 Ὀδυσσεία
1017 3383 1046 3439 ὁ
1102 3377 1357 3450 Ποιητής.
1437 3375 1524 3438 Τὰ
1573 3375 1630 3436 δὲ
1676 3373 1879 3434 παλαιὰ
1924 3374 2114 3453 σχόλια
2160 3374 2252 3433 καὶ

688 3469 865 3532 πολλὰ
886 3468 942 3528 δὲ
977 3471 1080 3528 τῶν
1111 3470 1354 3548 ἱστοριῶν
1387 3463 1682 3544 ἀντίγραφα
1711 3459 2048 3544 ἐμφαίνουσιν
2075 3464 2251 3540 ἀμφι-

692 3557 862 3626 6όλως
888 3559 1026 3640 ἔχειν
1061 3553 1208 3636 παρὰ
1234 3553 1340 3622 τοῖς
1367 3551 1613 3618 παλαιοῖς
1642 3549 1738 3622 τὴν
1757 3552 1850 3620 τῆς
1875 3547 2038 3622 νήσου
2058 3547 2254 3622 ταύτης

612 3665 666 3704 ss
697 3645 932 3730 γραφήν·
948 3643 1197 3724 λέγεσθαι
1223 3639 1328 3724 γὰρ
1353 3639 1446 3700 καὶ
1473 3639 1560 3700 διὰ
1579 3644 1670 3697 τοῦ
1703 3641 1930 3718 ομικροῦ
1954 3634 2254 3717 Κόρκυραν.

697 3734 984 3817 Κορινθίων
999 3731 1056 3792 δι’
1081 3735 1192 3793 ἔστι
1211 3729 1410 3807 κτίσμα
1428 3733 1464 3800 ἡ
1485 3724 1727 3808 Κέρκυρα
1745 3769 1764 3805 ,
1782 3725 1873 3784 καὶ
1886 3722 2089 3799 ηὐξήθη
2105 3719 2254 3798 ποτὶ,

694 3825 790 3887 καὶ
807 3821 1002 3888 πολλὰς
1015 3821 1194 3888 πόλεις
1215 3817 1306 3878 καὶ
1333 3816 1521 3890 νήσους
1543 3815 1703 3895 ᾤκισε
1717 3859 1734 3887 ,
1755 3813 1846 3874 καὶ
1865 3811 2110 3872 ναυτικὸν
2131 3809 2256 3892 ἴσχε

693 3912 830 3974 πολὺ
849 3959 868 3992 ,
891 3909 1028 3970 ὥστε
1051 3909 1144 3969 καὶ
1177 3909 1230 3967 ἐν
1252 3909 1329 3988 τῷ
1353 3907 1606 3987 Περσικῷ
1629 3902 1844 3985 πολέμῳ
1865 3904 1913 3963 οἱ
1941 3905 2258 3982 Κερκυραῖοι

693 4009 820 4071 ναῦς
849 4000 1101 4074 ίξήκοντα
1130 3995 1446 4078 ἔπλήρωσαν
1461 4039 1478 4068 ,
1506 3991 1630 4052 ὅταν
1656 3991 1718 4051 τὸ
1743 3988 2031 4071 ἀμφίὸολον
2049 3993 2142 4047 τοῦ
2166 4009 2260 4046 πο-

611 4106 668 4145 ⁴⁰
691 4092 858 4170 λέμου
911 4087 1290 4165 εὔλαὸούμενοι
1327 4083 1448 4146 οὗτε
1476 4087 1550 4164 τῷ
1579 4079 1754 4161 Ξέρξῃ
1799 4075 1916 4140 οὔτε
1942 4081 2010 4158 τῇ
2039 4074 2262 4138 Ἑλλάδι

695 4179 1028 4254 ἔὸοήθησαν,
1053 4174 1194 4236 ἀλλὰ
1225 4172 1322 4244 τὴν
1361 4173 1605 4254 βοήθειαν
1639 4167 2008 4228 ἀνεὸάλλοντο.
2094 4164 2262 4248 Ἥρη·

695 4268 849 4348 μώθη
874 4265 930 4327 δε
959 4257 1130 4336 αὗθις,
1161 4267 1231 4330 ὡς
1251 4260 1346 4322 καὶ
1370 4263 1444 4329 εἰς
1473 4257 1722 4332 τοιαύτην
1748 4254 2034 4335 παροιμίαν
2063 4256 2261 4326 πεσεῖν,

693 4385 718 4410 ι
741 4358 984 4436 ἐλευθέρα
1008 4351 1260 4434 Κόρκυρα
1277 4399 1293 4426 ,
1316 4350 1430 4430 χίζ’
1449 4349 1579 4409 ὅπου
1598 4350 1780 4413 θέλεις.
1810 4372 1838 4400 ²·
1918 4343 2024 4406 Δύο
2048 4342 2103 4404 δὲ
2133 4343 2266 4415 Κέρ-

701 4467 884 4524 κυραι,
905 4443 940 4513 ἥ
968 4465 1026 4501 τε
1056 4437 1328 4515 Φαιακὶς,
1357 4435 1489 4518 πρὸς
1523 4438 1599 4517 τῷ
1628 4433 1798 4514 Ἰονίῳ
1823 4432 2037 4514 κόλπῳ,
2055 4431 2175 4512 περὶ
2203 4425 2265 4506 ἧς

618 4559 672 4598 05
697 4534 886 4614 καὶτῷ
912 4526 1169 4609 Διονυσίῳ
1197 4531 1290 4587 νῦν
1320 4528 1349 4584 ὁ
1373 4523 1558 4602 λόγος,
1587 4527 1620 4592 ἡ
1655 4523 1746 4581 καὶ
1784 4519 2035 4583 Φαιακία
2064 4521 2264 4580 καλου-

703 4621 834 4700 μένη
862 4620 952 4680 καὶ
982 4615 1184 4699 Σχερία
1211 4615 1304 4674 καὶ
1345 4613 1618 4694 Δρέπανον
1637 4609 1728 4670 καὶ
1753 4606 1956 4689 Ἄργος·
1996 4606 2089 4669 καὶ
2121 4607 2260 4682 αὕτη

700 4875 898 4949 μελιστὶ
937 4879 1007 4938 C,-
1041 4873 1126 4928 καὶ
1147 4891 1256 4928 om.
1281 4871 1337 4926 d.
1385 4873 1410 4944 ss
1448 4902 1521 4914 —
1551 4889 1607 4928 α.
1644 4869 1985 4943 ἔπισπείρουσα
2010 4874 2086 4926 Ε.
2130 4869 2154 4940 ΙΙ
2191 4897 2262 4910 -

697 4975 752 5028 7.
783 4955 946 5027 ὥστε]
981 4954 1048 5016 ὣς
1088 4957 1144 5009 E
1155 4975 1178 5018 ,-
1203 4951 1378 5015 ὕδατος
1424 4953 1575 5024 μόνον
1615 4955 1766 5006 cDL.
1802 4951 1824 5020 ΙΙ
1855 4977 1928 4992 -
1955 4966 2040 5004 10.
2091 4947 2261 5021 Ἆμπρ.

696 5035 813 5103 Ed,
861 5031 1028 5106 Ἆμδρ.
1063 5042 1212 5096 cett.;
1258 5028 1610 5100 ’Δμδρακιαίων
1664 5035 1728 5095 C,
1772 5027 2074 5101 Ἀμὸρακίων
2127 5033 2187 5085 F.
2238 5029 2260 5098 ΙΙ

694 5146 768 5157 -
788 5131 875 5185 ¹7·
903 5112 1154 5184 λεγομένη
1173 5127 1283 5167 om.
1305 5108 1412 5165 Ed.
1444 5111 1466 5180 ss
1491 5139 1563 5152 —
1587 5127 1670 5180 19.
1700 5130 1721 5159 ι
1749 5109 2018 5179 Amano<
2043 5109 2066 5177 (
2079 5108 2268 5178 Δοΰπέρ

694 5193 737 5246 d
751 5199 773 5264 )
809 5210 898 5266 ap.
925 5191 1110 5264 steph.
1131 5191 1256 5262 Byz.
1283 5205 1337 5242 v.
1358 5188 1602 5260 Νήρικος;
1627 5187 1719 5242 sed
1743 5190 1784 5243 si
1821 5185 2034 5260 quidem
2059 5187 2110 5239 οἱ
2145 5205 2267 5256 οχο-

695 5271 896 5326 λιασταὶ
928 5280 1174 5325 accurate
1212 5267 1412 5322 dictum
1440 5279 1546 5333 est,
1581 5267 1903 5341 deprompsit
1929 5266 2232 5320 Eustathius
2253 5306 2268 5330 ,

2320 807 2443 842 vero
2472 805 2634 860 quam
2678 785 2851 860 lepide
2894 785 3127 856 vestigia
3161 787 3363 841 Medeae
3396 785 3622 854 dixerit,
3652 787 3801 859 quasi
3823 787 3892 842 de

2320 866 2425 920 sera
2439 907 2455 932 ,
2495 883 2657 940 quam
2707 875 2981 921 venatores
3026 866 3373 937 insequantur
3412 874 3569 937 atquc
3616 867 3888 936 vestigent.

2320 949 2413 1002 Est
2434 957 2609 1001 autem
2640 946 2767 1000 hinc
2790 947 2947 1001 etiam
2982 943 3259 1016 magnifica
3288 945 3485 1010 oratio;
3514 942 3733 999 latenter
3750 947 3890 998 cuim

2318 1040 2466 1084 notat
2505 1047 2621 1084 eam
2680 1026 2844 1082 veluti
2884 1025 3105 1082 ferinam
3118 1065 3137 1094 ,
3184 1034 3403 1098 propter
3459 1025 3653 1080 caedcm
3698 1025 3890 1082 fratris.

2320 1111 2553 1165 Observa
2575 1107 2733 1162 etiam
2765 1107 2915 1171 ὁλκός
2940 1105 3143 1161 dictum
3165 1103 3235 1159 de
3252 1103 3466 1169 insulis,
3499 1105 3571 1160 ita
3600 1115 3659 1158 ut
3689 1123 3795 1159 non
3828 1104 3896 1160 de

2319 1187 2651 1263 serpentibus
2686 1197 2893 1242 tantum
2924 1202 3100 1258 neque
3123 1183 3191 1240 dc
3204 1183 3313 1238 sola
3326 1201 3461 1256 aqua
3479 1183 3591 1238 haec
3613 1203 3711 1238 νοκ
3742 1203 3898 1240 usur·

2319 1283 2518 1427 petiz-2.
2541 1359 2668 1412 Post
2692 1354 2981 1410 Ceraunios
3003 1351 3165 1408 saltus
3187 1349 3255 1405 ad
3278 1359 3517 1404 austrum
3551 1350 3893 1406 Ambracien-

2323 1447 2461 1498 sium
2490 1442 2673 1498 insulae
2722 1450 3007 1516 apparent,
3046 1439 3363 1512 pinguisque
3401 1438 3626 1510 Cer-cyra
3641 1476 3658 1503 ,
3712 1455 3891 1490 carum

2327 1533 2497 1586 solum
2524 1531 2764 1596 Alcinoi,
2787 1529 2913 1602 qui,
2944 1528 2989 1581 si
3018 1544 3120 1599 qua
3148 1523 3281 1580 fides
3310 1523 3575 1589 historiis,
3606 1541 3792 1594 magna
3822 1522 3897 1577 ibi

2327 1621 2559 1676 nominis
2597 1617 2897 1674 celebritate
2922 1615 3161 1687 regnavit
3194 1631 3208 1668 ι
3239 1611 3312 1684 ἔφ’
3340 1607 3403 1685 ᾗ,
3436 1615 3473 1666 i.
3503 1631 3552 1666 c.
3582 1621 3703 1685 post
3736 1629 3895 1683 quam

2328 1711 2607 1781 Cercyram
2626 1746 2641 1774 ,
2658 1705 2775 1766 ‚fixa
2800 1705 3109 1777 firmataque
3127 1713 3229 1756 stat
3252 1702 3440 1756 Ithace
3464 1699 3640 1766 sedes,
3664 1717 3823 1773 quam
3846 1710 3899 1754 et

2326 1795 2589 1849 Nericiam
2631 1802 2815 1857 vocat,
2858 1809 2970 1846 non
3000 1789 3148 1862 quasi
3188 1806 3219 1843 a
3262 1788 3455 1842 Nerico
3481 1787 3555 1840 ibi
3598 1796 3810 1848 monte,
3837 1797 3899 1838 ut

2328 1879 2515 1936 volunt
2549 1877 2789 1934 nonnulli
2817 1877 3001 1948 (illum
3030 1875 3174 1929 enim
3209 1885 3445 1928 montem
3470 1876 3629 1928 Poeta
3656 1873 3899 1926 Neritum

2327 1966 2457 2022 dicit
2482 1985 2579 2040 per
2614 1977 2637 2020 t
2652 1967 2676 2036 )
2691 2005 2708 2032 ,
2731 1961 2825 2019 sed
2848 1963 2997 2036 quasi
3022 1962 3367 2035 Epiroticam.
3494 1959 3642 2032 Epiri
3670 1976 3899 2031 namque

2328 2057 2585 2130 oppidum
2612 2055 2893 2117 Ner-icum,
2925 2069 3044 2125 quae
3064 2069 3213 2105 nunc
3240 2052 3442 2106 Iseucas
3459 2089 3474 2112 ,
3502 2058 3564 2103 ut
3590 2047 3793 2102 dictum
3822 2058 3903 2102 est

2330 2143 2397 2198 ad
2424 2143 2617 2198 librum
2638 2141 2823 2196 XXIV
2853 2138 2931 2213 (v.
2964 2140 3067 2211 376
3090 2155 3147 2212 p.
3181 2141 3356 2209 1964)
3392 2133 3667 2208 Odyssea,
3694 2135 3893 2208 scripto

2328 2232 2433 2287 hoc
2476 2229 2693 2286 nomine
2718 2246 2813 2302 per
2846 2246 2907 2294 κς
2946 2225 3153 2280 tametsi
3202 2227 3477 2298 Lupercus
3528 2222 3707 2276 nescio
3748 2223 3897 2294 quis,

2330 2322 2557 2394 scriptor
2592 2327 2859 2384 vetustus,
2895 2326 2958 2370 ut
2994 2313 3285 2370 scholiastae
3332 2313 3515 2384 aiunt,
3548 2311 3653 2365 hoc
3682 2327 3897 2384 quoque

2330 2408 2586 2485 oppidum
2604 2425 2701 2480 per
2721 2417 2745 2460 t
2766 2403 2987 2469 scribat,
3005 2403 3164 2458 sicuti
3192 2411 3429 2457 montem
3446 2399 3661 2456 Ithacoe.
3685 2398 3905 2454 Ambra·

2332 2499 2530 2554 cieuses
2553 2513 2717 2568 porro
2733 2533 2750 2561 ,
2776 2510 2903 2565 gens
2926 2501 2981 2546 et
3003 2492 3103 2564 ipsi
3126 2489 3426 2564 Epirotica,
3446 2489 3521 2542 ita
3546 2486 3791 2560 appellati
3813 2498 3905 2541 aut

2332 2587 2401 2642 ab
2446 2584 2753 2649 Ambracia,
2784 2585 2979 2653 Augeae
3006 2579 3143 2646 filia,
3187 2587 3281 2632 aut
3321 2576 3391 2630 ab
3442 2574 3731 2641 Ambrace‚
3764 2573 3905 2628 The·

2334 2673 2501 2747 sproti
2518 2671 2628 2726 filio
2642 2710 2659 2739 ,
2690 2688 2721 2725 a
2737 2686 2848 2742 quo
2874 2668 3031 2723 etiam
3055 2667 3203 2720 sinus
3229 2660 3624 2721 Ambracioticu
3636 2679 3681 2727 s,
3707 2670 3761 2715 et
3776 2659 3905 2714 urbs

2338 2761 2617 2818 Ambracia
2632 2800 2647 2823 ,
2672 2768 2733 2812 ut
2757 2776 2790 2813 a
2807 2756 3106 2829 Thesproto
3130 2751 3451 2823 Thesprotia
3476 2749 3640 2821 regio.
3669 2751 3803 2804 Sunt
3830 2760 3907 2802 ta·

2338 2863 2459 2903 men
2499 2847 2591 2919 qui
2630 2843 2867 2901 Ambrax
2884 2883 2900 2909 ,
2925 2841 3169 2896 affectato
3190 2838 3462 2892 vetustatis
3474 2853 3656 2901 more,
3676 2836 3909 2890 scribant

2336 2953 2433 3009 per
2452 2952 2581 3010 p,ac
2600 2941 2879 3006 propterea
2899 2930 3169 3000 regionem
3192 2927 3358 3000 ipsam
3382 2923 3749 2999 Ampraciam,
3771 2925 3911 2996 pari-

2338 3033 2419 3076 ter
2444 3031 2602 3093 atque
2642 3017 2973 3074 Britannicas
3012 3013 3209 3070 insulas
3245 3011 3491 3067 scribunt
3533 3009 3871 3065 Prcttanieas
3887 3030 3909 3074 ,-

2339 3107 2664 3180 frequentior
2686 3115 2863 3159 tamen
2886 3102 3147 3174 scriptura
3164 3110 3243 3154 ωε
3266 3115 3365 3172 per
3390 3097 3443 3152 b.
3476 3099 3734 3168 Pinguem
3758 3107 3909 3150 vocat

2338 3199 2616 3269 Cercyrmn
2645 3212 2676 3248 a
2702 3193 2853 3266 copia
2874 3201 2927 3246 et
2947 3189 3182 3245 bonitate
3210 3185 3483 3242 fructuum
3498 3225 3515 3252 ,
3561 3183 3708 3258 quod
3749 3187 3911 3240 Poeta

2338 3301 2548 3357 quoque
2590 3283 2649 3336 in
2688 3278 2925 3352 Odyssea
2966 3277 3188 3333 indicat.
3228 3279 3451 3334 Vetusta
3488 3283 3664 3328 tamen
3712 3272 3910 3327 scholia

2338 3369 2595 3442 multique
2609 3366 2951 3421 historiarum
2976 3361 3185 3418 codices
3219 3359 3511 3416 ostendunt
3533 3358 3778 3428 ambigue
3800 3376 3911 3411 sese

2338 3455 2480 3529 apud
2528 3464 2727 3509 veteres
2762 3450 2959 3506 habere
2997 3448 3183 3504 insulae
3220 3443 3379 3518 hujus
3412 3445 3760 3517 scripturam,
3804 3444 3910 3498 dici

2339 3559 2567 3615 namque
2588 3540 2747 3595 etiam
2780 3541 3079 3609 Corcyram,
3120 3551 3221 3607 per
3245 3551 3299 3590 ο.
3328 3529 3603 3588 AEdificau
3630 3540 3807 3584 autem
3833 3540 3913 3584 est

2340 3648 2369 3684 a
2396 3626 2683 3684 Corinthiis
2704 3627 2959 3698 Cet-cyra,
2986 3637 3345 3694 magnumque
3371 3617 3500 3674 olim
3522 3619 3909 3672 incrementum

2341 3717 2542 3790 accepit
2558 3757 2571 3776 .
2596 3724 2651 3769 et
2692 3711 2853 3767 urbes
2880 3709 3177 3784 complures
3199 3707 3359 3780 atque
3384 3704 3583 3761 insulas
3616 3705 3789 3760 missis
3817 3723 3909 3759 co·

2341 3804 2495 3859 loniis
2523 3801 2902 3875 frequentavit,
2932 3797 3231 3869 multasque
3256 3795 3434 3869 copias
3465 3793 3672 3849 navales
3696 3791 3911 3861 habuit,

2345 3893 2413 3948 ita
2458 3901 2519 3946 ut
2554 3890 2611 3945 in
2640 3887 2849 3945 Persico
2876 3885 3015 3941 bello
3057 3882 3315 3956 Cercyraei
3352 3879 3620 3951 sexaginta
3644 3896 3803 3934 naves
3830 3879 3914 3934 in·

2345 3979 2667 4045 struxerint,
2698 3993 2867 4050 quum
2894 3972 3175 4046 ancipitem
3194 3969 3318 4025 belli
3342 3967 3608 4024 fortunam
3630 3968 3782 4022 veriti
3814 3986 3913 4022 ne·

2347 4087 2449 4142 que
2472 4068 2639 4122 Xerxi
2655 4106 2671 4133 ,
2700 4082 2873 4138 neque
2894 4062 3112 4119 Graecioe
3140 4057 3373 4115 auxiliati
3401 4067 3558 4124 sunt,
3590 4055 3683 4110 sed
3712 4057 3913 4112 auxilia

2348 4153 2684 4210 distulerunt.
2702 4153 3085 4206 Verumtamen
3109 4145 3339 4201 desolata
3362 4161 3546 4198 rursus
3562 4153 3640 4198 est
3661 4145 3755 4210 its,
3778 4146 3917 4198 utin

2350 4241 2691 4318 proverbium
2710 4234 3078 4310 hujuscemodi
3102 4233 3291 4290 abierit
3316 4251 3331 4288 ε
3370 4253 3391 4282 ι
3422 4231 3615 4287 Libera
3650 4232 3877 4303 Cercyra
3894 4271 3908 4296 ,

2352 4339 2531 4386 cacato
2555 4327 2650 4382 ubi
2675 4325 2821 4380 velis.
2850 4349 2874 4371 ι
2936 4323 3175 4395 Cercyrae
3195 4337 3358 4392 porro
3384 4316 3532 4380 duae,
3552 4317 3713 4372 altera
3734 4318 3914 4372 Phaea-

2353 4425 2459 4486 cis,
2490 4419 2558 4476 ad
2604 4419 2779 4474 sinum
2825 4416 3069 4479 Ionium,
3110 4412 3180 4468 de
3212 4429 3320 4485 qua
3360 4428 3536 4466 sermo
3586 4427 3729 4464 nunc
3756 4409 3917 4464 etiam

2356 4511 2614 4585 Dionysio
2630 4549 2647 4576 ,
2679 4525 2797 4583 quoe
2822 4517 2877 4562 et
2897 4505 3134 4574 Phaeacia
3155 4513 3337 4559 vocata
3370 4513 3425 4558 et
3450 4502 3664 4558 Scheria
3701 4513 3754 4557 et
3782 4504 3918 4556 Dre-

2355 4620 2553 4678 panum
2576 4612 2629 4656 et
2653 4605 2840 4671 Argos.
2870 4602 3044 4670 Atque
3064 4596 3179 4652 hoec
3200 4595 3416 4669 quidem
3440 4612 3565 4649 una.
3592 4593 3771 4649 Altera
3792 4612 3919 4648 vero

2348 4865 2515 4919 ribus.
2548 4887 2573 4911 ιι
2605 4864 2814 4916 Bmu.
2851 4860 2875 4930 ΙΙ
2906 4887 2979 4902 -
3004 4857 3093 4912 23.
3120 4854 3300 4926 Αὗγίου
3325 4854 3393 4920 d,
3420 4851 3633 4924 Αὗγίνου
3679 4857 3761 4911 Μ.
3796 4854 3817 4925 ΙΙ
3853 4883 3927 4898 -

2353 4961 2443 5014 27.
2474 4941 2793 5015 ἀρχαιότερον
2816 4937 2923 4996 Ed.
2950 4939 2973 5010 ΙΙ
2996 4968 3065 4979 -
3082 4953 3172 5008 29.
3198 4937 3430 5006 Βρετταν.
3456 4933 3695 5006 Πρετταν.
3723 4938 3839 4990 EM
3844 4937 3897 4990 U
3907 4974 3921 4997 ‚

2354 5024 2557 5094 Βρεταν.
2588 5021 2795 5092 Πρεταν.
2826 5029 2951 5074 cett.
2986 5017 3008 5087 11
3036 5046 3110 5059 -
3132 5015 3219 5071 33.
3242 5015 3295 5068 δὲ
3316 5023 3439 5068 ante
3466 5017 3563 5067 τῶν
3584 5029 3693 5068 om.
3720 5017 3772 5068 F
3774 5034 3801 5082 ,-
3828 5018 3926 5066 τῶν

2354 5122 2465 5159 om.
2494 5097 2790 5165 DEFKL,
2815 5099 3020 5171 ἱστορῶν
3040 5094 3107 5169 ἆ,
3135 5095 3389 5166 ἱστορικῶν
3418 5096 3472 5148 C.
3502 5093 3524 5164 11
3548 5123 3619 5134 -
3637 5091 3723 5146 35.
3755 5095 3928 5162 μικροῦ

2354 5180 2539 5236 addidi
2558 5198 2621 5234 ex
2646 5183 2783 5244 FU,-
2804 5179 3021 5250 Κόρκυρα
3042 5179 3105 5232 F.
3134 5175 3156 5245 ΙΙ
3182 5203 3255 5216 —-
3274 5173 3362 5244 37.
3383 5172 3547 5246 ᾤκησε
3566 5169 3671 5226 Ed.
3698 5170 3721 5240 ΙΙ
3747 5200 3817 5212 -
3835 5175 3928 5235 41.

2360 5259 2661 5315 ἆνεὸάλοντο
2686 5256 2868 5325 codd„
2895 5275 3009 5312 cxc.
3041 5253 3183 5310 cEd.
3216 5254 3238 5324 ΙΙ
3261 5257 3443 5316 -42,
3470 5250 3687 5323 ἠρημέθη
3728 5255 3794 5314 0,
3820 5247 3931 5319 ἔρη-

698 5369 815 5424 quae
840 5351 1100 5406 Holstenii
1130 5365 1346 5422 quoque
1371 5347 1473 5403 suit
1497 5349 1781 5411 sententia,
1823 5348 1934 5401 haec
1961 5364 2186 5418 quaequc
2207 5347 2274 5400 si·
2365 5340 2505 5410 μώθη
2535 5342 2600 5394 F.
2633 5340 2654 5409 ΙΙ
2679 5369 2753 5380 -
2773 5337 2864 5402 43:
2890 5335 2992 5399 πέζ’
3024 5337 3213 5390 KMU.
3246 5332 3268 5404 ss
3302 5361 3377 5374 —
3398 5335 3490 5395 44.
3522 5328 3696 5402 Ἰωνίῳ
3724 5339 3777 5382 et
3802 5345 3924 5382 mox

701 5431 902 5504 gnificat
946 5432 1000 5484 in
1030 5449 1108 5483 vs.
1157 5432 1262 5500 498
1279 5469 1296 5495 ,
1321 5447 1352 5482 e
1384 5429 1600 5482 vetustis
1628 5428 1863 5500 Dionysii
1890 5436 2267 5480 commentato-

2370 5416 2563 5472 Ἰωνίου
2586 5417 2641 5472 d.
2674 5418 2695 5488 ΙΙ
2727 5447 2774 5457 -
2812 5416 2899 5480 45.
2932 5414 3017 5469 καὶ
3050 5422 3173 5467 ante
3191 5411 3379 5465 Φαιακ.
3407 5427 3517 5464 om.
3551 5411 3760 5464 CDLY.
3799 5411 3821 5478 ΙΙ
3855 5435 3924 5448 --
