4584 6284
1816 423 1920 486 DE
1958 422 2328 487 Dlom’slo
2368 423 2813 488 PERIEGETE.

3746 431 3887 510 xxiij

715 550 936 628 tradit,
965 553 1167 616 exorsi
1194 555 1298 632 (1).
1335 555 1454 616 Sed
1486 554 1683 620 multo
1706 553 2060 635 gravissima
2093 554 2266 617 insti·
2352 553 2646 634 parallelo
2666 552 2936 633 regionis
2954 557 3382 619 Aromatil'erae
3407 557 3559 620 situs
3572 567 3689 638 est,
3716 559 3887 634 dum,

709 639 828 701 tuti
859 639 1093 721 capita,
1119 659 1262 722 011111
1287 641 1506 722 primis
1527 642 1708 706 lineis
1735 642 2090 725 designasse
2119 661 2260 723 pre-

707 725 868 789 tium
885 736 984 791 est
999 774 1016 804 ,
1039 731 1350 793 fluxerunt
1368 730 1444 794 ab
1463 731 1876 795 Eratosthenis
1899 731 2254 812 praeceptis.

707 813 868 878 Huic
911 817 1082 880 enim
1128 817 1388 880 debetur
1431 818 1598 883 orbis
1641 817 1976 902 descriptio
2017 819 2258 884 latioris

706 921 899 986 quam
927 904 1253 986 amplioris
1279 905 1356 987 (v.
1392 906 1473 988 6),
1515 905 1782 970 narratio
1811 907 1892 970 de
1931 907 2260 972 continen-

703 993 866 1057 tium
894 992 1122 1056 finibus
1152 996 1226 1073 (v.
1256 998 1332 1058 19
1361 1001 1542 1078 sqq.),
1573 995 1652 1060 de
1685 995 1952 1060 marium
1981 995 2261 1078 singulo-

707 1099 850 1144 rum
891 1081 1151 1145 eircuitu
1189 1082 1388 1166 deque
1416 1082 1652 1166 Caspici
1683 1090 1904 1148 natura
1931 1083 2256 1166 persuasio

707 1169 1142 1232 commenticia
1171 1169 1242 1250 (v.
1280 1174 1378 1234 49.
1422 1175 1500 1236 60
1539 1172 1727 1254 sqq.),
1763 1172 1944 1236 Ponti
1983 1172 2257 1236 eircum-

708 1255 964 1338 scriptio
985 1259 1060 1338 (v.
1085 1261 1218 1322 151.
1245 1257 1402 1334 863),
1427 1257 1652 1341 triplex
1671 1261 1938 1342 Europae
1963 1257 2256 1342 peninsu-

706 1343 908 1408 larum
956 1345 1185 1410 notatio
1231 1345 1310 1409 ad
1349 1349 1608 1426 κρηπῖδας
1637 1352 1918 1411 revocata
1962 1349 2038 1427 (v.
2087 1350 2248 1422 332),

705 1429 930 1495 110111ἀο
959 1431 1119 1496 Asiae
1157 1439 1283 1496 tam
1331 1451 1621 1498 mensura
1659 1451 1848 1516 quam
1885 1432 2250 1515 explicatio,

706 1517 1011 1604 imprimis
1046 1538 1185 1603 quoe
1229 1520 1309 1584 ad
1342 1519 1631 1584 Arianam
1663 1520 2029 1604 Indiamque
2065 1522 2257 1604 perti-

701 1607 904 1669 nuerit
927 1611 1034 1687 (vs.
1057 1611 1196 1672 620.
1219 1613 1358 1673 714.
1385 1613 1522 1674 887.
1548 1613 1706 1674 1130
1720 1613 1905 1694 sqq.),
1931 1616 2252 1692 postremo

698 1695 1044 1758 fabularum
1064 1697 1159 1760 vel
1180 1696 1588 1762 obscurorum
1616 1698 1898 1762 locorum
1925 1697 2056 1762 fida
2081 1717 2255 1762 com—

697 1783 1060 1846 memoratio
1076 1829 1092 1860 ,
1112 1790 1184 1847 ut
1205 1785 1461 1862 CerneS,
1485 1790 1556 1847 ut
1575 1785 1804 1848 'I'hules
1820 1830 1838 1864 ,
1863 1789 1934 1848 ut
1951 1787 2248 1868 Hercynii

693 1868 884 1933 saltus
898 1875 1193 1955 tanquam
1211 1874 1660 1938 Germanorum
1683 1872 2094 1954 fideijussoris
2119 1877 2244 1953 (vs.

692 1959 828 2020 219.
859 1961 1000 2022 286.
1025 1961 1180 2039 581)
1211 1979 1228 2023 :
1259 1978 1405 2024 nam
1435 1961 1516 2024 ab
1544 1960 1620 2024 iis
1649 1961 2038 2026 abstinemus
2057 2009 2074 2040 ,
2103 1981 2248 2046 quae

693 2062 838 2107 cum
866 2045 1194 2129 Dionysius
1220 2066 1257 2111 a
1279 2047 1465 2112 variis
1492 2048 1900 2131 scriptoribus
1926 2051 2248 2134 accepisse

693 2134 994 2214 potuerit,
1025 2153 1152 2198 non
1179 2135 1328 2199 satis
1351 2136 1586 2200 munita
1613 2135 1738 2200 fide
1759 2137 2137 2218 jusserimus
2167 2138 2247 2201 ad

694 2221 1056 2302 Cyrenaeum
1078 2223 1310 2288 redire.
1342 2247 1372 2284 l)
1423 2227 1572 2288 Haec
1605 2225 2062 2307 Bernhardyus.
2109 2228 2248 2289 Non

695 2312 2252 2482 {attangliqflz⁰sstflffitssssiiffipffiffim

697 2483 776 2546 ab
799 2485 1204 2550 Eratosthene
1229 2485 1318 2550 sic
1343 2487 1674 2551 constituta
1691 2494 1892 2565 erant;
1919 2487 1983 2549 in
2001 2489 2254 2554 univer-

693 2589 836 2634 sum
887 2579 1094 2637 tamen
1150 2576 1349 2639 multo
1395 2575 1604 2638 minus
1649 2575 1728 2638 ab
1775 2593 1854 2639 eo
1895 2576 2250 2658 geographo

690 2661 916 2724 Noster
941 2661 1174 2742 pendet
1213 2679 1402 2744 quam
1439 2661 1878 2745 Bernhardyus
1907 2662 2250 2728 credidisse

684 2748 951 2813 videtur.
999 2751 1267 2813 Omnino
1308 2769 1456 2816 vero
1503 2751 1934 2816 Eratosthenis
1994 2752 2250 2817 nominc

685 2837 869 2902 multi
891 2837 1228 2902 abutuntur
1249 2839 1490 2920 ajentes
1523 2839 1618 2901 illi
1641 2839 2032 2922 geographos
2061 2841 2252 2905 serio·

687 2945 788 2991 res
825 2933 1068 2992 tantum
1095 2945 1220 2992 non
1263 2945 1484 2992 omnes
1517 2930 1828 2992 terrarum
1857 2928 2137 2994 tabulam
2171 2948 2249 2993 ex

686 3016 930 3097 placitis
976 3016 1459 3080 Eratosthenicis
1513 3016 1884 3093 adornasse;
1954 3017 2022 3081 id
2073 3016 2244 3081 enim

685 3104 1091 3167 falsissimum
1141 3123 1279 3166 esse
1332 3102 1597 3187 quisque
1647 3103 1942 3169 fatebitur
1998 3105 2246 3171 diutur-

684 3191 861 3268 niore
905 3190 1128 3254 harum
1172 3209 1383 3253 rerum
1437 3211 1554 3258 usu
1614 3189 1896 3257 edoctus.
1953 3196 2242 3257 Ceterum

687 3299 840 3342 num
862 3298 938 3342 ea
956 3297 1096 3361 qnae
1115 3281 1338 3342 Nostro
1363 3297 1508 3341 cum
1531 3279 1938 3343 Eratosthene
1962 3299 2248 3346 commu-

689 3369 792 3430 nia
819 3373 998 3442 sunt,
1051 3386 1125 3430 ex
1165 3367 1304 3448 ipso
1333 3365 1754 3430 Eratosthenis
1785 3385 1976 3448 opere
2016 3370 2246 3451 Diony-

689 3453 818 3518 sius
845 3454 1161 3536 selegerit,
1193 3472 1272 3516 an
1298 3453 1436 3518 haec
1463 3453 1648 3518 sicuti
1675 3471 1748 3516 ea
1765 3501 1783 3532 ,
1817 3455 1882 3517 in
1907 3457 2137 3539 quibus
2163 3457 2242 3520 de

685 3543 874 3608 rebus
894 3543 1180 3606 maximis
1205 3564 1242 3607 a
1264 3545 1556 3626 Cyrenoeo
1586 3543 1942 3625 geographo
1966 3545 2236 3618 recedit,

687 3631 810 3694 alio
832 3631 897 3694 in
922 3649 1110 3713 opere
1139 3630 1230 3694 sic
1245 3631 1376 3710 iam
1396 3629 1742 3712 composita
1766 3631 1992 3712 legerit
2029 3634 2150 3715 (2),
2177 3633 2241 3696 in

687 3719 898 3783 medio
937 3717 1417 3800 relinquendum
1446 3724 1559 3782 est.
1771 3708 1792 3730 ⁰

765 3807 1056 3888 Figuram
1114 3807 1286 3871 orbis
1336 3811 1647 3870 terrarum
1698 3805 2031 3888 Dionysius
2087 3807 2242 3870 dicit

692 3897 1052 3966 σοενδονοειδῆ
1075 3893 1202 3956 sive
1228 3912 1306 3956 ex
1339 3893 1582 3958 duobus
1611 3895 1785 3959 conis
1811 3902 2204 3959 constantem
2219 3943 2236 3972 ,

690 3999 958 4066 quorum
985 3980 1138 4044 alter
1159 3980 1458 4044 formatur
1466 3981 1700 4062 junctis
1717 3985 1986 4064 Europae
2005 3982 2244 4064 Libyae-

687 4087 812 4150 quc
841 4067 1336 4144 continentibus,
1371 4068 1528 4130 alter
1547 4087 1694 4133 vero
1724 4075 1818 4132 est
1850 4069 2034 4133 Asiae.
2069 4071 2245 4134 Patet

685 4155 876 4236 igitur
921 4155 1084 4218 Asiae
1137 4154 1400 4235 figuram
1452 4156 1636 4236 longe
1697 4157 1882 4221 aliam
1924 4156 2239 4239 perhiberi

685 4261 875 4324 quam
923 4241 1181 4307 tradidit
1222 4243 1658 4308 Eratosthenes
1696 4244 1800 4326 (3).
1849 4245 2036 4328 Apud
2075 4244 2243 4310 hunc

685 4330 854 4394 enim
906 4329 1053 4393 Asia
1083 4330 1373 4393 australis
1421 4329 1486 4393 in
1540 4331 1954 4395 Coniacorum
1999 4331 2240 4414 apicem

686 4420 842 4496 exit,
877 4417 986 4502 qui
1015 4435 1158 4481 cum
1187 4417 1510 4500 adjacente
1538 4419 1906 4502 Taprobane
1935 4421 2138 4487 insula
2177 4421 2241 4484 in

746 4595 814 4658 (1)
831 4592 992 4645 Schol.
1013 4591 1078 4644 nd
1095 4605 1168 4644 vs.
1197 4597 1217 4643 1
1248 4593 1638 4652 εἘρατοσθὲνους
1665 4594 1716 4644 δὲ
1736 4595 1804 4644 ὣν
1827 4595 2057 4658 ζηλώτης,
2081 4597 2241 4660 κύκλῳ

685 4665 979 4729 migades
1002 4666 1086 4722 τὴν
1113 4669 1200 4723 γῆν
1223 4665 1362 4727 φησὶν
1379 4665 1471 4714 ὐπὸ
1497 4669 1582 4713 τοῦ
1602 4665 1833 4714 ὠκεανοῦ.

751 4737 818 4800 (2)
845 4736 1068 4786 Fortasse
1099 4733 1152 4784 in
1187 4746 1333 4798 opere
1369 4733 1626 4784 metandi-i
1667 4731 1868 4799 ephesii
1881 4772 1896 4797 ,
1933 4733 2024 4798 qul
2064 4739 2244 4800 prater

689 4805 946 4858 historiam
967 4803 1081 4856 belli
1113 4803 1323 4867 Marsici,
1349 4817 1498 4856 versu
1527 4803 1726 4857 heroico
1751 4804 1905 4856 libros
1943 4807 2242 4870 composuit,

691 4877 744 4928 in
771 4875 1050 4940 quibusmt
1079 4875 1252 4926 Strabo
1279 4875 1348 4926 nit
1370 4887 1420 4940 p.
1441 4879 1553 4936 0⁴2,
1579 4875 1638 4924 τὰ
1665 4875 1858 4940 οὐράνια
1887 4876 2140 4926 διατίθεται
2163 4879 2244 4928 καὶ

690 4950 776 5004 τὰς
792 4947 1014 5009 vincit-m<
1033 4949 1306 5008 γεωγραφιϊ,
1337 4945 1443 4994 καθ’
1473 4944 1678 5004 ἑκάστην
1703 4947 1850 5001 ἐκθεὶς
1869 4945 2126 5008 ποιήματα.

754 5019 826 5081 (3)
859 5017 1060 5066 lncaute
1103 5014 1392 5079 For-bigerus
1433 5015 1613 5078 Geoqr.
1651 5019 1703 5077 1,
1747 5028 1795 5080 p.
1838 5019 1931 5066 433
1971 5029 1984 5059 =
2026 5035 2051 5058 et
2079 5013 2245 5067 Daher

691 5089 882 5140 kommt
902 5100 959 5139 es
987 5087 1116 5140 deun
1143 5085 1272 5137 auch
1296 5083 1411 5136 dass
1433 5082 1524 5135 das
1548 5084 1650 5135 ihm
1685 5083 2098 5136 vorschwcbende
2123 5085 2246 5136 oder

690 5155 1098 5212 wahrschcinlich
1125 5157 1180 5208 111
1219 5156 1350 5207 einer
1377 5155 1573 5206 aelteren
1615 5157 1763 5207 Karte
1793 5155 1899 5206 ihm
1937 5156 2244 5222 τοι-1103011110

691 5233 802 5286 Bild
831 5244 954 5298 ganz
977 5229 1068 5280 du
1091 5225 1836 5279 Eratosthenisch-strabonische
1863 5229 1955 5278 est.
1989 5246 2014 5272 ι.

2350 640 2693 704 secundum
2722 639 3083 721 Dionysium
3101 689 3117 717 ‚
3152 645 3441 706 australis
3462 645 3627 711 Asiae
3654 665 3794 726 ora,
3828 655 3895 713 ut

2350 729 2491 793 00111
2526 731 2785 810 figuram
2822 728 3125 806 absolvat,
3164 729 3228 792 in
3256 730 3539 796 orientali
3576 753 3686 798 sua
3722 743 3895 818 parte

2348 815 2667 898 paullatim
2720 833 2931 879 versus
2986 817 3243 880 boream
3292 820 3652 901 reflectitur,
3705 823 3789 886 ita
3828 830 3899 888 ut

2344 903 2739 986 Taprobanes
2766 903 2985 968 insulae
3004 905 3157 967 situs
3181 904 3366 986 longe
3400 905 3509 971 fiat
3531 911 3897 990 septentrio-

2346 991 2565 1068 nalior,
2592 991 2745 1055 etin
2784 993 3015 1074 Syenes
3050 991 3419 1074 parallelum
3460 993 3616 1072 sive,
3663 1003 3733 1060 ut
3762 999 3895 1081 ipse

2344 1078 2671 1160 Dionysius
2704 1078 2863 1162 (595)
2890 1079 3073 1156 dicit,
3104 1079 3171 1142 in
3198 1080 3415 1143 Caneri
3443 1081 3749 1148 circulum
3774 1093 3901 1150 tro-

2345 1168 2557 1250 picum
2576 1175 2981 1232 removeatur.
3011 1170 3161 1232 Haec
3187 1186 3384 1252 quum
3407 1169 3493 1232 ita
3526 1171 3682 1247 sint,
3712 1173 3895 1240 facile

2345 1254 2717 1336 intelligitur
2746 1253 3063 1319 borealem
3113 1254 3305 1318 Indiae
3356 1256 3699 1322 terminum
3721 1307 3739 1338 ,
3784 1263 3893 1345 qui

2341 1346 2543 1408 Tauro
2574 1347 2787 1408 monte
2822 1341 3217 1424 describitur,
3244 1361 3319 1407 ex
3340 1343 3617 1428 Dionysii
3647 1355 3899 1415 senten-

2343 1429 2427 1495 tia
2446 1450 2573 1495 non
2592 1449 2727 1496 esse
2745 1431 2809 1493 in
2828 1430 3121 1514 parallelo
3142 1449 3254 1514 per
3275 1433 3503 1496 fretum
3521 1434 3895 1503 Gaditanum

2342 1525 2405 1582 et
2458 1518 2747 1585 Rhodum
2797 1517 2982 1584 ducto
2996 1566 3016 1599 ,
3058 1523 3129 1584 ut
3167 1518 3413 1601 primus
3456 1523 3897 1591 Eratosthenes

2340 1607 2587 1684 docuit,
2612 1609 2720 1672 sed
2752 1607 2900 1672 item
2928 1607 3125 1671 multo
3166 1607 3367 1688 magis
3396 1627 3609 1674 versus
3650 1622 3899 1695 septen-

2340 1694 2575 1759 triones
2595 1695 2925 1778 pertinere.
2952 1695 3331 1758 confirmare
3349 1713 3484 1759 rem
3509 1697 3657 1762 licet
3675 1719 3710 1764 0
3727 1702 3896 1766 Posi-

2340 1783 2559 1863 donio,
2586 1783 2721 1867 qui,
2750 1782 2931 1846 sicuti
2960 1781 3287 1864 Dionysius
3314 1789 3498 1848 terrae
3518 1785 3781 1867 figuram
3806 1793 3895 1852 οὗ·

2340 1873 2511 1954 ponat]
2540 1891 2676 1937 esse
2714 1871 2927 1937 statuit
2962 1875 3059 1951 (v.
3092 1879 3224 1936 1101.
3273 1871 3355 1934 ad
3384 1891 3473 1935 vs.
3512 1877 3577 1953 2,
3618 1895 3681 1956 p.
3725 1879 3891 1958 104),

2335 1959 2578 2024 Indiam
2613 1979 2789 2035 vero,
2823 1965 2894 2025 ut
2928 1959 3167 2024 Plinius
3209 1962 3270 2034 6,
3310 1963 3415 2039 21,
3448 1965 3527 2024 57
3562 1962 3779 2041 tradit,
3820 1967 3895 2028 ab

2334 2053 2543 2112 oestt’vo
2568 2049 2714 2112 solis
2736 2055 2873 2112 ortu
2898 2049 2983 2110 ad
3000 2049 3311 2111 hibernum
3336 2055 3611 2114 exortum
3635 2057 3893 2116 metatus

2336 2143 2459 2212 est,
2482 2137 2793 2200 adversam
2834 2137 3050 2199 Galliae
3075 2143 3377 2214 statuens,
3414 2155 3595 2218 quam
3624 2141 3701 2202 ab
3737 2145 3893 2202 occi-

2338 2226 2511 2288 dente
2522 2230 2725 2290 aestivo
2744 2226 2832 2288 ad
2848 2226 3207 2289 occidentem
3226 2225 3539 2288 hibernum
3556 2228 3895 2292 metabatur

2337 2319 2519 2378 totam
2540 2333 2581 2376 a
2602 2313 2867 2391 favonio.
2894 2312 3133 2376 Eodem
3152 2331 3410 2395 prorsus
3430 2313 3620 2378 modo
3646 2315 3891 2380 Indiam

2338 2406 2401 2463 et
2438 2400 2733 2464 Celticam
2774 2398 2891 2463 sibi
2926 2399 3243 2482 oppositas
3294 2419 3431 2464 esse
3472 2401 3605 2481 jam
3651 2401 3893 2467 dixerat

2310 2486 2623 2570 Ephorus
2663 2487 2741 2568 (v.
2770 2488 3019 2568 Scymn.
3049 2487 3241 2550 Chius
3266 2486 3329 2550 in
3361 2496 3514 2550 tom.
3542 2491 3592 2569 I,
3621 2509 3685 2572 p.
3722 2495 3885 2572 202).

2336 2575 2513 2638 Patet
2554 2573 2744 2655 igitur
2784 2573 3189 2638 Posidonium
3225 2579 3290 2638 et
3336 2575 3701 2656 Dionysium
3740 2597 3886 2643 cum

2340 2661 2479 2725 aliis
2516 2660 2687 2726 haud
2724 2659 2939 2742 paucis
2984 2678 3199 2724 aurem
3242 2661 3587 2744 praebuisse
3626 2665 3893 2748 Hippar-

2342 2749 2461 2814 0110
2481 2795 2498 2824 ,
2546 2749 2653 2830 0111
2690 2749 2757 2812 111
2791 2747 3255 2813 Eratosthenica
3300 2749 3463 2814 Asiae
3504 2751 3715 2816 tabula
3752 2761 3890 2817 tum

2338 2836 2533 2901 Indiae
2556 2836 2743 2900 situm
2772 2842 2906 2899 tum
2928 2836 3051 2901 alia
3078 2837 3401 2919 complura
3430 2838 3759 2905 salsissime
3788 2861 3893 2905 ex-

2338 2922 2542 2988 hiberi
2588 2923 2941 2998 contendit,
2985 2923 3253 3007 ideoque
3280 2925 3471 3005 jussit
3509 2927 3616 2996 τοῖς
3654 2929 3891 3010 ἀρχαίοις

2336 3013 2513 3083 πίναξι
2534 3013 2808 3096 προσέχειν
2836 3013 3057 3096 (Strab.
3082 3031 3144 3093 p.
3166 3015 3285 3094 90).
3316 3013 3713 3097 Antiquiores
3737 3015 3889 3081 item

2338 3099 2577 3164 tabulas
2604 3103 2827 3164 Noster
2848 3099 2912 3162 in
2942 3098 3355 3164 describenda
3390 3103 3763 3168 occidentali
3793 3126 3891 3169 or-

2338 3185 2435 3248 bis
2462 3191 2769 3249 terrarum
2789 3190 2962 3267 parte
2982 3195 3233 3250 secutus
3260 3187 3481 3270 fuerit,
3508 3189 3573 3252 in
3598 3209 3723 3273 qua
3740 3193 3892 3255 Era-

2333 3274 2649 3336 tosthenes
2676 3290 2925 3356 quoqne
2950 3272 3369 3338 Timosthenis
3400 3277 3479 3357 (1)
3504 3277 3779 3358 vestigiis
3799 3277 3893 3342 in-

2334 3359 2559 3424 sistens
2605 3358 2776 3423 haud
2829 3360 3023 3424 multa
3079 3369 3351 3426 mutasse
3394 3363 3661 3428 videtur.
3711 3368 3889 3430 Certe

2329 3448 2519 3512 Italian
2566 3447 2753 3510 situm
2788 3447 3116 3530 Dionysius
3154 3450 3343 3514 talem
3388 3449 3695 3532 significat
3735 3472 3893 3535 qua-

2333 3535 2458 3599 lem
2504 3533 2790 3600 novimus
2844 3555 2919 3600 ex
2964 3537 3421 3621 antiquioribus
3478 3541 3884 3626 geographis3

2332 3623 2502 3687 idem
2548 3630 2612 3687 et
2644 3625 2885 3687 Cernen
2929 3631 2993 3688 et
3037 3625 3279 3691 Thulen
3320 3627 3630 3707 agnoseit,
3677 3646 3884 3713 neque

2332 3709 2556 3790 prohat
2578 3729 2719 3792 quae
2739 3711 2805 3772 in
2826 3711 2925 3774 his
2952 3713 3243 3776 omnibus
3267 3715 3699 3781 Artemidorus
3724 3717 3892 3798 ejus-

2333 3814 2455 3879 que
2482 3797 2735 3861 assecloe
2760 3806 3147 3863 novaverant.

2408 3887 2699 3950 Ceterum
2738 3887 2957 3950 Noster
2985 3903 3111 3950 non
3152 3885 3207 3950 is
3240 3893 3335 3950 est
3364 3887 3469 3969 qui
3502 3888 3737 3972 ubique
3768 3891 3889 3954 sibi

2330 3979 2573 4038 constet
2591 3980 2923 4057 caveatque
2932 3993 3013 4038 ne
3033 3974 3194 4058 quad
3201 3981 3333 4038 rata
3340 3977 3563 4056 jungat
3580 3979 3892 4046 rotundis.

2331 4061 2520 4142 Cujus
2566 4060 2989 4125 inconstantioe
3044 4061 3401 4144 exemplum
3446 4063 3513 4126 in
3557 4081 3633 4128 eo
3677 4065 3888 4128 statim

2335 4154 2751 4237 deprehendis
2779 4156 2948 4238 quod
2976 4175 3065 4220 vs.
3095 4158 3210 4220 175
3240 4155 3495 4238 Libyam
3522 4157 3787 4239 τραπεζίῳ
3814 4149 3891 4218 εῖ-

2331 4246 2417 4312 δος
2438 4242 2624 4322 ὁμοίην
2642 4250 2706 4307 01
2722 4261 2811 4306 vs.
2835 4247 2951 4309 887
2969 4243 3134 4306 Asiae
3152 4249 3391 4324 partem
3412 4243 3885 4310 meridionalem

2331 4331 2813 4414 quadrilateram
2842 4349 2979 4395 esse
3023 4330 3209 4406 dicit;
3240 4349 3508 4414 quorum
3553 4330 3676 4396 hoc
3721 4331 3889 4396 cadit

2332 4419 2399 4481 in
2417 4421 2711 4502 σφραγῖδας
2730 4437 2885 4501 quas
2904 4418 3340 4482 Eratosthenes
3362 4418 3694 4501 descripsit
3712 4424 3889 4486 Asia-

2332 4505 2485 4570 ticas
2503 4551 2521 4586 ,
2566 4506 2747 4570 sicuti
2776 4507 2928 4570 illud
2960 4523 3036 4569 ex
3074 4505 3285 4570 tabula
3328 4506 3497 4570 orbis
3540 4515 3881 4586 terrarum,

2331 4595 2584 4678 qualem
2624 4593 3035 4678 antiquissimi
3081 4594 3270 4658 Ionias
3318 4596 3659 4678 geographi
3698 4599 3891 4661 effor-

2332 4689 2609 4761 marent,
2655 4682 3127 4766 explicationem
3166 4682 3387 4760 habet,
3441 4689 3503 4746 at
3548 4689 3885 4768 utrumque

2333 4788 2372 4832 a
2398 4769 2634 4834 conicis
2684 4768 2896 4852 figuris
2936 4787 3091 4851 quas
3140 4769 3471 4851 Dionysius
3520 4769 3882 4846 delineavit,

2334 4857 2608 4920 alienum
2650 4865 2763 4922 est.
2816 4857 3041 4922 Mirum
3088 4876 3341 4941 quoque
3389 4859 3561 4942 qnod
3617 4881 3709 4928 vs.
3771 4863 3887 4923 627

2334 4943 2546 5006 Asiam
2590 4945 2837 5024 Europa
2874 4943 3189 5028 Libyaque
3218 4945 3534 5010 minorem
3581 4968 3724 5018 esse
3754 4963 3897 5010 nar—

2356 5225 2369 5238 ·
2397 5156 2464 5220 (1)
2492 5155 2901 5208 Timosthenicum
2920 5171 3111 5215 morem
3135 5158 3401 5221 Dionysius
3418 5161 3677 5242 imitant
3686 5164 3927 5236 warum

2330 5230 2458 5277 situs
2482 5225 2751 5277 secundum
2781 5231 2957 5280 ventos
2988 5231 3303 5297 amingum,
