4584 6284
640 472 696 532 κ’
708 473 805 546 viij

638 602 924 664 Groecum
941 645 958 673 ,
988 597 1232 662 facilius
1261 607 1358 662 est
1388 598 1599 662 dicere
1621 599 1794 679 cuias
1823 617 1952 664 non
1982 599 2200 672 fuerit,

638 704 825 768 quam
839 686 1014 768 cujas
1032 686 1224 750 fuerit
1239 706 1258 763 ;
1275 686 1592 769 siquidem
1609 687 1972 769 AEgyptium
1989 705 2056 752 se
2075 707 2204 752 non

634 774 825 839 fuisse
845 775 980 852 (etsi
1001 775 1068 838 in
1081 777 1424 858 AEgyptum
1444 772 1890 857 descenderit),
1903 793 2032 840 non
2055 777 2205 840 Ara-

636 863 816 944 hem,
850 882 981 927 non
1021 862 1492 947 Cappadocem,
1545 880 1674 926 non
1729 864 2039 941 Galatam,
2073 883 2197 928 non

631 953 969 1038 Phrygem,
987 973 1116 1019 non
1137 953 1527 1029 Armenium,
1558 970 1685 1016 non
1703 952 2167 1035 Paphlagonem
2177 998 2201 1031 ,

632 1061 762 1108 non
777 1043 1135 1119 Ponticum,
1161 1059 1291 1106 non
1307 1043 1614 1118 isaurum,
1639 1059 1764 1104 non
1787 1059 1866 1105 ex
1891 1041 2040 1107 Asia
2057 1045 2205 1106 Pro-

627 1131 948 1197 consulari
965 1177 982 1210 ,
1007 1150 1132 1194 non
1147 1129 1535 1205 Thessalum,
1563 1128 1951 1211 apertissime
1967 1129 2198 1212 prodit,

633 1239 782 1286 cum
811 1220 1083 1285 alienam
1111 1217 1306 1283 fldem
1334 1217 1603 1301 ubique,
1654 1217 1804 1282 dum
1844 1217 1912 1282 in
1937 1218 2038 1282 his
2073 1226 2196 1296 est,

634 1311 1019 1394 interponat.
1055 1306 1217 1387 Quid
1247 1304 1476 1386 igitur?
1519 1307 1678 1370 Sunt
1714 1325 1856 1390 quae
1903 1305 2204 1372 inducant

631 1400 866 1482 Syrum
898 1395 1094 1461 fuisse
1119 1395 1291 1459 hunc
1318 1393 1690 1475 scriptorem
1738 1413 1754 1458 ε
1796 1394 2072 1477 primum
2108 1403 2205 1460 est

636 1493 854 1552 exacta
905 1484 1014 1549 illa
1058 1491 1129 1548 et·
1162 1483 1346 1548 anxia
1389 1501 1572 1566 paene
1600 1482 1792 1566 Syriae
1826 1483 2195 1566 descriptio,

635 1572 748 1637 ubi
767 1592 897 1638 non
925 1575 1258 1638 contentus
1279 1569 1468 1635 totius
1487 1569 1682 1651 Syriae
1707 1569 1924 1636 laudes
1947 1577 2010 1635 et
2031 1590 2200 1635 sum·

633 1681 805 1726 mam
839 1677 1222 1745 proponere,
1246 1659 1344 1723 vel
1372 1659 1562 1722 etiam
1589 1659 2013 1742 metropoleos
2029 1706 2046 1737 ,
2073 1661 2201 1724 An-

631 1749 888 1814 tiochiae
941 1756 1128 1832 puta,
1182 1747 1350 1811 bona
1400 1746 1628 1810 efferre
1648 1748 1856 1831 (quod
1921 1747 2198 1831 alioquin

631 1835 823 1901 etiam
849 1836 1091 1920 prolixe
1114 1835 1288 1914 facit,
1312 1834 1420 1899 ubi
1447 1833 1527 1899 de
1554 1837 1822 1918 AEgypto
1847 1842 1913 1899 et
1938 1835 2202 1899 Alexan-

630 1924 772 1989 dria
785 1943 969 2007 agere
989 1923 1316 2006 instituit),
1347 1923 1702 1990 octodecim
1723 1923 1983 2009 insuper
2005 1925 2197 2010 Syriae

629 2013 912 2078 civitates
933 2013 1132 2077 claras
1153 2011 1516 2095 singillatim
1546 2014 1748 2078 ferme
1764 2017 2191 2101 persequitur3

627 2121 778 2168 mox
815 2110 880 2167 et
919 2101 1161 2166 duabus
1202 2101 1740 2167 observationibus
1783 2103 2196 2186 singularibus

624 2191 826 2275 Syriae
869 2189 1356 2273 descriptionem
1400 2189 1673 2266 claudit,
1705 2211 1970 2276 quarum
2025 2194 2197 2276 prior

625 2288 760 2360 est,
806 2281 958 2364 quid
1005 2280 1175 2344 circa
1218 2297 1321 2343 res
1365 2279 1748 2344 necessarias
1797 2287 1862 2344 et
1889 2281 2074 2346 utiles
2111 2282 2191 2346 ad

623 2370 815 2434 vitam
849 2369 1190 2433 humanam
1218 2367 1480 2450 singulae
1508 2367 1704 2450 Syriae
1735 2368 2011 2433 civitates
2042 2389 2197 2434 con-

621 2459 896 2534 ferrent3
949 2456 1302 2540 posteriore
1327 2456 1676 2539 voluptates
1705 2467 1769 2520 et
1802 2457 2190 2540 voluptatum

621 2545 895 2611 artifices
923 2563 1038 2628 per
1065 2543 1342 2625 singulas
1371 2542 1566 2625 Syriae
1583 2542 1864 2607 civitates
1901 2542 2192 2626 designa-

618 2642 757 2699 tum
793 2632 932 2709 ivit;
961 2640 1026 2696 et
1042 2637 1184 2714 post
1206 2631 1347 2708 haec
1368 2629 1580 2693 omnia
1596 2677 1612 2707 ,
1645 2627 1961 2695 brevitatis
1981 2631 2188 2696 adhuc

615 2722 861 2787 veniam
891 2721 1260 2804 deprecatus
1292 2737 1310 2782 τ
1345 2720 1427 2782 Ee
1467 2719 1590 2782 1³20
1622 2719 1868 2801 quidem
1890 2766 1907 2799 ,
1943 2719 2179 2803 inquit,

611 2813 809 2892 Syria
839 2830 924 2875 ex
962 2817 1173 2892 parm
1207 2813 1708 2890 praetermisimus
1744 2815 1904 2873 enim
1951 2812 2178 2890 multa,

611 2906 683 2961 ut
711 2917 835 2963 non
861 2899 1181 2963 extendere
1210 2904 1389 2962 extra
1417 2903 1818 2979 opportunum
1850 2901 2186 2964 orationem

612 2989 952 3066 videamur,
978 2995 1039 3052 et
1061 2993 1289 3051 ceteras
1313 2991 1584 3068 remanes
1603 3005 1833 3069 quoque
1861 2994 1920 3051 et
1931 2993 2187 3068 provin-

609 3081 738 3138 cias
763 3078 1021 3140 scribere
1045 3081 1362 3158 possimus.
1396 3074 1680 3139 Alterum
1711 3080 1840 3153 est,
1874 3077 2046 3161 quod
2073 3078 2184 3142 ubi

611 3165 691 3228 de
719 3167 923 3228 Roma
949 3182 1136 3245 agere
1154 3161 1459 3239 instituit,
1487 3162 1610 3226 tria
1626 3163 1915 3240 numina,
1945 3164 2180 3244 Solem,

609 3253 830 3315 Jovem
857 3257 922 3314 et
961 3252 1224 3314 Matrem
1251 3251 1454 3312 Deum
1501 3251 1722 3313 Romae
1759 3250 1930 3315 culta
1971 3252 2187 3317 obser-

607 3344 738 3415 vat,
771 3354 1000 3420 nempe
1041 3337 1188 3400 ideo
1237 3336 1411 3421 quod
1457 3342 1522 3399 et
1551 3337 1690 3400 hoec
1737 3337 1876 3421 ipsa
1910 3338 2030 3402 tria
2071 3359 2188 3404 nu-

611 3426 788 3490 mina
815 3427 1113 3507 Syrorum
1134 3429 1383 3499 essent;
1409 3424 1677 3506 Jupiter,
1710 3425 1993 3509 inquam,
2017 3428 2186 3491 unde

612 3522 678 3580 et
702 3513 951 3596 Jupiter
978 3513 1191 3595 Syrius
1211 3531 1228 3587 ;
1252 3512 1389 3587 Sol,
1414 3529 1605 3596 quem
1627 3513 1859 3594 pariter
1879 3519 1952 3578 ut
1966 3516 2184 3580 Jovem

613 3601 736 3667 suh
784 3599 970 3665 variis
1025 3599 1392 3665 nominibus
1441 3599 1767 3678 colebant,
1818 3607 1882 3666 et
1926 3603 2184 3687 quidem

610 3690 937 3775 praecipuo
986 3689 1160 3754 cultu
1207 3688 1522 3771 Heliopoli
1561 3689 1754 3772 Syriae
1771 3737 1788 3764 ‚
1829 3690 2000 3754 unde
2039 3694 2186 3756 deus

609 3780 1138 3864 Heliopolitana-q,
1161 3776 1241 3841 de
1270 3795 1395 3861 quo
1425 3783 1489 3840 et
1516 3778 1868 3842 Macrobius
1887 3779 1951 3842 in
1980 3782 2188 3846 Satur-

609 3867 899 3944 nalibus;
931 3864 1187 3931 tandem
1229 3868 1427 3931 Mater
1473 3868 1710 3944 Deum,
1758 3886 1902 3951 quae
1931 3869 2184 3952 proprie

610 3955 758 4020 ideo
801 3957 933 4018 Dea
955 3955 1146 4035 Syria
1174 3953 1341 4038 apud
1381 3957 1697 4020 Romanos
1721 3955 2081 4033 vocabatur,
2115 3965 2184 4022 ut

609 4043 804 4108 fidem
835 4043 1073 4108 faciunt
1101 4043 1411 4107 Lucianus
1441 4049 1506 4106 et
1534 4043 1860 4127 Apuleius.
1902 4045 2182 4109 Tertium

609 4136 1048 4212 argumentum
1097 4128 1178 4211 (1)
1213 4131 1498 4212 praebent
1533 4149 1720 4196 voces
1747 4130 1828 4195 ah
1872 4150 1949 4195 eo
1995 4151 2182 4196 usur-

607 4225 772 4302 patae
789 4265 806 4296 ,
832 4218 1268 4302 proculdubio
1289 4217 1455 4301 apud
1481 4219 1670 4301 Syros
1691 4219 1965 4296 usitatae,
1988 4219 2178 4284 veluti

606 4308 898 4370 καλοπὲται
947 4307 986 4388 ἓ
1011 4310 1120 4382 32,
1159 4325 1320 4392 quos
1355 4306 1462 4371 alii
1506 4308 1810 4379 καλοὸάτας
1852 4309 2172 4390 dixerunt,

605 4413 726 4479 pro
755 4394 1156 4460 funambulis.
1179 4397 1332 4460 Item
1351 4395 1524 4478 quod
1540 4397 1758 4480 Tyrios
1787 4399 1856 4462 in
1881 4400 2178 4464 omnibus

604 4483 843 4567 portis,
901 4484 1123 4561 πύλαις,
1153 4491 1438 4567 potentes
1465 4492 1651 4551 vocat
1695 4485 1812 4572 (2);
1853 4487 1956 4551 vix
2001 4488 2170 4552 enim

602 4571 760 4636 alibi
789 4590 980 4655 quam
1008 4590 1084 4636 ea
1109 4579 1288 4656 parte
1305 4580 1624 4653 portarum
1651 4574 1878 4639 harum
1907 4577 2170 4641 mentio.

603 4662 720 4724 Est
743 4666 958 4724 tamen
997 4658 1167 4741 quod
1200 4665 1263 4724 et
1295 4663 1786 4744 Commagenum
1816 4682 1930 4728 seu
1959 4665 2178 4730 Hiera-

604 4747 960 4831 politanum
1008 4745 1200 4812 fuisse
1233 4748 1490 4825 suadeat
1539 4771 1554 4814 :
1596 4769 1824 4834 nempe
1871 4751 2044 4834 quod
2095 4752 2176 4817 de

603 4835 727 4900 hac
763 4835 1010 4901 nullum
1050 4836 1311 4901 verbum
1339 4835 1550 4914 faciat,
1591 4857 1736 4902 cum
1762 4847 1976 4904 tamen
2005 4847 2176 4904 tanta

602 4922 799 4989 fuerit
841 4923 1330 5007 Hieropolitanae
1370 4925 1634 4991 civitatis
1676 4929 1867 5006 fama,
1895 4936 1967 4994 ut
2003 4929 2175 4993 nulla

664 5219 734 5286 (1)
761 5223 829 5272 At
853 5220 956 5272 vid.
985 5225 1090 5275 not.
1124 5223 1190 5275 ad
1207 5223 1236 5290 ς
1255 5228 1334 5288 32,
1352 5237 1402 5290 p.
1423 5230 1550 5279 ⁵19.-

663 5289 734 5358 (2)
764 5295 831 5344 At
855 5292 971 5345 vide
997 5297 1085 5346 not
1121 5295 1186 5350 {d
1203 5295 1233 5354 ς
1261 5299 1323 5345 ’34

1922 469 2509 532 PROLEGOMENA

2290 599 2413 664 alia
2436 598 2634 682 magis
2656 600 3088 683 superstitione
3113 602 3415 683 gentilitia
3438 604 3605 668 clara
3630 606 3840 688 fuerit,

2291 695 2357 752 et
2380 688 2447 751 in
2481 707 2605 770 qua
2646 690 3033 754 Constantius
3067 690 3205 773 ipse
3252 709 3421 774 saepe
3472 693 3839 760 substiterit.

2291 778 2493 854 Quare
2520 775 2799 840 videatur
2830 777 2935 842 hic
2962 786 3181 842 auctor
3207 778 3287 843 de
3328 782 3747 864 Commagena
3784 792 3846 850 et

2289 863 2607 947 Hierapoli
2644 866 2729 928 nil
2758 866 2959 946 egisse
2976 913 2993 943 ‚
3028 868 3198 950 quod
3228 868 3295 931 iu
3334 868 3577 953 ea.ipse
3607 872 3845 938 scribe-

2289 955 2404 1014 ret.
2438 951 2562 1016 Sed
2590 950 2783 1034 priori
2814 953 3135 1018 sententiae
3165 953 3483 1021 adhaereo.

2372 1066 2401 1094 ι
2446 1041 2680 1103 Verum
2704 1038 2841 1104 haec
2860 1040 3069 1104 omnia
3084 1042 3294 1108 adhuc
3321 1043 3483 1110 scire
3502 1065 3725 1129 parum
3754 1047 3843 1112 in·

2288 1133 2507 1206 terest,
2560 1127 2680 1192 nisi
2720 1135 2969 1213 tempus
3005 1132 3329 1210 educatur,
3368 1134 3413 1199 i.
3456 1155 3513 1200 e.
3560 1137 3842 1202 seculum

2289 1235 2364 1282 ac
2389 1217 2849 1302 propemodum
2878 1237 3077 1284 annus
3093 1267 3113 1302 ,
3140 1239 3267 1306 quo
3287 1221 3396 1286 hic
3418 1222 3669 1289 libellus
3692 1244 3845 1291 con-

2290 1305 2558 1390 scriptus
2599 1310 2728 1383 est,
2780 1307 3287 1392 quandoquidem
3337 1312 3542 1376 omnis
3592 1315 3842 1380 cosmo-

2287 1394 2549 1478 graphia
2574 1394 2653 1457 ad
2680 1395 2982 1479 cujusque
3010 1397 3209 1462 aetatis
3247 1398 3556 1464 rationem
3590 1419 3842 1486 compa-

2287 1490 2423 1547 rata
2459 1488 2589 1548 -est,
2638 1484 2933 1548 seculum
2975 1485 3163 1566 igitur
3222 1488 3493 1552 auctoris
3548 1491 3843 1574 colligere

2287 1570 2564 1654 primum
2608 1570 2792 1636 liceat
2832 1590 2910 1636 ex
2948 1573 3267 1638 nonnullis
3296 1575 3555 1641 vocibus
3592 1577 3835 1659 latinis,

2287 1677 2443 1741 quas
2488 1659 2727 1726 Graecia
2764 1662 3266 1728 constantiniano
3301 1665 3515 1730 seculo
3543 1672 3608 1731 et
3633 1670 3843 1751 proxi-

2287 1764 2391 1810 mo
2420 1747 2519 1812 sui
2556 1749 2712 1830 juris
2744 1750 2879 1830 iam
2919 1749 3067 1815 fecit
3084 1796 3103 1829 ,
3132 1751 3325 1816 veluti
3350 1753 3676 1832 κωμίτατον,
3724 1780 3835 1840 κιρ-

2283 1836 2495 1911 κήνσιον
2511 1881 2529 1914 ,
2582 1837 2889 1920 κιλλάριον,
2960 1839 3211 1924 βηλάριον
3279 1847 3426 1917 etc„
3489 1861 3633 1925 quae
3692 1863 3839 1910 sane

2285 1923 2857 1991 Constantinianum
2899 1928 2997 1990 vel
3040 1925 3397 2009 proximum
3448 1929 3507 1993 ei
3558 1931 3839 1996 seculum

2281 2021 2568 2098 arguunt.
2596 2015 2729 2080 Hoc
2755 2013 3053 2098 primum.
3083 2015 3375 2080 Secundo
3400 2035 3477 2080 ex
3505 2026 3670 2084 statu
3692 2020 3840 2083 reli-

2281 2103 2485 2184 gionis
2525 2102 2846 2185 gentilitiae
2884 2123 2999 2188 per
3048 2123 3123 2168 ea
3150 2111 3467 2188 tempora,
3500 2125 3690 2190 quem
3734 2106 3839 2170 hic

2281 2197 2498 2255 auctor
2541 2190 2803 2268 indicat,
2838 2192 3071 2275 pariter
3110 2193 3395 2257 seculum
3433 2195 3706 2258 auctoris
3746 2195 3841 2258 di·

2280 2279 2495 2360 gnosci
2517 2285 2742 2362 potest.
2764 2281 3005 2363 Nempe
3032 2280 3201 2344 enim
3221 2281 3551 2366 Serapium
3576 2283 3839 2346 Alexan-

2279 2366 2433 2432 driae
2483 2365 2699 2432 adhuc
2745 2367 2989 2432 stetisse
3042 2375 3181 2432 tum
3231 2375 3446 2450 aperte
3506 2369 3835 2452 significat.

2277 2458 2475 2529 Quare
2516 2473 2770 2520 necesse
2796 2465 2893 2519 est
2933 2461 3075 2520 ante
3102 2456 3527 2522 Theodosium
3566 2461 3650 2521 M.
3684 2459 3839 2522 scri-

2275 2543 2487 2627 pserit,
2504 2542 2547 2606 i.
2566 2561 2621 2606 e.
2644 2549 2786 2606 ante
2804 2561 2907 2607 an.
2926 2546 3063 2609 391.
3086 2544 3157 2608 Id
3176 2544 3348 2609 enim
3366 2545 3448 2608 ab
3472 2564 3546 2610 eo
3566 2546 3839 2627 impera-

2274 2640 2409 2697 tore
2454 2631 2839 2696 dcstructum
2881 2633 3231 2716 Eunapius,
3263 2633 3547 2699 Zosimus
3578 2638 3643 2697 et
3682 2633 3837 2697 scri-

2272 2727 2484 2804 ptores
2530 2719 2938 2787 ecclesiastici
2988 2727 3311 2787 testantur.
3348 2721 3526 2786 Idem
3563 2719 3834 2802 virgines

2271 2809 2551 2873 Vestales
2580 2815 2823 2891 septem
2876 2811 3095 2874 Romae
3126 2816 3263 2872 tum
3300 2809 3507 2874 adhuc
3544 2827 3723 2873 sacra
3748 2810 3837 2873 fe-

2270 2897 2433 2962 cisse
2485 2895 2734 2973 scrihit3
2784 2896 2957 2981 atqui
3004 2901 3225 2961 notum
3265 2903 3365 2960 est
3407 2901 3471 2960 et
3511 2903 3793 2961 notatum
3809 2944 3827 2977 ,

2238 3017 2244 3022 ·
2269 2985 2422 3068 quid
2451 2985 2639 3069 paulo
2664 2990 2810 3068 post
2830 2984 2931 3048 his
2956 2985 3308 3067 contigerit.
3340 2985 3547 3048 Tertio
3571 3002 3647 3048 ex
3671 2991 3834 3051 statu

2270 3073 2521 3156 imperii
2553 3072 2817 3138 Romani
2847 3080 2910 3137 et
2943 3073 3023 3136 iis
3056 3092 3199 3155 quae
3239 3073 3318 3137 de
3358 3091 3435 3137 eo
3464 3072 3714 3150 scribit,
3762 3073 3827 3137 id

2269 3161 2477 3245 ipsum
2505 3160 2798 3244 colligere
2826 3159 2991 3225 licet.
3032 3161 3315 3225 Primum
3352 3161 3524 3224 enim
3555 3159 3637 3224 de
3682 3163 3833 3226 Per-

2271 3249 2359 3313 sis
2378 3295 2394 3328 ,
2422 3247 2743 3313 Saracenis
2756 3295 2777 3330 ,
2806 3249 3033 3313 Isauris
3052 3295 3069 3326 ,
3102 3251 3458 3313 Romanum
3491 3248 3829 3332 imperium

2271 3335 2703 3400 infestantibus
2730 3335 2890 3417 agitg
2917 3344 2981 3400 at
3006 3336 3175 3400 enim
3211 3338 3335 3400 hoc
3362 3336 3521 3400 illud
3546 3337 3829 3401 seculum

2272 3431 2399 3500 est,
2427 3430 2491 3488 ct
2506 3424 2761 3507 quidem
2780 3424 3121 3489 Constantii
3140 3471 3159 3505 ,
3182 3425 3249 3488 in
3268 3423 3441 3508 quod
3458 3425 3598 3490 haec
3620 3426 3831 3490 omnia

2271 3511 2677 3591 conveniunt,
2715 3513 2887 3597 quod
2914 3513 2979 3578 in
3008 3513 3171 3579 notis
3196 3513 3502 3597 prolixius
3540 3513 3825 3580 ostendo.

2269 3603 2410 3666 Jam
2432 3602 2513 3665 ad
2534 3600 2638 3666 illa
2660 3601 2818 3665 mihi
2837 3601 2923 3667 sis
2940 3606 3153 3686 specta
3176 3622 3192 3667 :
3218 3601 3610 3667 munimenta
3632 3604 3831 3667 Meso-

2269 3689 2564 3772 potamiae
2604 3688 2811 3754 Persis
2853 3691 3174 3774 opposita3
3212 3689 3468 3755 urbium
3516 3689 3827 3754 clararum

2269 3797 2385 3843 seu
2400 3779 3015 3862 metropolitanarum
3040 3779 3429 3862 singularum
3453 3778 3849 3860 designatio-'

2269 3884 2446 3944 nem;
2479 3867 2905 3950 Berytensium
2918 3867 3513 3948 jurisconsultorum
3538 3867 3821 3949 copiam;

2267 3955 2551 4020 medicos
2599 3955 3051 4020 Alexandrinos
3070 4002 3089 4033 ,
3145 3974 3345 4039 equos
3384 3954 3827 4038 Cappadocum

2269 4042 2651 4119 dominicos;
2722 4044 2965 4127 equites
3030 4043 3381 4125 sagittarios
3459 4041 3825 4118 Armenios3

2265 4129 2662 4213 Cappadoces
2684 4138 2805 4196 etc.
2838 4131 3065 4213 partim
3087 4131 3307 4196 doctos
3325 4176 3342 4207 ,
3376 4129 3602 4212 partim
3630 4128 3698 4191 in
3715 4129 3831 4192 mi-

2266 4215 2522 4281 nisterio
2550 4217 2852 4301 principis
2895 4225 3033 4282 tum
3060 4219 3465 4294 constitutos;
3514 4217 3827 4280 delectum

2265 4302 2538 4367 militum
2560 4324 2633 4368 ex
2654 4305 2951 4383 Thracia3
2982 4305 3366 4370 Athenarum
3384 4323 3423 4369 a
3444 4303 3642 4368 literis
3662 4322 3829 4368 com·

2263 4392 2764 4472 mendationem;
2799 4391 3232 4476 Campaniam,
3275 4392 3602 4458 cellarium
3650 4391 3826 4458 urbis

2261 4481 2513 4559 Romae3
2541 4482 2837 4547 Sirmium
2854 4529 2873 4561 ,
2908 4481 3338 4556 Antiochiam,
3372 4480 3689 4546 Treverim
3709 4481 3825 4544 ha-

2264 4569 2630 4634 bitationem
2676 4569 3163 4653 imperatorum;
3196 4569 3459 4636 Galliam
3490 4568 3825 4652 imperato·

2263 4677 2406 4722 rum
2448 4657 2723 4735 avidam3
2764 4657 2939 4722 urbis
2964 4657 3308 4723 Trevericae
3341 4665 3407 4721 et
3450 4656 3823 4721 Arelatensis

2265 4747 2489 4828 elogia.
2514 4747 2794 4811 Tandem
2830 4752 3074 4828 specta,
3108 4744 3341 4827 quihus
3373 4761 3687 4827 quamque
3714 4762 3823 4806 ur-

2265 4835 2413 4898 bem
2438 4834 2805 4899 excelluisse
2823 4841 2959 4898 tum
2974 4841 3180 4915 notat,
3202 4852 3316 4898 seu
3328 4835 3632 4915 cuiusque
3649 4829 3822 4895 urbis

2265 4922 2530 5005 decora,
2577 4923 2769 4988 veluti
2820 4923 3064 5001 vinum,
3120 4924 3539 5002 frumentum,
3586 4927 3817 4997 vestes,

2257 5012 2581 5094 jumenta,
2642 5012 2928 5089 metalla,
2988 5013 3267 5097 aliasque
3334 5009 3574 5095 species
3592 5055 3611 5088 ,
3678 5025 3820 5090 quae

2265 5119 2487 5166 omnes
2525 5100 2797 5166 conferri
2825 5120 2901 5165 ex
2926 5101 3185 5184 singulis
3212 5100 3564 5166 civitatibus
3592 5102 3655 5160 et
3680 5113 3821 5179 pro-

2261 5188 2481 5253 vinciis
2508 5189 2661 5254 fisco
2698 5188 2979 5256 solebant
3006 5189 3210 5270 (unde
3238 5197 3305 5255 et
3322 5189 3551 5270 fiscales
3579 5184 3821 5270 specics

2266 5277 2491 5355 dictae)
2527 5299 2543 5344 ε
2580 5298 2727 5344 sane
2761 5279 2862 5344 vel
2897 5298 2973 5343 ex
2996 5278 3097 5342 his
3146 5279 3356 5362 eJusce
3406 5275 3601 5343 seculi
3648 5271 3817 5359 quod
