4584 6284
638 574 717 630 64

1886 562 2240 625 moNst
2283 564 2651 630 ΒΥΖΑΝΤῙῙ

705 698 983 773 Byzantios
1005 696 1219 752 colonos
1240 696 1631 765 Megarensium
1658 694 1838 765 lingua
1872 694 2068 764 Dorica
2089 710 2215 749 usos
2307 694 2450 767 quod
2482 696 2692 753 nonni-si
2719 698 3024 773 pet-levibus
3062 713 3116 757 ee
3147 704 3434 779 perparvis
3481 706 3714 777 navigiis
3747 726 3876 783 per-

634 792 823 855 fuisse,
858 804 981 840 cum
1016 802 1084 839 ex
1105 783 1187 837 his
1214 798 1505 853 cognosce,
1536 790 1653 835 tum
1696 783 1861 853 magis
1896 800 1959 836 ex
2002 782 2214 855 psephi-

632 890 825 947 smate,
850 872 999 948 quod
1035 892 1068 929 a
1093 870 1355 945 Byzantiis
1381 869 1657 925 decretum
1700 871 1757 924 in
1792 870 2015 941 gratiam
2056 868 2216 925 Athe-

628 967 895 1024 niensium
918 960 1301 1018 Demosthenes
1317 960 1445 1015 citat
1464 969 1651 1013 contra
1672 958 1998 1015 AEschinem.
2033 982 2057 1007 ι
2078 962 2209 1021 Dos,

627 1055 803 1131 inquit
825 1056 1001 1107 Varro
1018 1091 1033 1117 ,
1060 1048 1164 1105 erit
1176 1048 1424 1125 pecnnia,
1452 1047 1504 1104 si
1524 1045 1842 1123 nuptiarum
1862 1065 2027 1103 causa
2047 1046 2181 1103 data
2192 1069 2216 1112 ,-

627 1145 737 1201 ltoec
760 1147 937 1199 Gmce
964 1129 1157 1204 δωτίνη
1184 1149 1199 1191 2
1222 1138 1303 1193 ita
1323 1135 1461 1191 enim
1484 1136 1593 1191 ltoec
1610 1154 1648 1190 a
1669 1134 1864 1192 Siculis
1887 1137 2210 1193 nuntiantur.

696 1237 817 1290 Jam
844 1248 973 1287 vero
1002 1240 1063 1284 ut
1104 1227 1172 1282 ab
1200 1226 1332 1283 urbe
1354 1225 1603 1299 Byzantio
1646 1224 1714 1280 ad
1741 1222 1969 1298 pharum
1994 1237 2049 1281 et
2080 1228 2213 1300 Cya-

626 1336 753 1376 neas
791 1315 1017 1393 pedibus
1060 1314 1329 1389 profectus
1358 1330 1481 1370 sum
1512 1311 1809 1367 secundum
1850 1311 2030 1377 littus,
2070 1314 2143 1368 ita
2180 1332 2213 1366 a

626 1408 798 1481 pharo
851 1403 1099 1458 similitur
1144 1400 1373 1475 pedibus
1412 1400 1729 1473 Byzantium
1772 1402 1965 1455 reverti
1981 1440 1996 1466 ,
2050 1417 2210 1474 quam

624 1493 869 1569 proxime
909 1489 975 1546 ad
1022 1488 1168 1543 littus
1205 1485 1457 1544 accedero
1499 1486 1673 1560 potui.
1749 1486 1855 1542 Sed
1902 1488 2139 1559 primum
2180 1506 2213 1543 a

624 1584 799 1640 Pharo
826 1579 894 1637 ad
921 1577 1203 1653 Myrelium
1241 1594 1353 1631 non
1394 1576 1575 1648 potui,
1606 1574 1755 1649 quod
1796 1574 1943 1630 littus
1980 1594 2211 1651 praeceps
2238 1600 2247 1608 ·

625 1680 681 1725 et
704 1677 1033 1743 praeruptum
1054 1666 1123 1720 sit
1138 1704 1155 1733 ,
1185 1664 1454 1738 perpetuis
1479 1661 1701 1735 rupibus
1724 1660 1929 1717 editum
1956 1664 2013 1717 in
2040 1663 2213 1719 altitu·

628 1756 809 1812 dinem
858 1755 977 1827 plus
1017 1754 1261 1809 minusve
1302 1750 1649 1824 quadraginta
1688 1768 1959 1824 passuum.
2044 1752 2214 1825 Supra

628 1843 734 1899 boc
776 1842 924 1897 littus
960 1840 1137 1894 existit
1176 1838 1417 1911 planities
1471 1838 1807 1911 campestris,
1866 1836 2117 1892 colliculis
2159 1848 2213 1892 et

630 1928 882 1985 valliculis
911 1926 1162 1981 distincta
1176 1965 1193 1991 ‚
1232 1925 1388 1996 longe
1425 1925 1631 1997 lateque
1657 1934 1862 1998 patens,
1892 1924 2086 1979 sensim
2129 1942 2210 1979 as·

630 2032 850 2088 surgens
886 2030 1056 2086 usqne
1090 2010 1158 2067 ad
1194 2012 1446 2066 verticem
1482 2009 1656 2076 collis,
1702 2012 1755 2065 in
1796 2028 1904 2083 quo
1938 2021 2062 2065 ante
2097 2010 2209 2065 dixi

630 2102 791 2159 finisse
816 2102 1087 2173 antiquam
1125 2099 1375 2171 pharum.
1448 2099 1635 2171 Itaque
1676 2115 1707 2153 a
1734 2097 1902 2170 pharo
1934 2097 2003 2153 ad
2040 2098 2209 2172 Chry-

630 2192 909 2249 sorrhoam
934 2190 1039 2244 iter
1065 2187 1164 2243 feci
1184 2206 1283 2261 per
1303 2186 1579 2260 supercilia
1604 2185 1835 2253 collium,
1860 2204 1956 2259 per
1981 2185 2209 2242 desertas

631 2280 897 2354 pastiones
937 2276 1116 2350 plenas
1152 2274 1322 2347 erycis
1349 2272 1567 2345 aliisque
1602 2271 1907 2339 fruticibus,
1950 2273 2044 2328 uhi
2076 2273 2207 2329 nihil

628 2370 831 2428 cultum
854 2375 1071 2440 apparet
1088 2374 1276 2438 praeter
1300 2364 1511 2433 exiguas
1532 2363 1812 2429 arationes,
1838 2380 1948 2416 non
1973 2372 2079 2417 tam
2100 2363 2203 2419 ini·

630 2458 836 2530 quitate
865 2465 1015 2509 terrae
1042 2468 1199 2525 quam
1246 2448 1424 2522 inopia
1458 2448 1823 2519 epicolarum.
1898 2448 1953 2503 Si
1980 2466 2084 2521 qua
2108 2449 2201 2504 de·-

626 2562 843 2601 scensus
880 2549 1025 2616 patet
1058 2536 1128 2593 ad
1165 2538 1342 2604 littus,
1378 2547 1440 2591 ut
1462 2545 1606 2609 patet
1636 2534 1705 2590 ad
1742 2535 2022 2609 Myr-elium
2053 2547 2107 2592 et
2130 2536 2198 2591 ad

624 2645 840 2709 portum
866 2630 1213 2706 Ephesiorum
1230 2666 1247 2693 ,
1276 2624 1453 2679 statim
1480 2624 1595 2679 latae
1626 2640 1785 2697 rupes
1821 2642 1905 2679 me
1944 2624 2199 2697 impedie-

622 2731 771 2787 runt,
798 2730 859 2776 ut
878 2736 947 2774 ex
970 2715 1086 2771 altis
1108 2712 1298 2768 littoris
1322 2709 1684 2785 crepidinibus
1710 2709 1843 2764 mihi
1869 2728 2005 2784 sepe
2023 2728 2199 2767 Μ-

621 2805 857 2865 dendum
898 2802 1055 2859 fua-it
1094 2799 1160 2855 ad
1206 2796 1515 2854 circuendas
1562 2814 1721 2869 rupes
1760 2796 1942 2851 obvias
1955 2838 1969 2859 ‚
2016 2808 2070 2852 et
2101 2816 2199 2871 per

616 2895 845 2952 directos
864 2904 917 2948 et
940 2898 1231 2965 praeruptos
1256 2888 1420 2942 clivos
1445 2902 1629 2959 repere
1658 2883 2018 2958 quadrupedis
2049 2903 2196 2942 more

615 2982 777 3039 habui
812 2996 1039 3039 necesse.
1114 2980 1163 3031 A
1192 2973 1558 3047 Chrysorrhoa
1592 2970 1747 3044 juxta
1776 2971 1923 3027 littus
1963 2974 2063 3027 iter
2099 2973 2194 3029 ha-

614 3070 742 3129 bere
783 3068 933 3141 potui
972 3063 1042 3119 ad
1088 3060 1517 3138 promontorium
1552 3058 1743 3114 Milton
1768 3071 1810 3125 ¹,
1866 3058 2013 3130 quod
2061 3076 2195 3133 prm..

616 3174 739 3231 ceps
773 3166 827 3210 et
860 3153 1147 3224 abruptum
1182 3166 1293 3203 non
1320 3148 1561 3221 pervium
1596 3156 1709 3211 est,
1749 3145 1849 3199 nisi
1881 3146 1937 3199 in
1980 3147 2194 3202 excelsis

616 3244 782 3301 clivis.
856 3240 991 3295 Inde
1027 3236 1097 3292 ad
1132 3234 1491 3309 Bathycolpon
1528 3232 1683 3306 juxta
1727 3235 2029 3305 Bosporum
2075 3252 2197 3307 per.

617 3331 752 3386 rexi.
790 3333 839 3384 A
863 3324 1187 3397 Bathycolpo
1214 3320 1281 3376 ad
1307 3320 1669 3385 Comarodes„
1689 3320 1919 3391 exceptis
1948 3320 2193 3387 vallibus,

620 3418 705 3471 via
736 3432 844 3470 non
886 3421 1029 3485 patet
1052 3412 1107 3463 in
1135 3426 1231 3462 ora
1270 3406 1533 3461 maritima
1547 3445 1566 3471 ,
1595 3403 1690 3459 sed
1719 3406 2080 3475 angustissima
2113 3424 2195 3461 se-

621 3504 753 3559 mita
776 3500 1001 3557 habetur
1023 3498 1080 3552 in
1105 3494 1285 3550 arduis
1308 3494 1482 3559 clivis,
1512 3491 1837 3564 confragosis
1862 3504 1917 3548 et
1936 3492 2190 3568 abruptis.

624 3593 675 3647 A
720 3583 1015 3644 Comarodc
1062 3582 1133 3640 ad
1171 3580 1547 3637 Leosthenium
1580 3578 1683 3634 iter
1725 3577 1927 3633 confeci
1970 3578 2078 3635 sere
2116 3598 2195 3635 se-

624 3677 861 3736 eundum
905 3674 1072 3731 littus.
1113 3674 1160 3729 A
1210 3668 1528 3727 Leosthenio
1570 3667 1640 3722 ad
1682 3678 1895 3741 portum
1918 3667 2197 3748 „Phidaliae

626 3767 872 3840 (excipio
908 3762 1107 3835 valles)
1131 3762 1214 3815 via
1239 3758 1499 3814 duntaxat
1537 3762 1681 3831 patet
1717 3776 1812 3831 per
1836 3757 1967 3813 altos
2004 3758 2191 3826 clivos;

627 3874 661 3911 a
681 3854 917 3913 Phidalia
944 3850 1011 3907 ad
1034 3849 1292 3925 oppidum
1318 3857 1681 3919 nuncupatum
1710 3846 1866 3919 Sycas
1891 3846 2001 3901 sive
2032 3850 2065 3903 J
2070 3848 2195 3902 usti·

629 3945 813 3999 nianas
837 3942 921 3996 via
950 3950 1093 4015 patet
1107 3938 1261 4011 juxta
1292 3939 1585 4009 Bosporum
1600 3955 1617 4001 ς
1643 3951 1674 3989 a
1700 3934 1846 4005 Sycis
1884 3935 2193 4006 Byzantium

626 4028 873 4101 trajectus
902 4038 983 4082 est
1024 4026 1233 4081 brevior
1259 4033 1489 4097 quatuor
1516 4019 1726 4083 stadiis;
1774 4038 1807 4075 a
1842 4038 1951 4092 quo
1978 4019 2193 4093 quidem

625 4116 847 4190 trajectu
872 4113 1130 4189 appellato
1167 4114 1370 4187 Syceno
1397 4109 1465 4165 ad
1512 4110 1672 4165 finem
1698 4109 1919 4183 Bospori
1957 4108 2194 4182 planities

622 4204 905 4269 maritima,
932 4198 1459 4272 constantinopoleos
1482 4208 1685 4269 partem
1705 4196 1999 4263 continens,
2019 4212 2191 4250 accas-

622 4308 743 4345 sum
760 4288 921 4344 latum
936 4288 1155 4358 largitur
1173 4284 1333 4340 etiam
1350 4300 1509 4355 quam
1528 4283 1771 4357 proxime
1788 4280 1855 4337 ad
1870 4282 2187 4354 Bosporum.

622 4440 827 4501 XXIV.
864 4443 941 4495 De
984 4438 1151 4493 Panio
1186 4432 1545 4513 promontorio
1570 4433 1739 4509 plmri
1781 4445 1830 4487 et
1876 4431 1940 4488 de
1978 4433 2190 4503 &aneis

1298 4524 1488 4599 petn's.

1280 4678 1381 4737 Fr.
1430 4685 1524 4737 53.

694 4831 826 4883 Post
861 4825 1113 4881 Dotinam
1132 4835 1373 4899 petram,
1412 4822 1586 4895 inquit
1630 4822 1917 4894 Dionysius
1934 4860 1952 4888 ,
1996 4819 2190 4875 existit

612 4914 1031 4991 pmmontorium
1056 4922 1417 4986 nuncupatum
1450 4908 1679 4965 Panium
1698 4908 2019 4983 parallelum
2063 4912 2191 4980 Cya-

618 4999 761 5068 neis,
791 5001 887 5056 hoc
920 5010 1032 5066 est,
1067 4996 1225 5073 quasi
1240 5016 1353 5073 par
1383 5008 1437 5052 et
1464 4996 1707 5051 oemulum
1739 5006 1923 5051 contra
1965 4998 2191 5069 (baneas

616 5088 785 5143 situm
794 5127 812 5153 ,
840 5084 1176 5141 intercedente
1196 5082 1364 5139 medio
1384 5080 1549 5138 maris
1580 5081 1757 5137 littore
1766 5104 1789 5148 ;
1815 5081 1871 5137 in
1880 5081 1996 5153 fine
2013 5092 2189 5136 autem

610 5172 967 5249 pmmoneoriae·
989 5190 1180 5247 parvoe
1204 5169 1417 5239 insuloe,
1459 5169 1675 5228 termini
1699 5168 1913 5227 Pontici
1934 5168 2119 5235 maris,
2152 5188 2189 5222 a

608 5258 911 5315 continente
954 5257 1228 5333 dirempta-.-
1256 5274 1429 5333 pem-0
1464 5258 1628 5313 maris
1648 5256 1827 5333 spatio
1857 5255 2185 5321 intermedio,

686 5468 722 5509 2
746 5452 979 5523 Milton]
1008 5456 1305 5525 Legebatur
1335 5454 1575 5508 seauton.
1598 5451 1680 5507 Cf.
1713 5469 1869 5524 supra
1916 5468 1972 5525 p.
2002 5449 2090 5506 55.

2308 779 2471 837 meari
2494 795 2547 838 et
2575 785 2798 840 transiri
2811 797 2992 861 potest
3027 789 3094 844 ob
3118 808 3261 845 mare
3286 790 3501 848 minime
3529 793 3872 869 profundum.

2305 870 2555 927 sublimes
2579 884 2749 929 autem
2787 877 2995 947 Gynneoe
3025 889 3080 933 et
3114 896 3282 954 supra
3315 898 3454 937 mare
3498 883 3676 951 elntoe,
3719 902 3872 961 aspe-

2310 971 2446 1015 cmm
2472 974 2699 1031 gerentes
2719 962 2942 1020 similem
2959 961 3158 1041 κυανῷ,
3184 966 3294 1024 sive
3318 986 3360 1023 a·
3373 980 3513 1025 terra
3527 971 3864 1044 multiformi,

2307 1047 2417 1103 sive
2435 1068 2502 1105 ear.-
2528 1050 2836 1121 refractione
2857 1053 3040 1111 maris.
3113 1059 3287 1131 Supra
3309 1060 3534 1128 &aneas
3558 1076 3659 1113 am
3683 1059 3872 1116 existit

2308 1138 2575 1214 Apollinis
2601 1160 2636 1197 a
2656 1142 2902 1199 Romanis
2923 1155 3151 1202 statuta.

2377 1228 2803 1285 Promontorium
2839 1230 3062 1286 Panium
3101 1242 3274 1288 totum
3312 1251 3528 1289 saxeum
3559 1233 3691 1289 nihil
3725 1236 3869 1293 aliud

2305 1325 2385 1368 est
2417 1332 2576 1386 quam
2615 1316 2835 1371 isthmus
2879 1318 3280 1391 peninsulam,
3318 1338 3384 1374 ex
3427 1322 3597 1375 tribus
3633 1322 3871 1395 partibus

2308 1402 2440 1455 mari
2464 1400 2816 1458 circumdatus
2831 1442 2848 1469 ,
2879 1402 2947 1458 ab
2971 1405 3174 1459 oriente
3195 1405 3408 1477 quidem
3430 1409 3672 1481 Bosporo
3691 1451 3706 1473 ,
3735 1427 3766 1464 a
3787 1428 3869 1467 se·

2306 1488 2690 1560 ptentrionibus
2709 1490 2829 1545 sinu
2847 1491 3004 1545 Ponti
3034 1492 3313 1565 scopuloso
3329 1532 3345 1559 ,
3381 1494 3739 1567 importuoso,
3775 1514 3868 1571 pa·

2307 1584 2447 1630 tente
2487 1576 2544 1629 in
2583 1573 2966 1647 longitudinem
2995 1576 3204 1633 circiter
3239 1578 3380 1633 mille
3419 1590 3473 1635 et
3513 1580 3866 1639 ducentorum

2303 1678 2573 1733 passuum.
2603 1662 2688 1719 Ab
2713 1660 2871 1736 hujus
2904 1662 3093 1719 intimo
3131 1682 3340 1720 recessu
3375 1666 3512 1722 linea
3539 1685 3720 1723 secans
3739 1687 3868 1743 pro-

2304 1750 2554 1805 montorii
2577 1749 2795 1805 dorsum
2809 1790 2826 1817 ,
2854 1751 2958 1807 hoc
2977 1761 3057 1806 est
3074 1754 3330 1807 cervicem
3357 1753 3572 1819 isthmi,
3614 1756 3776 1811 ducta
3796 1756 3866 1812 ad

2301 1836 2596 1909 Bosporum
2621 1837 2924 1893 extenditur
2943 1838 2998 1893 in
3027 1856 3204 1912 passus
3229 1840 3603 1912 septingentos.
3678 1844 3810 1899 Clivi
3833 1863 3866 1899 a

2303 1940 2512 1979 summo
2535 1941 2786 1979 mucrone
2812 1924 2880 1980 ad
2903 1926 3158 1981 cervicem
3180 1926 3236 1979 in
3258 1943 3504 2000 passuum
3531 1928 3863 1986 altitudinem

2301 2009 2596 2067 efferuntur
2615 2012 2820 2067 circiter
2837 2011 2978 2067 mille
2995 2021 3050 2067 et
3065 2010 3434 2071 ducentorum.
3510 2016 3708 2071 Contra
3733 2018 3866 2091 Cya-

2301 2114 2425 2153 neas
2470 2097 2665 2155 emittit
2703 2098 2837 2155 duos
2884 2116 3163 2156 mucrones
3199 2110 3336 2156 totos
3375 2118 3576 2157 saxeos.
3652 2104 3862 2160 Primus

2299 2182 2515 2255 quidem
2546 2182 2716 2257 major
2735 2196 2814 2241 est
2826 2225 2844 2253 ,
2869 2196 2924 2241 et
2941 2196 3114 2243 rectus
3145 2188 3367 2260 assurgit
3388 2189 3446 2243 in
3473 2188 3708 2245 medium
3737 2208 3864 2265 pro-

2299 2272 2624 2327 montorium
2641 2312 2658 2339 ,
2714 2271 2814 2327 sub
2869 2274 3000 2329 imas
3053 2272 3256 2329 radices
3311 2275 3593 2331 admittens
3645 2278 3860 2335 brevem

2296 2356 2558 2429 quendam
2587 2375 2846 2414 moenum
2878 2358 3141 2415 diuturnis
3166 2370 3220 2415 et
3257 2362 3651 2419 vehementibus
3689 2365 3856 2421 flucti-

2299 2442 2396 2499 bus
2431 2456 2735 2501 excavatum
2748 2486 2765 2513 ,
2796 2449 3032 2501 cavernis
3070 2458 3123 2503 et
3167 2448 3372 2503 fossulis
3411 2452 3578 2505 saxeis
3605 2452 3822 2523 plenum
3837 2494 3855 2522 ,

2296 2532 2389 2603 qni
2427 2534 2680 2587 exarescit
2715 2550 2836 2587 cum
2873 2543 2952 2587 cst
2983 2552 3130 2588 mare
3165 2535 3542 2608 tranquillum:
3577 2554 3698 2591 cum
3734 2556 3860 2595 vero

2294 2628 2373 2673 est
2393 2619 2560 2672 ventis
2579 2620 2916 2689 concitatum,
2941 2619 3187 2692 impletur
3207 2620 3483 2688 fluctibus;
3504 2621 3596 2677 scd
3625 2642 3860 2682 cavernae

2295 2725 2500 2781 semper
2543 2725 2679 2781 aqua
2713 2708 2882 2783 plenae
2925 2719 3218 2764 remanent.
3296 2698 3536 2766 Alterum
3575 2730 3706 2767 vero
3738 2732 3860 2769 mu-

2288 2814 2506 2851 cronem
2541 2796 2732 2852 emittit
2767 2796 3028 2853 minorem
3064 2807 3117 2853 et
3155 2796 3427 2870 obliquum
3440 2839 3457 2865 ,
3498 2818 3529 2854 a
3567 2798 3729 2856 dorso
3762 2802 3856 2857 de-

2289 2888 2505 2939 misstnn
2519 2926 2535 2952 ,
2562 2883 2702 2940 velut
2737 2884 2978 2959 pollicem
3021 2896 3323 2959 porrectum
3355 2886 3412 2940 in
3449 2885 3718 2960 obliquam
3746 2907 3857 2945 ma·

2286 2994 2389 3032 nus
2419 2988 2644 3049 partem.
2727 2980 2781 3033 Is
2821 2996 3007 3034 mucro
3045 2980 3208 3050 magis
3247 2978 3568 3035 meridianus
3605 2982 3856 3053 exiguum

2285 3064 2463 3119 sinum
2497 3064 2683 3132 efficit,
2726 3064 3090 3122 admittentem
3129 3064 3386 3123 duntaxat
3418 3068 3653 3141 scaphas.
3747 3072 3857 3127 Lit-

2287 3161 2372 3205 tus
2418 3162 2594 3207 autem
2635 3163 2820 3207 contra
2855 3153 3088 3226 Cyaneas
3135 3154 3294 3208 situm
3307 3193 3324 3220 ,
3354 3155 3682 3213 intercedens
3720 3156 3857 3215 inter

2286 3250 2540 3311 utrosque
2578 3256 2855 3296 mucrones
2869 3280 2887 3309 ‚
2932 3238 3151 3312 longum
3188 3240 3396 3296 circiter
3441 3252 3704 3299 trecentos
3737 3262 3856 3318 pas-

2286 3343 2395 3381 sus.
2467 3328 2534 3382 In
2557 3327 2706 3381 Panii
2733 3326 3012 3401 supercilio
3057 3326 3310 3382 eminenti
3349 3345 3512 3400 supra
3547 3347 3855 3385 mucronem

2286 3412 2541 3486 majorem
2580 3414 2778 3468 exsistit
2807 3414 3002 3486 pharus
3043 3414 3192 3486 quasi
3219 3404 3376 3481 φανός
3409 3426 3425 3467 t
3466 3415 3608 3469 unde
3637 3435 3670 3471 a
3711 3417 3855 3471 Grae·

2286 3503 2362 3556 cis
2405 3499 2564 3573 hujus
2602 3504 2783 3568 aetatis,
2815 3502 2992 3557 omnia
3035 3500 3146 3556 fere
3189 3502 3404 3556 nomina
3447 3500 3746 3557 diminuere
3794 3505 3852 3558 in

2288 3578 2433 3661 ὥριον
2457 3588 2655 3655 solitis,
2676 3588 2964 3663 appellatur
3007 3580 3280 3661 φανάριον.
3345 3588 3532 3643 Turris
3575 3599 3656 3643 est
3699 3600 3848 3644 octo-

2286 3689 2454 3743 gona,
2484 3674 2539 3727 in
2561 3670 2790 3726 culmine
2815 3668 3013 3724 habens
3039 3668 3306 3723 lucernam
3333 3666 3580 3723 omnibus
3608 3668 3851 3723 noctibus

2285 3758 2546 3815 lucentem
2579 3755 2942 3828 navigantibus
2956 3795 2973 3821 ,
3005 3754 3244 3828 undique
3283 3755 3510 3810 clausam
3557 3755 3737 3809 vitreis
3776 3754 3850 3810 fe-

2286 3847 2531 3915 nestellis,
2561 3844 2797 3919 plumbo,
2818 3861 2928 3899 non
2955 3860 3146 3917 gypso,
3168 3844 3470 3917 compactis,
3499 3842 3646 3915 quod
3669 3852 3840 3899 osten·

2284 3933 2366 3990 dit
2391 3952 2498 3989 non
2521 3934 2836 3996 Turcorum,
2861 3928 2954 3985 sed
2976 3930 3395 3985 Christianorum
3416 3946 3549 4002 opus
3574 3947 3706 3987 esse.
3769 3932 3849 3986 Ex

2284 4028 2478 4082 vertice
2505 4027 2654 4082 Panii
2678 4022 3026 4097 promontorii
3052 4040 3272 4095 quoquo
3295 4039 3502 4077 versum
3529 4020 3676 4077 vides
3693 4022 3850 4094 longe

2282 4115 2488 4188 lateque
2508 4116 2736 4171 Pontum
2762 4112 3050 4178 Euxinum,
3085 4111 3224 4166 sicut
3251 4128 3311 4165 ex
3345 4111 3505 4167 Panio
3531 4108 3850 4167 Alexandria

2280 4202 2407 4258 olim
2445 4200 2736 4256 videbatur.
2767 4200 2882 4253 Hac
2914 4200 3054 4253 enim
3091 4208 3242 4253 aetate
3275 4206 3537 4270 spectatur
3577 4197 3636 4251 in
3675 4195 3849 4251 media

2282 4288 2598 4350 Alexandria
2631 4289 2852 4345 Panium
2879 4284 3147 4361 quoddam
3174 4284 3530 4341 manufactum
3549 4324 3564 4351 ,
3621 4283 3848 4356 fastigia·

2282 4392 2398 4437 tum
2427 4380 2482 4435 in
2511 4388 2721 4435 acutum
2749 4377 2993 4431 verticem
3011 4414 3027 4442 ,
3057 4372 3317 4429 excelsum
3330 4411 3346 4440 ,
3377 4372 3492 4427 colli
3537 4371 3705 4426 simiIe
3719 4410 3737 4438 ,
3781 4390 3846 4427 ex

2279 4467 2431 4541 cujus
2447 4467 2675 4523 culmine
2695 4476 2805 4520 tota
2820 4462 3057 4537 undique
3075 4462 3411 4527 Alexandria,
3437 4459 3698 4534 simulque
3722 4460 3848 4516 hinc

2280 4575 2426 4613 mare
2449 4560 2745 4623 Internum,
2766 4553 2912 4609 illinc
2929 4552 3248 4607 Mareoticus
3270 4550 3410 4605 lacus
3443 4548 3668 4604 videtur.
3703 4551 3850 4604 Duo·

2230 4652 2241 4687 ¹
2282 4644 2383 4700 bus
2419 4640 2796 4718 promontoriis
2833 4638 2998 4696 Panio
3029 4647 3083 4694 et
3108 4641 3364 4712 Ancyraeo
3408 4636 3590 4690 finitur
3615 4638 3843 4701 Pontus,

2281 4732 2572 4806 incipitque
2593 4732 2876 4802 Bosporus.
2937 4730 3098 4783 Juxta
3125 4729 3437 4799 Ancynaeum
3460 4726 3691 4778 existunt
3716 4723 3846 4795 Cya-

2284 4840 2398 4876 neae
2434 4819 2700 4883 Asmucae,
2733 4814 2986 4889 juxtaque
3013 4816 3238 4869 Panium
3283 4814 3501 4885 Cyanee
3539 4814 3842 4883 Europaeae,

2282 4906 2534 4963 distantes
2559 4924 2592 4960 a
2616 4904 2779 4961 Panio
2805 4902 2905 4957 sibi
2944 4901 3187 4975 opposito
3214 4899 3281 4955 ab
3308 4916 3494 4954 occasu
3525 4896 3685 4969 paulo
3729 4914 3842 4951 am-

2281 4995 2420 5067 plius
2445 4992 2767 5066 septuaginta
2791 5006 2972 5063 passus
2993 4992 3274 5043 Romanos.
3333 4982 3674 5040 Tantundem
3701 4984 3844 5037 enim

2283 5082 2340 5135 in
2388 5078 2718 5135 latitudinem
2758 5085 2904 5150 patet
2945 5076 3158 5146 euripus
3200 5074 3429 5145 Cyaneas
3463 5089 3496 5126 a
3541 5072 3845 5125 continente

2281 5184 2526 5241 separans
2539 5204 2558 5231 ,
2587 5181 2743 5236 quem
2781 5160 3032 5217 vadosum
3072 5170 3126 5216 et
3162 5176 3374 5213 saxeum
3408 5155 3584 5211 nudus
3623 5152 3846 5210 transire

2288 5263 2537 5320 conatus,
2583 5249 2651 5306 de
2699 5248 2874 5305 medio
2908 5265 3067 5302 cursu
3109 5254 3380 5301 revocatus
3429 5261 3567 5300 sum.
3659 5243 3845 5314 Itaque

1884 5364 3818 5396 -....-..—..—-—----—-—-—-—-——-—-———-—
