4584 6284
1808 386 1853 447 A
1868 390 2165 452 NAPLUS
2207 388 2536 451 Bospotu
2580 391 2922 453 TflnActt.

3866 413 3942 463 ⁴5

752 544 855 599 que
894 524 1059 579 stadia
1078 564 1093 587 ,
1141 534 1199 577 at
1242 540 1453 577 sursum
1507 539 1685 577 versus
1722 522 2013 577 secundum
2059 521 2310 577 decursus
2397 521 2532 577 duos
2559 534 2746 595 pontes
2781 534 2960 596 postea
2985 524 3164 580 fecisse
3191 528 3431 581 trecentis
3457 530 3664 583 circiter
3688 532 3908 586 navibus
3923 573 3944 604 ,

750 614 972 687 Bospori
1028 614 1085 667 in
1130 610 1517 681 longitudinem
1561 611 1766 665 circiter
1815 611 1975 665 trium
2020 608 2308 664 stadiorum

752 698 1033 753 dioectum.
1110 698 1362 751 Diversus
1401 706 1479 751 est
1516 695 1755 750 defluxus
1813 696 2072 767 Bospori3
2116 694 2306 749 alicubi

746 790 891 844 enim
914 786 1172 859 rapidior,
1200 786 1387 839 alicubi
1410 782 1655 840 sedatior.
1726 787 1789 837 In
1811 785 1983 856 primo
2000 784 2170 838 stadio
2190 802 2308 857 per·

750 877 953 929 tinente
992 889 1207 927 sursum
1246 872 1475 927 strictior
1512 882 1592 926 est
1638 881 1691 925 et
1733 868 1988 937 sedatior,
2027 880 2081 924 at
2110 872 2165 925 in
2196 870 2308 925 aliis

746 960 959 1015 duobus
980 958 1165 1015 stadiis
1188 957 1423 1031 rapidior
1439 968 1491 1012 et
1516 957 1847 1015 vorticosior.
1924 960 1971 1012 A
1990 968 2139 1028 porta
2164 958 2306 1011 enim

746 1045 1021 1101 Neocastri
1049 1043 1119 1101 ad
1142 1043 1409 1099 finientem
1443 1042 1573 1098 latus
1602 1042 1851 1098 orientale
1874 1040 2153 1115 angulum,
2197 1061 2308 1115 quo

748 1130 1179 1205 promontorium
1218 1130 1513 1185 Hermaeum
1563 1127 1840 1184 abducitur
1878 1130 1933 1183 in
1969 1146 2210 1183 occasum
2238 1128 2304 1183 ad

752 1220 929 1273 sinum
958 1216 1249 1283 Chelaeum,
1280 1216 1451 1271 fluxus
1482 1214 1696 1289 rapidus
1722 1226 1801 1270 est
1821 1226 1874 1270 et
1898 1215 2216 1281 vorticosus,
2255 1227 2306 1270 et

750 1305 929 1359 minus
959 1313 1206 1375 angustus
1226 1301 1489 1373 trajectus.
1560 1304 1743 1373 Itaque
1756 1299 2089 1355 Mandrocles
2116 1302 2305 1357 nobilis

750 1391 1065 1447 architectus
1086 1390 1279 1445 evitare
1291 1387 1474 1444 debuit
1494 1390 1713 1443 vortices
1730 1399 1783 1443 et
1802 1388 2047 1461 rapidum
2080 1389 2302 1443 fluxum.

751 1478 901 1533 Ultra
923 1478 1083 1549 igitur
1104 1476 1372 1531 Neocastri
1392 1486 1599 1548 portam
1627 1492 1761 1548 pons
1786 1474 2003 1548 junctus
2028 1473 2159 1541 fuit,
2196 1492 2302 1529 non

750 1575 892 1619 recta
918 1564 1002 1617 via
1018 1581 1047 1617 a
1060 1570 1228 1617 castro
1244 1560 1487 1613 Hermaeo
1506 1558 1795 1633 procedens
1808 1559 1873 1613 ad
1893 1570 2121 1614 castrum
2146 1561 2300 1626 Asiae,

750 1649 843 1704 sed
864 1648 1071 1721 obliqua
1097 1646 1253 1720 paulo
1274 1664 1433 1719 supra
1456 1657 1682 1700 castrum
1706 1643 1774 1698 ad
1792 1644 1968 1699 locum
1981 1686 1997 1713 ,
2018 1664 2177 1717 quem
2192 1645 2304 1717 jam

750 1739 917 1793 Graeci
942 1736 1201 1809 appellant
1227 1735 1483 1789 Cormum
1498 1773 1515 1800 ,
1547 1744 1793 1807 corrupte
1821 1735 1967 1805 quasi
1992 1734 2301 1799 Ciconium,

744 1825 889 1899 quod
936 1842 1001 1879 ex
1039 1823 1243 1897 Anaplo
1291 1822 1533 1896 Dionysii
1584 1832 1705 1895 post
1748 1820 2023 1877 ostendam
2076 1840 2143 1877 eo
2186 1822 2304 1878 loco

746 1916 933 1979 fuisse,
976 1931 1135 1986 quem
1178 1930 1325 1967 nunc
1356 1910 1615 1984 appellant
1649 1912 1923 1966 Cormum.
1999 1911 2147 1966 Darii
2176 1928 2308 1983 pon·

744 2013 847 2057 tem
892 2000 1131 2073 quamvis
1158 1997 1461 2053 Herodotus
1504 2016 1613 2052 non
1638 1996 1787 2052 aliter
1824 1996 2103 2064 describit,
2146 2014 2302 2069 quam

742 2088 997 2142 duntaxat
1021 2085 1243 2140 navibus
1266 2083 1513 2156 junctum
1538 2084 1694 2137 fuisse
1719 2102 1734 2139 τ
1765 2092 1943 2137 tamen
1968 2082 2123 2137 talem
2145 2122 2161 2149 ,
2183 2100 2307 2155 qua-

744 2175 844 2229 lem
876 2182 1059 2245 postea
1074 2173 1277 2226 xerxes
1296 2171 1442 2224 Darii
1466 2168 1603 2224 lilius
1621 2171 1677 2223 in
1697 2167 1935 2223 saucibus
1958 2167 2301 2242 Hellesponti,

743 2259 1001 2332 junxerit.
1073 2256 1375 2311 Verisimile
1394 2256 1535 2311 enim
1570 2265 1647 2310 est
1682 2254 1851 2311 filium
1880 2266 2117 2309 secutum
2144 2256 2307 2328 patris

746 2345 1090 2410 architectos3
1116 2353 1229 2397 tum
1248 2344 1385 2397 ratio
1406 2340 1589 2397 suadet
1609 2340 1797 2395 melius
1816 2340 1929 2395 fieri
1943 2358 2053 2396 non
2078 2343 2308 2414 potuisse

746 2452 777 2489 a
806 2433 971 2488 Dario
990 2449 1151 2504 quam
1184 2440 1277 2486 aut
1317 2448 1349 2485 a
1372 2431 1549 2483 Xerxe
1576 2430 1633 2483 in
1668 2427 1989 2502 Hellesponti
2026 2430 2304 2501 angustiis,

749 2532 841 2576 aut
857 2540 889 2575 a
914 2519 1165 2573 Romanis
1192 2519 1249 2571 in
1278 2518 1465 2572 Rheno
1487 2516 1859 2590 Euphrateque
1885 2527 1937 2571 et
1954 2517 2123 2587 Tigri.
2152 2518 2309 2571 Fece-

747 2618 873 2662 runt
898 2606 1047 2661 hunc
1074 2602 1240 2659 {ame
1276 2604 1333 2657 in
1374 2600 1594 2658 modum
1635 2618 1650 2657 ε
1685 2620 1841 2657 naves
1868 2602 2035 2676 planae
2074 2620 2107 2657 a
2132 2603 2310 2657 littore

742 2693 813 2749 ad
836 2692 983 2747 littus
1021 2690 1346 2746 contrarium
1370 2730 1387 2753 ,
1418 2700 1619 2743 certum
1654 2688 1985 2743 intervallum
2024 2687 2306 2756 distantes,

744 2781 880 2834 inter
902 2794 960 2832 se
984 2775 1357 2850 disponuntur,
1374 2792 1599 2848 quarum
1622 2791 1795 2847 prorae
1820 2784 2007 2830 contra
2025 2774 2310 2831 decursum

745 2866 1061 2923 confluentis
1105 2862 1317 2917 directas
1348 2861 1685 2917 stabiliuntur
1722 2862 1931 2915 ancoris
1968 2872 2061 2916 aut
2108 2864 2308 2918 acervis

742 2951 975 3026 lapidum
994 2991 1011 3017 ,
1048 2952 1196 3022 virga
1232 2961 1321 3004 aut
1345 2966 1495 3003 ramo
1529 2949 1873 3003 circumtorto
1910 2950 2298 3015 circumclusis,

745 3039 799 3093 in
824 3036 1024 3092 vadum
1055 3034 1269 3108 dejectis
1284 3077 1301 3100 ,
1333 3054 1399 3089 ex
1432 3052 1591 3107 prora
1613 3036 1875 3107 appensis.
1948 3036 2118 3108 Supra
2149 3054 2306 3091 navas

744 3126 918 3181 trabes
944 3134 1251 3179 transvena
1276 3124 1662 3190 immittuntur,
1692 3124 1897 3195 navigia
1922 3122 2221 3194 colligantes
2251 3136 2306 3179 et

744 3212 1060 3267 stabilientes
1075 3251 1092 3278 ,
1128 3212 1321 3284 partim
1350 3211 1490 3265 inter
1524 3228 1579 3264 se
1594 3250 1610 3274 ,
1648 3228 1716 3264 ne
1740 3210 2075 3277 collidantur,
2110 3212 2304 3284 partim

750 3310 811 3353 ut
829 3316 953 3353 axes
970 3299 1257 3353 sustineant
1272 3300 1549 3352 transitum
1566 3297 1874 3370 praebituras
1890 3318 1907 3364 ς
1924 3307 2176 3371 preterea
2192 3298 2305 3353 duo

751 3384 907 3441 validi
934 3383 1083 3439 funes
1112 3394 1206 3439 aut
1227 3383 1407 3439 ferree
1432 3394 1628 3440 catena
1650 3382 1898 3437 sublimes
1918 3401 2077 3457 supra
2098 3386 2305 3455 navigia

748 3491 815 3528 ex
854 3482 1081 3545 utroque
1119 3470 1277 3527 latere
1318 3488 1581 3544 suspensa
1598 3510 1617 3539 ,
1648 3488 1755 3525 una
1792 3470 1949 3543 paulo
1982 3487 2141 3543 supra
2179 3489 2302 3543 pro·

748 3579 863 3617 ram
880 3602 895 3626 ,
920 3559 1079 3615 altera
1094 3557 1235 3615 infra
1259 3561 1479 3634 puppim
1492 3598 1509 3626 ,
1528 3558 1751 3615 succulis
1773 3569 2033 3614 contente
2049 3560 2105 3614 in
2126 3560 2304 3615 littore

752 3647 938 3703 defixis
950 3686 967 3713 ,
991 3646 1263 3701 stabiliunt
1277 3663 1453 3712 naves,
1470 3656 1627 3719 atque
1647 3654 1861 3699 tuentur
1880 3656 2065 3701 contra
2086 3658 2300 3715 ventoe3

758 3752 791 3789 a
810 3744 983 3803 tergo,
1008 3752 1037 3787 a
1058 3732 1230 3786 fronte
1246 3772 1261 3797 ,
1285 3750 1317 3787 a
1340 3731 1589 3786 lateribus
1604 3730 1775 3785 trabes
1800 3742 2107 3788 transversae
2122 3734 2306 3806 positae

756 3818 1069 3876 defendunt.
1142 3821 1239 3874 His
1278 3820 1527 3893 praeitis
1560 3818 1760 3874 facilius
1803 3821 2119 3891 intelligetur
2145 3821 2308 3877 dubia

753 3918 809 3962 et
850 3906 1100 3980 perplexa
1140 3905 1397 3961 Herodoti
1436 3908 1526 3975 (7,
1566 3906 1671 3976 35)
1710 3903 2019 3979 descriptio,
2066 3925 2187 3961 cum
2235 3909 2308 3964 ait

2399 608 2726 683 totidemque
2751 612 2958 665 ancoris
2991 610 3200 679 ferreis,
3230 613 3532 687 duplicique
3571 627 3752 673 catena
3778 618 3944 675 ferrea

2395 696 2696 763 stabiliisse;
2741 697 2945 771 hocque
2988 701 3200 754 Graecos
3244 713 3421 774 poetas
3440 743 3456 767 ,
3499 705 3687 759 Xerxis
3737 707 3911 762 hostes
3927 748 3944 774 ,

2394 783 2587 856 quibus
2611 784 2906 839 Herodotus
2929 784 3190 839 interdum
3214 785 3394 841 seduci
3429 789 3560 843 solet
3574 828 3591 855 ,
3615 789 3912 863 designasse
3927 834 3944 860 ,

2395 889 2549 937 cum,
2581 874 2776 944 tragice
2803 884 3164 944 exaggerantes
3191 872 3466 946 trajectum
3509 878 3726 945 Xerxis,
3765 879 3950 937 dicunt

2393 960 2624 1015 Xerxem
2653 958 2908 1015 dissoluto
2935 962 3108 1033 primo
3129 970 3290 1033 ponte
3311 972 3542 1018 ueoenta
3581 965 3794 1019 verbera
3827 966 3950 1021 Hel·

2392 1046 2629 1121 lesponto
2653 1048 2901 1103 inflixisse
2921 1062 2960 1115 ¹,
2994 1047 3096 1103 hoc
3131 1056 3213 1106 est
3251 1048 3574 1123 projectione
3599 1061 3948 1107 trecentarum

2393 1151 2702 1189 ancorarum
2727 1133 3116 1208 Hellespontum
3144 1146 3388 1208 tanquam
3407 1135 3518 1191 ictu
3532 1138 3872 1209 percussisse,
3895 1149 3951 1194 et

2391 1220 2502 1279 duo
2524 1222 2732 1277 vincula
2745 1222 3030 1277 ferrearum
3055 1220 3356 1295 pedicamm
3379 1221 3616 1296 injecisse
3633 1264 3648 1290 ,
3669 1225 3724 1279 id
3755 1236 3832 1279 est
3851 1224 3950 1279 du-

2391 1309 2578 1382 plicem
2590 1319 2848 1374 moenam,
2860 1322 2916 1363 ut
2930 1308 3068 1381 apud
3083 1308 3338 1383 oppidum
3350 1321 3714 1383 nuncupatum
3721 1314 3950 1382 Zeugma

2393 1413 2456 1449 ex
2488 1412 2582 1461 eo,
2605 1394 2750 1468 qnod
2784 1396 3000 1449 navibus
3035 1394 3108 1448 ibi
3130 1413 3264 1467 pons
3281 1394 3497 1467 junctus
3521 1394 3802 1450 diuturnus
3832 1414 3951 1469 per-

2394 1481 2643 1536 manserit
2658 1521 2672 1546 ,
2705 1479 2901 1553 duplici
2932 1492 3114 1535 catena
3153 1481 3524 1537 corroboratus
3559 1480 3722 1537 ferrea
3739 1522 3754 1547 ,
3788 1501 3948 1555 quam

2390 1566 2458 1619 ab
2485 1576 2634 1620 {etate
2650 1564 2934 1620 Alexandri
2965 1564 3034 1619 ad
3059 1584 3206 1621 suam
3233 1576 3434 1622 etatem
3463 1566 3662 1621 Plinius
3684 1568 3810 1635 (34,
3837 1568 3946 1637 43)

2389 1649 2551 1705 tradit
2593 1652 2846 1705 exstitisse
2883 1650 3024 1725 apud
3063 1652 3384 1723 Euphratem
3425 1653 3483 1706 in
3527 1652 3658 1707 urhe
3698 1653 3948 1727 appellata

2391 1738 2691 1809 Zeugmate,
2723 1738 2814 1793 ubi
2847 1737 3144 1794 Alexander
3169 1742 3390 1811 Magnus
3415 1749 3630 1812 pontem
3673 1740 3910 1795 vinxerat
3927 1782 3942 1801 .

2390 1824 2540 1898 eujus
2561 1826 2782 1881 annulos
2799 1866 2814 1893 ,
2841 1828 2934 1899 qui
2961 1826 3138 1882 refecti
3168 1826 3416 1895 fuissent,
3446 1828 3521 1882 ait
3545 1826 3788 1899 rubigine
3816 1828 3949 1885 infe-

2389 1922 2548 1967 statos
2569 1912 2745 1980 fuisse,
2767 1914 3062 1968 carentibus
3084 1931 3144 1968 ea
3166 1912 3449 1986 prioribus.
3525 1914 3662 1969 Cum
3683 1932 3749 1968 ex
3772 1913 3950 1970 Media

2387 2016 2485 2071 per
2531 2000 2962 2072 Mesopotamiam
3002 2000 3103 2054 iter
3141 1998 3425 2054 faceremus
3451 1998 3520 2054 ad
3557 2000 3818 2072 Syriacam
3843 2002 3948 2057 Be-

2389 2104 2580 2152 roeam,
2621 2104 2782 2159 quam
2821 2104 2966 2141 nunc
3005 2096 3194 2141 vocant
3231 2085 3452 2159 Chalep,
3493 2088 3548 2141 in
3583 2105 3702 2142 arce
3740 2089 3946 2160 Byrana

2395 2172 2572 2243 (Bir)
2607 2173 2706 2227 sita
2746 2172 2800 2227 in
2825 2174 3202 2245 Mesopotamia
3229 2170 3384 2244 juxta
3415 2173 3736 2246 Euphratem
3755 2214 3772 2241 ,
3809 2175 3951 2229 inter

2393 2260 2620 2329 Zeugma
2657 2258 2943 2314 etiamnum
2971 2257 3284 2331 appellatum
3317 2268 3370 2313 et
3401 2258 3752 2332 Hierapolim,
3781 2270 3950 2315 exsta·

2395 2344 2488 2399 bat
2513 2344 2678 2401 ferrea
2704 2355 2915 2410 catena3
2941 2362 3058 2400 eam
3091 2346 3506 2418 antiquissimam
3534 2364 3644 2400 esse
3669 2346 3945 2414 dicebantg

2395 2450 2513 2503 qun
2555 2449 2678 2486 cum
2717 2430 3170 2487 totseeulaillaa
3205 2435 3600 2505 permansisset,
3631 2433 3791 2504 paulo
3828 2444 3954 2506 post

2398 2537 2558 2592 quam
2579 2518 2678 2575 hac
2703 2519 2960 2574 exercitus
2997 2516 3243 2591 trajectus
3269 2529 3347 2573 est
3381 2517 3633 2574 dissoluta
3673 2530 3768 2575 est.
3842 2520 3950 2575 Alii

2395 2604 2640 2660 dicebant
2653 2645 2670 2672 ,
2695 2616 2842 2661 metu
2857 2606 3132 2660 Persarum
3148 2644 3165 2671 ,
3191 2604 3276 2659 alii
3297 2606 3512 2661 avaritia
3535 2604 3762 2677 ferrique
3783 2606 3949 2661 attriti

2398 2704 2646 2748 vetustate
2671 2693 2800 2767 (quo
2817 2693 3140 2749 attritiasimo
3156 2710 3315 2765 opera
3331 2710 3449 2763 qun
3465 2692 3718 2747 dicuntur
3733 2695 3950 2749 Damas-

2395 2798 2522 2834 cena
2539 2779 2652 2834 fieri
2669 2779 2860 2850 solent)
2871 2780 3166 2834 Turcorum
3179 2788 3405 2851 satrapas
3417 2778 3693 2844 adductos,
3710 2789 3948 2833 catenam

2393 2866 2530 2921 hanc
2546 2864 2857 2921 dissolvisse.
2910 2869 3044 2934 Quae
3063 2875 3242 2919 utrum
3283 2874 3413 2919 esset
3431 2864 3544 2931 illa,
3565 2882 3724 2941 quam
3745 2864 3946 2921 Plinius

2391 2960 2788 3016 commemorat,
2809 2950 2940 3005 scire
2961 2968 3068 3004 nen
3091 2951 3238 3021 potui
3253 2989 3267 3015 ,
3291 2958 3642 3021 per-vetustam
3659 2961 3798 3004 certe
3819 2968 3948 3005 con·

2384 3036 2574 3110 jectavi
2587 3056 2651 3092 ex
2665 3037 2860 3092 annulo
2873 3055 3002 3103 uno,
3023 3054 3182 3109 quem
3205 3036 3311 3090 vidi
3327 3039 3524 3091 Beroeoe
3544 3038 3946 3091 vetustissimum

2390 3122 2638 3195 quidem,
2673 3120 2766 3177 sed
2789 3140 2924 3195 pene
2963 3133 3136 3177 totum
3174 3122 3414 3193 rubigine
3445 3132 3732 3176 carentem.
3775 3124 3948 3177 Miror

2389 3211 2740 3283 Pomponium
2771 3208 2963 3265 Melam
2981 3212 3004 3277 (
3020 3225 3074 3275 2,
3095 3226 3149 3274 α,
3175 3212 3288 3280 79)
3319 3219 3714 3279 exaggerantem
3750 3211 3946 3264 mirum

2389 3309 2546 3369 atque
2587 3297 2772 3369 ingens
2807 3296 3013 3352 facinus
3029 3334 3049 3363 ,⁴
3076 3297 3306 3351 Xerxem
3331 3313 3397 3349 ex
3436 3296 3562 3351 Asia
3604 3296 3658 3348 in
3689 3297 3949 3351 Graeciam

2387 3384 2616 3459 peditem
2657 3384 2824 3439 maria
2861 3394 3236 3455 transgressum
3287 3382 3483 3449 fuisse,
3534 3382 3950 3455 Ciceronemque

2387 3476 2500 3542 (De
2528 3472 2620 3528 fin.
2653 3489 2720 3539 a,
2747 3473 2814 3536 34
2831 3474 2938 3543 >in
2971 3472 3288 3527 immensum
3313 3471 3505 3525 Xerxis
3543 3466 3820 3542 trajectum
3855 3489 3948 3527 ex·

2390 3562 2682 3619 tollentem.
2726 3586 2748 3607 ⁸
2781 3563 3008 3628 Xerxes,
3033 3560 3236 3632 inquit,
3271 3558 3444 3613 maria
3477 3557 3776 3613 ambulavit
3795 3600 3812 3627 ,
3843 3569 3948 3614 tet·-

2389 3668 2598 3723 ramque
2621 3648 2922 3720 navigavit.
2949 3674 2974 3697 ι
3013 3647 3165 3703 Idem
3195 3646 3298 3703 alio
3319 3646 3436 3701 loco
3461 3663 3476 3700 ι
3508 3645 3691 3701 Maria
3717 3645 3947 3721 pedibus

2383 3734 2712 3810 peragravit,
2734 3734 2990 3789 classibus
3005 3744 3231 3800 maten
3261 3750 3428 3806 quum
3450 3750 3596 3788 mare
3621 3730 3948 3788 Adriaticum

2393 3832 2800 3894 tempestuosum
2816 3861 2834 3886 ,
2857 3818 3180 3875 intercedens
3201 3821 3340 3874 inter
3357 3818 3698 3892 Hydruntum
3719 3830 3770 3874 et
3796 3820 3950 3891 Apot-

2393 3907 2606 3973 loniam,
2626 3906 2848 3980 amplius
2865 3906 3130 3977 sexagenis
3155 3904 3380 3959 millibus
3390 3922 3637 3977 passuum
3650 3902 3800 3959 latius
3823 3904 3947 3960 Hel-

756 3996 1019 4061 Xerxam,
1058 3993 1151 4049 uhi
1172 3995 1380 4068 primus
1406 4011 1539 4067 pons
1556 4032 1573 4059 ,
1604 3995 1695 4067 qui
1719 3994 1939 4048 navibus
1958 3992 2174 4066 junctus
2196 3995 2308 4051 sue-
2391 3996 2626 4067 lesponto
2643 4033 2660 4061 ,
2689 3991 2910 4065 pedestri
2952 3992 3258 4046 continuare
3281 3993 3514 4045 exercitu
3552 3990 3800 4062 pontibus
3841 3990 3947 4061 jac-

754 4092 837 4135 rat
862 4082 919 4135 in
946 4080 1285 4153 Hellesponto
1302 4119 1317 4146 ,
1363 4078 1645 4135 dissolutus
1685 4079 1815 4146 suit,
1843 4079 2171 4152 indignatum
2212 4094 2313 4137 tre·

752 4176 907 4220 centa
932 4164 1148 4220 verbera
1184 4168 1315 4219 mari
1350 4164 1635 4233 inflixisse,
1656 4163 1869 4237 duoque
1893 4165 2097 4220 vincula
2124 4166 2313 4221 serres·

752 4270 873 4307 rum
892 4250 1202 4325 pedicamm
1218 4250 1457 4324 injecisse
1479 4251 1537 4306 in
1564 4270 1739 4319 mare,
1763 4262 1825 4307 ut
1846 4250 1903 4307 id
1928 4262 2177 4326 tanquam
2204 4272 2312 4309 ser-

754 4355 881 4392 vum
910 4340 1320 4409 constringeret,
1348 4348 1403 4393 et
1426 4354 1529 4411 pro
1560 4354 1673 4393 uno
1692 4348 1857 4411 ponte
1886 4338 2023 4394 duos
2047 4351 2233 4412 pontes
2248 4360 2317 4397 ex

756 4426 1001 4481 trecentis
1039 4426 1247 4480 circiter
1298 4425 1522 4481 navibus
1560 4425 1673 4481 fieri
1708 4424 1927 4498 jussisse
1941 4468 1957 4492 ,
2006 4429 2317 4501 ancorisque

758 4512 955 4569 linnari
969 4552 987 4579 ,
1018 4525 1079 4569 ut
1103 4515 1333 4570 immotae
1356 4525 1660 4581 manerent,
1687 4525 1846 4586 atque
1866 4534 1898 4570 a
1930 4516 2221 4571 continenti
2246 4515 2314 4571 ad

762 4600 1077 4655 contrariam
1120 4602 1475 4656 continentem
1518 4599 1863 4656 validissimos
1905 4600 2059 4657 funes
2098 4614 2313 4658 conten·

764 4685 904 4741 disse
920 4686 1181 4757 unguibus
1207 4686 1416 4759 ligneis,
1440 4686 1545 4741 hoc
1565 4696 1644 4741 est
1656 4726 1675 4755 ,
1696 4688 1843 4759 quasi
1860 4686 2111 4747 succulis.
2150 4689 2314 4759 Equi-

765 4769 889 4826 dem
915 4772 1029 4844 ipse
1046 4774 1274 4845 primum
1294 4783 1507 4846 pontem
1532 4784 1663 4847 puto
1684 4790 1794 4828 non
1810 4775 2017 4829 ancoris
2031 4811 2052 4841 ,
2076 4773 2167 4829 sed
2186 4774 2314 4847 lapi-

764 4859 897 4914 dum
933 4862 1128 4916 acervis
1147 4902 1163 4927 ,
1201 4879 1309 4915 non
1352 4861 1545 4915 catenis
1560 4900 1577 4927 ,
1612 4858 1705 4915 sed
1746 4860 1959 4916 funibus
1993 4860 2277 4916 stabilitum
2294 4901 2311 4927 ,

764 4947 1159 5017 mpestatibus
1211 4946 1519 5001 dissolutum
1592 4944 1767 5001 fuisse.
1842 4950 2025 5020 Itaque
2084 4948 2316 5002 Xerxem

2397 4082 2462 4137 tis
2493 4080 2726 4153 primum
2762 4078 2994 4149 Pyrrhus
3019 4076 3164 4147 Epiri
3190 4094 3282 4131 rex
3313 4076 3642 4145 cogitaverit,
3673 4086 3792 4148 post
3817 4094 3942 4131 eum

2396 4170 2472 4221 M.
2486 4167 2675 4231 Varro,
2687 4184 2809 4221 cum
2823 4164 3068 4219 classibus
3077 4164 3290 4237 Pompei
3301 4164 3521 4235 piratico
3527 4162 3663 4217 bello
3673 4174 3914 4235 praeesset
3925 4184 3942 4231 ς

2398 4254 2490 4310 sed
2511 4266 2794 4327 utrumque
2811 4252 2921 4308 alioe
2945 4249 3262 4324 impedivere
3280 4268 3436 4307 curae.
3512 4252 3624 4307 Rex
3647 4250 3946 4305 Turcorum

2401 4344 2604 4417 quoties
2639 4342 2928 4399 exerdtnm
2966 4339 3154 4412 trajicit
3191 4340 3248 4393 in
3291 4340 3467 4395 Asiam
3483 4379 3500 4406 ,
3546 4337 3723 4411 paucis
3761 4336 3948 4392 diebus

2399 4442 2572 4504 posset
2596 4432 2890 4504 Bosporum
2915 4427 3136 4483 navibus
3165 4436 3494 4483 consternere
3512 4435 3670 4497 ponte
3694 4424 3954 4497 superim-

2401 4518 2599 4591 posito,
2623 4527 2896 4588 totumque
2920 4515 3206 4571 exercitum
3231 4512 3376 4567 brevi
3416 4521 3654 4584 tempore
3676 4510 3943 4583 trajicere,

2403 4604 2496 4659 sed
2539 4604 2813 4676 utriusque
2837 4602 3148 4658 continentis
3172 4599 3417 4655 dominus
3445 4599 3639 4653 multos
3665 4596 3775 4653 dies
3817 4615 3950 4652 con·

2401 4708 2608 4745 sumere
2633 4700 2806 4762 potest
2829 4690 2886 4743 in
2912 4688 3144 4744 exercitu
3176 4682 3612 4758 transportando,
3639 4701 3794 4756 quem
3818 4700 3949 4757 pau·

2401 4780 2475 4831 cis
2501 4775 2720 4831 navibus
2755 4776 3048 4830 triremium
3078 4770 3471 4826 similitudinem
3507 4770 3804 4843 gerentibus
3829 4768 3946 4823 latis

2403 4860 2594 4935 trajicit
2619 4863 2694 4917 ita
2732 4858 3160 4923 accommodatis,
3193 4866 3252 4910 ut
3292 4856 3450 4929 plano
3471 4855 3606 4931 pede
3634 4857 3688 4910 in
3720 4872 3946 4921 navem,

2403 4948 2627 5002 velutin
2653 4956 2868 5019 pontem
2889 4964 2952 4999 ex
2979 4944 3154 4998 littore
3175 4941 3539 5014 ingrediantur
3555 4941 3696 5014 equi.

840 5180 863 5217 ι
876 5205 890 5219 .
939 5166 1021 5219 Dc
1062 5162 1318 5219 Herodoti
1358 5164 1655 5220 narratione
1686 5166 1851 5221 varias
1892 5166 2126 5221 virorum
2157 5164 2438 5221 doctorum
2484 5161 2764 5218 sententias
2800 5160 3086 5232 congessit,
3133 5155 3202 5213 de
3242 5180 3436 5250 enque
3475 5158 3602 5223 satis
3635 5160 3776 5205 recte
3807 5152 3966 5204 sentit

762 5243 997 5297 Baehrius
1025 5241 1092 5297 ad
1114 5242 1313 5299 Herod.
1348 5255 1477 5301 tom.
1506 5244 1565 5313 3,
1594 5262 1647 5317 p.
1679 5244 1802 5315 495.
