4584 6284
2102 536 2443 597 DloNst

835 673 1164 754 μαρμαίρων,
1178 668 1358 751 λῦχνις
1377 694 1436 730 τε
1446 666 1608 747 πυρὸς
1627 668 1780 749 φλογὶ
1799 667 2026 743 πάμπαν
2045 668 2234 745 ὁμοῖος.
2328 679 2629 752 splendens,
2650 679 2944 752 aclychnis,
2962 681 3095 751 ignis
3108 682 3331 737 flammae
3343 660 3567 755 prorsus
3578 686 3886 746 consimilis.

901 760 1107 841 Ἴστρον
1128 758 1225 837 μὲν
1245 756 1488 837 ποταμὸν
1508 756 1690 817 τόσσοι
1711 756 2154 835 περιναιετάουσιν
2172 779 2185 794 ·

831 849 1022 932 φράζεο
1049 848 1094 907 δ’
1107 844 1368 928 Εὐρώπης
1387 845 1570 905 λοιπὸν
1588 844 1765 925 πόρον,
1783 842 1892 903 ὅστ’
1919 842 2006 902 ἰπὶ
2023 842 2238 926 τρισσὴν

839 937 1116 999 ἐκτέταται
1142 934 1379 1014 κρηπῖδα
1409 931 1539 1013 πρὸς
1563 934 1647 1005 ἠῶ
1663 976 1679 1005 ,
1721 929 1814 1003 τὴν
1854 928 1948 1007 μὲν
1986 929 2236 1011 Ἰὸήρων,

837 1026 935 1099 τὴν
965 1022 1018 1084 δὲ
1049 1018 1438 1094 Πανελλήνων,
1471 1019 1567 1091 τὴν
1598 1021 1642 1078 δ’
1679 1020 1874 1077 ἐσθλῶν
1915 1016 2234 1091 Αὖσονιήων.

839 1112 979 1174 Ἀλλ’
1007 1110 1126 1185 ἤτοι
1153 1106 1375 1185 πυμάτη
1397 1106 1492 1185 μὲν
1516 1109 1725 1183 ἀγαυῶν
1745 1106 1883 1165 ἔστιν
1908 1102 2160 1185 ’16ήρων,

689 1236 700 1247 ·
724 1223 804 1261 aas
832 1199 1014 1279 γείτων
1045 1198 1320 1259 Ὠκεανοῖο
1347 1196 1477 1275 πρὸς
1505 1194 1755 1275 ἐσπέρου·
1777 1196 1829 1253 ἓν
1863 1193 1918 1253 δέ
1948 1196 1995 1253 οἳ
2025 1196 2170 1273 ἄκρη·

841 1288 1080 1361 στηλοὶων
1105 1284 1297 1353 'Amen
1326 1286 1496 1342 κεῖται
1519 1282 1615 1361 μία
1629 1305 1642 1320 ·
1679 1286 1772 1355 τὶξς
1800 1283 1844 1339 δ’
1874 1280 2142 1362 ὑπένερθεν

712 782 795 823 330

692 1562 746 1617 in
787 1562 1022 1615 Pallenes
1047 1557 1314 1620 litoribus:
1336 1558 1458 1611 kuic
1501 1557 1645 1611 intas
1675 1575 1711 1609 a
1734 1566 1907 1609 centro
1932 1556 2086 1609 stella
2111 1556 2244 1610 lucet

674 1641 890 1711 fialgore
895 1640 1052 1713 pleno
1077 1637 1231 1693 lanoe.
1265 1634 1492 1704 Quidam
1519 1653 1732 1689 causam
1758 1632 1984 1687 nominis
2002 1633 2242 1701 reddant,

689 1718 832 1791 quod
854 1716 1018 1771 astris
1039 1713 1284 1790 opposita
1305 1712 1569 1785 fulgorem
1589 1712 1772 1785 rapiat
1793 1723 1844 1765 et
1881 1724 2098 1779 neget-at.
2135 1715 2246 1785 Op-

693 1808 892 1850 tumum
922 1794 978 1848 in
1012 1792 1296 1852 Carmania
1331 1791 1482 1862 gigni
1520 1790 1705 1845 dicunt
1739 1790 2036 1862 nullamque
2076 1790 2247 1843 minus

696 1870 978 1927 obnoxiam
1014 1870 1172 1927 vitio.
1214 1868 1300 1923 Ad
1324 1867 1436 1923 haec
1472 1869 1696 1939 simgius
1729 1877 1910 1921 monet
1951 1868 2122 1921 virum
2157 1868 2247 1921 do-

692 1960 839 2005 ctum
861 1950 1037 2007 Giithe
1057 1957 1074 2017 (
1091 1950 1252 2004 Ueber
1268 1946 1367 2002 den
1388 1947 1608 2003 Asu-ius
1632 1946 1722 2001 eles
1745 1945 1952 2001 Plinius
1973 1965 2028 2019 p.
2059 1950 2126 2018 5)
2145 1966 2242 2021 pro

693 2032 930 2085 Pallenes
951 2030 1046 2101 legi
1067 2028 1254 2102 jubere
1273 2027 1562 2083 Pateelenes
1591 2025 1704 2100 (vel
1726 2026 1900 2097 potius
1917 2026 2185 2081 Patale-nes
2197 2029 2240 2097 ),

695 2112 822 2183 quia
849 2109 961 2165 haec
980 2110 1124 2180 regio
1149 2110 1205 2161 in
1231 2106 1382 2161 India
1405 2108 1503 2161 sita
1521 2105 1688 2159 multo
1717 2104 1934 2177 propior
1955 2106 2022 2159 sit
2042 2106 2246 2160 Carma-

699 2190 803 2244 niae
848 2188 993 2244 etde
1022 2188 1134 2242 aliis
1179 2186 1397 2259 gemmis
1422 2186 1476 2239 in
1503 2184 1724 2241 Pallenae
1763 2184 2001 2238 litoribus
2025 2186 2245 2240 inventis

693 2268 896 2323 Plinius
916 2268 1044 2322 nihil
1069 2267 1230 2322 dicat.
1261 2266 1628 2336 Conjecturam
1649 2266 1798 2317 istam
1822 2263 2052 2318 infirmat
2069 2282 2244 2319 versus

693 2347 966 2419 Dionysii,
995 2346 1084 2419 qui
1109 2347 1282 2401 uoecio
1305 2362 1372 2399 an
1391 2345 1650 2400 Gfitliium
1677 2342 1885 2414 sugerit.
1915 2347 1999 2398 An
2025 2346 2104 2398 vir
2120 2343 2244 2399 doc-

696 2436 782 2481 tus
809 2428 1014 2501 putavit
1046 2426 1270 2482 Plinium
1298 2434 1350 2479 et
1375 2424 1690 2495 Dionysium
1711 2442 1776 2477 cx
1803 2422 1988 2477 codem
2016 2425 2243 2480 hausisse

693 2505 840 2561 sonte
869 2504 1154 2577 corrupto?
1189 2506 1211 2575 ΙΙ
1243 2533 1316 2545 -
1353 2503 1476 2573 329.
1512 2502 1725 2573 λύχνις]
1755 2502 1937 2573 λύχνος
1964 2522 2055 2577 ap,
2100 2504 2242 2559 unde

690 2604 844 2641 eruas
865 2587 1059 2658 λῦχνιςς
1087 2583 1238 2653 vulgo
1263 2581 1451 2653 legitur
1472 2581 1643 2651 λυχνίς
1671 2582 1694 2652 (
1707 2580 1790 2635 Cs.
1815 2583 2056 2638 Eustath.
2087 2582 2154 2636 ad
2181 2584 2236 2640 b.

689 2662 726 2717 l.
752 2675 806 2718 et
822 2664 1000 2736 Steph.
1023 2662 1181 2717 Thes.
1199 2663 1242 2731 );
1273 2659 1459 2730 λυχνῆς
1476 2678 1529 2714 τε
1547 2658 1732 2731 φλογὸς
1749 2663 1768 2726 (
1785 2658 1932 2729 noph<
1945 2677 2000 2731 p.
2022 2677 2124 2729 772
2144 2660 2162 2732 )
2185 2662 2237 2715 in

689 2741 1000 2813 quibusdam
1027 2738 1184 2797 codd.
1221 2756 1279 2793 se
1306 2738 1486 2809 legisse
1512 2737 1638 2792 dicit
1675 2737 1952 2791 Salmasius
1977 2738 2042 2791 ad
2073 2738 2233 2792 Solin.

686 2836 743 2892 p.
775 2820 877 2873 532
902 2829 954 2874 et
981 2834 1102 2890 772.
1129 2819 1209 2871 De
1230 2816 1404 2889 lychni
1431 2818 1541 2869 sive
1560 2815 1790 2888 lychnite
1829 2832 2036 2885 gemma
2058 2833 2108 2868 v.
2141 2818 2242 2869 Lu·

685 2898 824 2955 ciau.
863 2900 942 2952 De
983 2896 1081 2951 dea
1106 2897 1223 2968 Syr.
1254 2912 1303 2949 c.
1337 2894 1434 2958 32,
1484 2894 1731 2966 Orpheus
1759 2892 1903 2947 Litb.
1949 2897 2072 2959 268,
2122 2892 2238 2947 Plu-

687 2977 852 3031 tarch.
879 2978 959 3030 De
981 2976 1035 3029 fl.
1077 2992 1165 3041 21,
1199 2973 1388 3031 Strabo
1415 2992 1470 3045 p.
1499 2974 1622 3037 83ο,
1655 2972 1790 3027 Plin.
1821 2972 1910 3041 37,
1953 2975 2006 3027 8.
2038 2973 2126 3038 36,
2170 2972 2235 3037 5;

682 3055 876 3110 Psellus
903 3054 969 3109 de
989 3053 1150 3127 lapid.
1175 3072 1232 3127 p.
1254 3053 1379 3109 258.
1405 3055 1682 3107 Gemmam
1705 3052 1760 3104 in
1789 3050 1940 3105 India
1956 3090 1972 3116 ,
2004 3050 2169 3123 Libya
2190 3062 2240 3104 ct

682 3135 830 3206 Syria
849 3136 989 3189 nasci
1002 3136 1165 3190 aiunt.
1186 3130 1385 3205 ὅμοιος]
1418 3136 1571 3187 3013
1577 3136 1622 3185 F
1623 3130 2078 3202 GHXabcleprvw3
2094 3130 2240 3202 ὁμοίη

681 3217 886 3283 ACQY
889 3216 919 3277 ζ
939 3212 1130 3284 aliique
1155 3222 1205 3265 ct
1225 3210 1376 3266 editt.
1397 3220 1518 3265 ante
1534 3210 1730 3264 Bernb.
1759 3207 1840 3265 Cs.
1865 3209 2187 3264 Eustathius.
2215 3212 2236 3279 ΙΙ

680 3321 755 3333 -
777 3292 899 3349 330.
919 3290 1336 3363 περιναιετάουσιν
1359 3293 1446 3343 Be.
1479 3290 1503 3358 11
1531 3318 1606 3329 --
1625 3288 1750 3342 332.
1777 3286 1893 3357 πρὸς
1930 3284 2007 3352 ἠῶ
2027 3287 2047 3358 ]
2067 3288 2242 3340 omisit

683 3390 737 3443 q.
764 3371 977 3425 Dictum
1001 3379 1078 3423 est
1093 3386 1250 3422 sensu
1273 3368 1558 3421 Homerico
1577 3405 1592 3430 ,
1621 3375 1681 3419 ut
1699 3382 1776 3419 vs.
1804 3368 1938 3429 242,
1965 3365 2082 3435 πρὸς
2099 3366 2242 3419 νότον

685 3448 844 3503 habet
887 3466 1007 3519 mgo
1028 3449 1078 3509 ζ.
1115 3449 1196 3500 De
1238 3464 1297 3499 re
1335 3463 1388 3501 v.
1430 3444 1618 3499 Strabo
1645 3462 1701 3517 p.
1745 3445 1844 3497 108
1867 3453 1920 3497 et
1945 3460 2034 3513 92,
2057 3444 2146 3497 ubi
2177 3462 2242 3497 ex

685 3526 1027 3582 Eratosthene
1045 3523 1292 3597 proditur
1311 3525 1442 3595 τρεῖς
1457 3524 1606 3593 ἄκρας
1629 3520 1724 3575 ἀπὸ
1751 3527 1848 3575 τῶν
1878 3520 2066 3591 ἄρκτων
2101 3522 2247 3589 καθή-

688 3626 791 3665 κειν
811 3648 828 3673 ,
863 3606 976 3679 μίαν
1007 3605 1076 3679 ἐφ’
1097 3598 1154 3672 ἥς
1175 3604 1204 3657 ὁ
1241 3602 1647 3671 Πελοπόννησος,
1669 3601 1895 3671 δευτέραν
1927 3598 1982 3652 δὲ
2005 3596 2093 3666 τὴν
2124 3598 2249 3654 ’lta-

686 3686 865 3756 λικὴν,
909 3686 1072 3757 τρίτην
1117 3684 1171 3738 δὲ
1216 3682 1305 3750 τὴν
1339 3681 1652 3757 Λιγυστικήν.
1687 3680 1974 3753 Triplioem
2025 3678 2244 3734 baucio

687 3786 850 3840 quam
865 3769 1075 3838 Europa
1087 3764 1316 3819 excurrit
1339 3762 1490 3835 ἄκραν
1517 3760 1877 3833 descripturus
1897 3769 2052 3832 poeta
2073 3759 2246 3815 denuo

687 3848 924 3920 loquitur
943 3844 1012 3899 dc
1033 3844 1202 3899 Iberia
1215 3860 1373 3915 quam
1392 3859 1552 3914 supra
1561 3839 1672 3913 jam
1690 3840 1950 3911 attigerat.
1971 3840 2243 3895 Hariolum-

687 3938 778 3995 tur
793 3926 863 3981 de
886 3926 989 3981 hoc
1012 3924 1128 3979 loco
1150 3919 1454 3977 Eustathius
1475 3930 1528 3975 et
1555 3919 1720 3976 schol.
1763 3929 1817 3973 et
1841 3921 2089 3994 paraphr.
2128 3922 2150 3992 ΙΙ
2173 3952 2246 3964 -

690 4007 815 4061 333.
845 4004 1002 4059 αὗτῶν
1026 4002 1155 4061 Aba.
1185 4005 1258 4056 A.
1294 4000 1316 4071 ΙΙ
1348 4030 1421 4042 -
1441 4000 1564 4064 334.
1589 3998 1720 4053 ἔστιν
1764 3996 1958 4069 ἀγαικῗιν
1981 4002 2084 4063 HK.
2114 4001 2136 4071 ΙΙ
2171 4030 2248 4043 --

688 4085 812 4142 335.
837 4084 1037 4156 ἕσπερον
1059 4100 1106 4146 s,
1130 4080 1331 4151 ἑσπέραν
1351 4077 1679 4150 FLNbstmr‚
1701 4076 1874 4149 ἱσπέρη
1901 4077 1938 4131 i.
1976 4078 1997 4149 ΙΙ
2019 4108 2090 4121 -
2120 4079 2240 4135 336.

693 4163 901 4237 maen]
934 4161 1078 4230 Ἀλὸη
1107 4177 1268 4233 supra
1299 4176 1405 4215 scr.
1428 4179 1489 4225 υς
1521 4176 1585 4222 c,-
1617 4158 1780 4231 Calpe
1807 4158 2041 4212 Avienus
2066 4161 2166 4228 478
2194 4170 2246 4213 οι

688 4244 982 4299 Priscianus
1000 4239 1123 4294 335.
1145 4241 1224 4293 Ac
1246 4254 1370 4291 sane
1395 4248 1599 4292 constat
1617 4239 1930 4309 Europaeam
1950 4235 2242 4290 columnam

689 4344 719 4377 a
744 4318 1046 4393 geographis
1074 4316 1246 4371 vocari
1274 4314 1484 4388 Calpen.
1511 4316 1711 4370 Contra
1741 4332 1866 4368 vero
1901 4313 2095 4386 Libyca
2121 4314 2246 4369 stela

691 4396 844 4453 simili
871 4399 1084 4453 nomine
1123 4393 1296 4463 {te-5212
1325 4394 1406 4449 vel
1439 4394 1603 4464 Ἀὅίλη
1635 4393 1860 4462 dicitur3
1889 4391 2044 4463 Λὸίλη
2071 4404 2149 4447 est
2189 4395 2243 4448 in

692 4478 902 4549 optimis
924 4477 1066 4531 libris
1089 4474 1355 4530 Strabonis
1379 4492 1434 4547 p.
1470 4476 1594 4545 827,
1620 4472 1947 4545 eandemque
1969 4472 2190 4527 sormam
2214 4493 2245 4528 e

693 4556 961 4611 codicibus
984 4556 1038 4610 iu
1061 4556 1233 4610 locum
1257 4552 1474 4624 vulgatae
1490 4553 1666 4624 Abyla
1683 4570 1942 4625 reponere
1959 4551 2076 4607 licet
2103 4552 2242 4625 apud

695 4635 922 4690 Plinium
943 4637 995 4701 8,
1023 4653 1070 4701 ι,
1095 4652 1118 4687 1
1149 4644 1202 4687 et
1226 4633 1276 4699 5,
1303 4650 1360 4686 11
1394 4644 1446 4687 et
1462 4632 1603 4705 apud
1623 4632 1812 4687 Melam
1835 4648 1882 4697 1,
1902 4630 1954 4697 5,
1977 4649 2000 4685 1
2030 4642 2083 4686 et
2101 4648 2155 4698 2,
2187 4637 2240 4697 6,

698 4716 752 4770 8.
792 4712 948 4789 Apud
974 4714 1228 4769 Avienum
1255 4712 1386 4768 Orb.
1411 4714 1594 4766 Descr.
1621 4728 1714 4765 111
1742 4722 1795 4765 et
1816 4713 1920 4768 Or..
1943 4730 2076 4767 mar.
2103 4717 2170 4785 87
2195 4724 2247 4769 et

701 4792 801 4857 345
830 4792 952 4847 libri
980 4810 1100 4845 mss.
1127 4792 1180 4845 in
1203 4790 1425 4862 Abylam
1453 4790 1698 4845 videntur
1715 4791 2036 4863 conspirare.
2058 4792 2246 4846 Nescio

697 4888 766 4924 an
788 4888 856 4925 ex
884 4870 1047 4924 Abila
1069 4869 1289 4940 (Abilla
1321 4879 1374 4923 et
1407 4862 1732 4926 Abilia'var.
1761 4869 1862 4925 lect
1911 4888 1997 4941 ap.
2022 4870 2158 4927 Plin.
2195 4882 2248 4927 ct

697 4949 927 5016 Melam)
983 4959 1096 5003 orta
1132 4950 1196 5002 sit
1237 4948 1396 5003 altera
1437 4949 1608 5004 forma
1643 4948 1840 5003 ’Ᾰὸιννα
1889 4948 2032 5021 apud
2069 4951 2245 5007 Philo·

697 5036 846 5083 strat.
863 5028 976 5083 Vit.
1004 5025 1173 5099 Apoll.
1206 5026 1259 5092 5,
1287 5042 1332 5091 ι,
1357 5043 1404 5091 ι,
1425 5028 1662 5081 Tzetzem
1689 5043 1740 5091 2,
1761 5026 2116 5097 339,Suidam
2136 5029 2245 5102 (ubi

696 5102 925 5169 Ἀὅιννα,
965 5103 1122 5175 ὄνομα
1148 5104 1401 5173 πόλεως),
1431 5103 1731 5176 Ampelium
1771 5122 1818 5158 r.
1853 5121 1884 5174 7
1917 5108 1935 5177 (
1961 5105 2242 5178 Abinna),

693 5182 863 5237 schol.
891 5184 948 5236 in
976 5184 1194 5255 Dionys.
1235 5186 1321 5247 64,
1355 5183 1449 5237 ubi
1474 5183 1592 5237 libri
1617 5183 1867 5237 fluctuant
1894 5185 2030 5237 inter
2051 5184 2246 5239 ’Δὸιννα

692 5271 749 5316 ct
776 5260 1011 5331 Ἀὅεννας
1039 5262 1343 5316 Eustathius
1373 5264 1426 5316 in
1463 5280 1540 5318 vs.
1575 5266 1639 5327 64
1674 5261 1830 5316 habet
1852 5260 2087 5329 ’Λὸεννα,
2113 5266 2248 5318 sicut

692 5339 916 5395 Orosius
951 5356 976 5394 1
1033 5356 1066 5395 2
1082 5340 1284 5413 praebct
1306 5344 1358 5393 A
1367 5359 1536 5407 tenne,
1562 5339 1706 5413 quet!
1731 5356 1818 5387 nn.
1845 5340 2083 5398 Martian.
2115 5344 2242 5412 Cap.

2369 776 2379 786 ’
2398 772 2571 839 Atque
2591 770 2781 823 Istrum
2810 768 3028 822 fluvium
3051 778 3131 822 tot
3154 781 3331 840 gentes
3349 770 3607 827 accolunt.

2327 856 2442 907 Jam
2467 865 2640 926 specta
2663 855 2921 927 reliquum
2946 857 3173 929 Europa!
3207 868 3433 912 tractum
3450 898 3467 925 ,
3494 860 3585 931 qui
3620 861 3809 933 triplici

2329 940 2593 1013 crepidine
2614 942 2914 997 extenditur
2935 960 3111 997 versus
3132 944 3426 1011 meridiem,
3452 946 3667 1001 Iberum

2330 1026 2523 1080 scilicet
2548 1037 2600 1081 et
2620 1030 2924 1082 Graecorum
2953 1037 3007 1082 ct
3028 1046 3399 1099 generosorum
3419 1037 3715 1087 Ausonum.

2332 1116 2403 1166 At
2428 1112 2607 1167 ultima
2632 1112 2817 1168 harum
2840 1113 2907 1167 ad
2926 1113 3123 1168 nobiles
3148 1116 3373 1186 pertinet
3396 1116 3570 1171 Iberes
3584 1160 3601 1185 ,

2332 1216 2527 1251 oceano
2554 1200 2719 1253 vicina
2744 1198 2809 1253 ab
2832 1217 3018 1253 ocoesu
3035 1220 3050 1265 ς
3068 1200 3123 1253 in
3146 1218 3207 1255 ea
3233 1212 3311 1255 est
3336 1205 3758 1273 promontorium

2336 1283 2526 1355 Alybe,
2554 1284 2930 1339 Columnarum
2963 1284 3121 1339 altera
3152 1285 3323 1355 {infra
3352 1287 3493 1358 quod

2332 1565 2390 1623 6,
2414 1576 2468 1630 p.
2500 1574 2597 1612 201
2642 1557 2769 1612 abiit
2800 1559 2853 1611 in
2895 1558 3198 1625 Aboetlmoe,
3228 1570 3281 1614 et
3298 1578 3383 1633 ap.
3404 1562 3668 1615 AEtliicum
3692 1580 3747 1635 p.
3781 1564 3883 1631 732

2335 1640 2389 1687 ln
2422 1638 2573 1689 AE'noe
2610 1634 2895 1707 (Abylenoe
2928 1633 3075 1690 dedit
3110 1637 3463 1709 Gronovius).
3504 1638 3619 1693 Alia
3654 1640 3889 1693 nominis

2336 1711 2505 1767 forma
2528 1723 2607 1767 est
2639 1712 2823 1777 Ἇὸίλυξ
2868 1712 3096 1781 (aestui
3121 1732 3170 1768 v.
3194 1715 3230 1771 l.
3257 1720 3382 1789 )ap.
3412 1716 3656 1773 Strabon.
3676 1735 3733 1789 p.
3760 1734 3878 1787 170,

2333 1791 2545 1845 Suidam
2572 1810 2618 1847 s.
2646 1811 2695 1847 v.
2726 1803 2779 1847 et
2800 1793 3131 1847 Eustathium
3144 1793 3183 1847 l.
3204 1794 3268 1860 1.,
3293 1796 3485 1866 quibus
3506 1795 3730 1849 addatur
3758 1793 3887 1851 ’Δὸι-

2332 1869 2457 1938 λῦκη
2506 1869 2647 1943 apud
2694 1870 3030 1943 Hesychium.
3068 1874 3184 1926 Jam
3228 1891 3382 1940 vero,
3438 1874 3882 1945 quemadmodum

2332 1948 2568 2003 Thraciae
2608 1950 2734 2005 urbs
2762 1950 2965 2005 Κάὸυλα
2998 1952 3263 2007 nonnullis
3297 1954 3351 2007 in
3391 1952 3541 2008 libris
3570 1954 3769 2008 Κάλυὸα
3793 1974 3889 2010 vo·

2332 2035 2499 2089 catur,
2540 2026 2617 2080 sic
2645 2026 2787 2100 apud
2827 2027 3163 2083 Ptolemaeum
3206 2046 3306 2099 pro
3340 2026 3511 2098 ’Λὸὑλη
3544 2033 3567 2097 (
3582 2029 3727 2102 quod
3758 2032 3882 2087 cod.

2331 2103 2491 2160 Palat.
2512 2100 2741 2177 praebet)
2762 2106 2817 2159 in
2840 2105 3079 2178 plurimis
3098 2104 3280 2171 codd„
3302 2107 3496 2177 quibus
3514 2106 3741 2163 editores
3770 2126 3892 2181 per-

2330 2202 2507 2257 peram
2530 2202 2586 2238 se
2605 2184 2955 2251 addixerunt,
2986 2186 3175 2257 legitur
3218 2185 3390 2256 Ἀλῦὃη
3408 2227 3422 2253 ,
3449 2197 3511 2241 ut
3534 2187 3589 2242 iu
3631 2191 3885 2263 Dionysio

2331 2280 2544 2335 quoquc
2558 2274 2745 2318 exstat.
2768 2266 2905 2319 Hinc
2928 2264 3075 2319 facile
3089 2266 3141 2317 in
3170 2275 3399 2319 mentem
3420 2268 3637 2332 venerit,
3653 2278 3745 2323 aut
3762 2271 3892 2325 Dio·

2330 2343 2537 2415 nysium
2552 2361 2651 2417 pro
2675 2341 2876 2413 ’Λλὺὅην
2900 2344 3165 2417 scripsisse
3190 2344 3421 2413 Κάλπην,
3436 2345 3579 2417 quod
3602 2347 3655 2400 in
3678 2346 3881 2418 Ἆλῦὃην

2330 2423 2607 2477 mutaverit
2658 2422 2848 2477 sciolus
2888 2422 3096 2496 Libycae
3140 2422 3397 2477 columnae
3458 2442 3650 2478 nomen
3700 2445 3884 2482 corru-

2328 2512 2479 2573 ptum
2498 2502 2551 2555 in
2578 2503 2888 2575 Europoeam
2906 2511 3219 2575 praepostere
3241 2502 3557 2557 transferens
3570 2544 3583 2569 ,
3601 2515 3693 2559 aut
3708 2503 3882 2575 Ἆλῦὅη

2328 2589 2382 2634 et
2434 2577 2608 2650 Ἇὸὗλη
2663 2582 2881 2635 nomina
2936 2582 3111 2654 ipsum
3154 2593 3362 2653 poetam
3404 2582 3723 2641 confudisse.
3768 2586 3886 2640 Hoc

2326 2658 2522 2733 placuit
2546 2662 2733 2729 Hilli03
2759 2660 2911 2715 uobis
2936 2660 3191 2733 probatur
3208 2672 3475 2716 neutrum.
3502 2664 3635 2716 Nam
3658 2682 3726 2719 ne
3749 2664 3881 2736 quid

2327 2748 2418 2792 aut
2439 2739 2756 2795 mutandum
2790 2751 2882 2794 aut
2906 2750 3046 2793 certe
3072 2740 3565 2811 reprehendendum
3594 2753 3839 2814 putemus
3860 2786 3877 2809 ,

2327 2818 2777 2891 impedit-Charax
2817 2822 3196 2890 Pergamenus,
3228 2821 3454 2893 scriptor
3490 2822 3746 2893 Dionysio
3772 2840 3881 2878 non

2326 2896 2497 2950 multo
2516 2894 2721 2967 junior,
2765 2914 2831 2951 ex
2867 2914 2975 2967 quo
3016 2894 3182 2951 schol.
3222 2897 3289 2950 ad
3336 2916 3387 2953 v.
3418 2902 3484 2961 64
3528 2897 3678 2952 ass'crt
3726 2900 3881 2955 hare:

2330 2973 2525 3047 Ὀνομα
2548 2973 2601 3029 δὶ
2618 2979 2682 3048 τῇ
2702 2974 2788 3047 μὶν
2816 2974 3075 3047 Εὗρωπαίᾳ
3104 2974 3336 3048 (στήλῃ)
3363 2974 3487 3029 κατὰ
3510 2976 3595 3047 μὲν
3622 2977 3886 3049 βαρὸἀρους

2329 3052 2669 3123 ίἽΞλληναςΡ)
2698 3053 2869 3121 mm]
2885 3094 2901 3117 ,
2923 3052 3046 3107 κατὰ
3068 3051 3121 3107 Bi
3137 3052 3391 3123 Ἕλληνας
3419 3052 3609 3123 22:562]-
3636 3060 3700 3129 τῇ
3725 3055 3777 3111 δὲ
3803 3059 3887 3111 At·

2330 3134 2453 3207 δυκῇ
2476 3132 2601 3187 κατὰ
2627 3133 2713 3206 μὶν
2738 3132 2992 3201 Ἕλληνας
3016 3132 3321 3205 Κυνηγετική
3336 3172 3351 3199 ,
3390 3131 3515 3187 κατὰ
3541 3133 3593 3187 δὲ
3622 3134 3889 3207 βαρὸάρους

2334 3211 2558 3278 ’'Asstvva,
2610 3213 2678 3275 ὡς
2722 3210 2882 3283 Χάραξ
2922 3212 3123 3283 ἱστορεῖ.
3179 3212 3311 3265 Cum
3356 3211 3547 3283 quibus
3589 3212 3889 3269 conseratur

2328 3291 2725 3361 Tzetzes(Chil.
2757 3307 2810 3357 2,
2840 3290 3005 3361 339),
3040 3288 3181 3361 apud
3214 3307 3374 3361 quem
3401 3290 3650 3345 Hercules
3682 3290 3883 3361 Ἀλῦὅην

2330 3370 2415 3423 καὶ
2434 3368 2523 3435 τὴν
2554 3368 2783 3423 Ἇὸινναν.
2812 3368 2996 3436 στήλας
3035 3367 3149 3422 iot&
3174 3367 3259 3431 τὰς
3290 3368 3396 3422 δύο.
3434 3370 3577 3423 Num
3612 3369 3885 3442 probanda

2332 3450 2399 3503 sit
2424 3448 2668 3503 Characis
2706 3448 2937 3502 narratio
2968 3464 3151 3512 necne,
3190 3446 3257 3500 ad
3284 3457 3517 3501 nostram
3552 3465 3665 3501 rcm
3696 3464 3885 3519 parum

2334 3525 2474 3580 facit.
2500 3527 2713 3579 Errasse
2731 3526 2915 3596 utique
2940 3524 2995 3578 iu
3017 3541 3081 3577 eo
3098 3522 3305 3577 videtur
3326 3523 3469 3595 quod
3489 3522 3661 3591 Κάλπη
3691 3540 3887 3580 nomen

2334 3604 2694 3671 barbaricum,
2727 3602 2911 3672 Ἀλῦὅη
2972 3620 3095 3657 vero
3137 3620 3363 3673 graecum
3406 3619 3516 3655 esse
3560 3600 3717 3669 dicit;
3760 3621 3887 3659 nam

2334 3682 2497 3751 κάλπη
2552 3684 2733 3754 graecis
2768 3682 2953 3756 hydria
2994 3692 3230 3747 vocatur,
3272 3680 3422 3753 cujus
3464 3680 3687 3737 sormam
3728 3684 3887 3759 Calpe

2303 3826 2315 3838 ·
2335 3780 2488 3817 mons
2511 3762 2709 3817 rescroe
2736 3761 3010 3816 videbatur
3044 3762 3149 3831 (V.
3180 3762 3370 3817 Avicn.
3410 3762 3507 3816 Or.
3554 3780 3689 3817 mar.
3720 3764 3823 3828 348
3867 3784 3882 3821 ε

2336 3842 2553 3915 Calpe...
2586 3842 2640 3896 in
2673 3840 2879 3896 Gracia
2899 3840 3093 3914 species
3118 3839 3245 3893 cavi
3271 3839 3542 3913 teretisque
3566 3858 3663 3895 usu
3689 3860 3889 3897 nunca-

2329 3931 2499 3993 patur
2520 3920 2681 3975 nrcei.
2711 3918 2885 3975 Schol.
2914 3920 2969 3973 in
3013 3918 3253 3974 Juvenal.
3282 3928 3380 3974 ειιιι
3422 3923 3506 3985 14,
3550 3936 3652 3991 279
3684 3938 3698 3977 t
3734 3922 3887 3997 Calpe

2336 4018 2475 4053 ιιι-ηας
2516 3998 2715 4055 similis
2752 4016 2922 4062 mons,
2964 3996 3097 4051 unde
3138 3998 3302 4071 Calpe
3326 3997 3383 4052 in
3406 4010 3638 4053 extrema
3663 4002 3881 4073 Spania.

2332 4079 2467 4133 Mela
2494 4095 2547 4145 2,
2580 4084 2633 4144 6,
2666 4081 2697 4135 8
2743 4096 2757 4135 :
2793 4081 2881 4142 Is,
2909 4076 3066 4149 Calpe
3099 4094 3199 4142 sc.,
3228 4077 3421 4131 miram
3450 4077 3507 4131 in
3538 4077 3743 4131 moelam
3770 4097 3891 4133 con·

2332 4158 2703 4231 mous,etc.).
2738 4156 2997 4212 Bocharto
3031 4166 3159 4211 teste
3190 4155 3421 4229 (Geogr.
3459 4174 3601 4211 sacra
3628 4175 3685 4230 p.
3718 4159 3884 4233 615),

2334 4236 2494 4305 κάλπη
2523 4237 2701 4310 lingua
2738 4236 3005 4292 Phoenicia
3034 4235 3273 4289 similiter
3300 4245 3452 4290 sonat
3473 4234 3671 4308 galplea
3687 4258 3706 4297 ,·
3740 4243 3887 4307 quod

2334 4334 2459 4369 num
2510 4315 2679 4390 libyce
2720 4315 2823 4369 dici
2866 4316 3096 4388 potuerit
3133 4314 3290 4383 alyba
3323 4332 3417 4367 seu
3461 4314 3635 4379 aliba,
3680 4314 3889 4371 videant

2332 4396 2624 4467 peritiores.
2644 4398 2697 4450 Si
2717 4396 2790 4450 ita
2811 4406 2888 4449 oet
2906 4434 2921 4460 ,
2938 4395 3278 4466 consequitur
3303 4394 3510 4465 aly-bam
3531 4410 3710 4447 vocem
3736 4394 3893 4466 plane

2332 4474 2589 4529 diversam
2642 4492 2754 4529 esse
2790 4473 2857 4528 ab
2906 4473 3052 4527 abila
3093 4472 3303 4545 Libycae
3340 4471 3597 4526 columnae
3634 4475 3883 4541 nomine,

2336 4552 2481 4627 quod
2520 4554 2779 4625 significat
2812 4552 2981 4608 altum
3010 4564 3229 4605 montem
3264 4550 3342 4605 vel
3377 4551 3545 4604 aleam
3571 4548 3765 4603 silvam
3792 4553 3883 4621 (v.

2335 4634 2524 4688 Avien.
2552 4643 2606 4686 et
2636 4630 2882 4685 Bochart.
2909 4630 2945 4685 l.
2980 4630 3016 4684 l.
3038 4631 3089 4702 ),
3112 4640 3303 4684 etcum
3328 4629 3525 4683 abinna
3551 4645 3644 4682 scu
3682 4644 3887 4699 cynege-

2338 4712 2445 4765 tica
2496 4711 2744 4765 Characis
2782 4708 3027 4780 componi
3072 4706 3247 4762 debet.
3290 4705 3594 4762 Notandum
3621 4715 3700 4760 est
3746 4706 3887 4779 apud

2341 4790 2617 4862 Polybium
2668 4789 2757 4862 (3,
2791 4788 2892 4852 43,
2925 4787 2990 4860 5)
3027 4786 3223 4859 Calpen
3255 4788 3363 4841 sive
3404 4783 3661 4858 Cartejam
3702 4784 3887 4841 urbem

2344 4867 2567 4923 Ἀλθαίαν
2588 4868 2715 4923 dici.
2734 4870 2818 4922 An
2833 4865 3108 4937 legendum
3132 4876 3209 4921 est
3226 4866 3345 4938 πρὸς
3370 4865 3617 4938 Γαλφαίαν
3632 4864 3888 4939 inimimi-

2338 4950 2418 5003 θεν
2445 4952 2619 5014 ΟΕΥ,
2644 4950 2732 5015 τῆς
2746 4946 2879 5003 δπέν.
2912 4948 2961 5000 A
2974 4967 2994 5009 ,-
3015 4944 3116 4999 sub
3140 4956 3317 5000 monte
3333 4963 3431 5012 sc„
3461 4945 3695 5001 inferius.
3728 4944 3812 5001 Cf.
3833 4964 3883 5000 v.

2336 5028 2439 5091 423
2473 5044 2487 5081 :
2527 5028 2661 5098 νέρθε
2684 5046 2743 5099 γε
2765 5023 2861 5097 μὴν
2887 5023 3105 5095 Ἰσθμοῒο
3134 5024 3251 5095 πρὸς
3284 5022 3435 5096 αὖγὰς
3467 5022 3674 5079 Ἀττικὸν
3697 5018 3880 5090 οὖδαςς

2339 5109 2573 5165 Avienus
2613 5110 2719 5170 480
2752 5116 2805 5159 et
2843 5105 3135 5161 Priscianus
3168 5104 3269 5158 335
3299 5114 3509 5158 vertunt
3529 5123 3712 5178 supra,
3735 5106 3883 5176 quasi

2340 5186 2568 5257 ἐφύπερθε
2606 5185 2864 5256 legissent.
2912 5182 3252 5237 Tartessidem
3296 5184 3661 5238 Eratosthenes
3694 5183 3885 5255 aliique

2339 5263 2405 5319 ad
2436 5264 2629 5337 Calpen
2673 5274 2903 5318 montem
2941 5262 3238 5335 ponebant,
3271 5262 3557 5333 urbemque
3581 5264 3883 5316 Tartessum

2339 5346 2393 5397 in
2426 5341 2629 5414 Carteja
2661 5344 2753 5397 aevi
2792 5342 3090 5415 posterioris
3129 5342 3492 5410 agnoscebant.
3527 5343 3771 5395 Ceterum
3810 5341 3880 5396 cf.
