4584 6284
1774 520 2129 582 ANAPLUS
2168 520 2494 581 Bosponl
2536 520 2884 583 mRAcu.

781 656 907 711 Hac
926 651 1145 725 quidem
1181 652 1489 725 Dionysius.
1526 650 1821 725 Stephanus
1842 663 1859 689 ⁸
1890 668 2035 715 vero,
2066 650 2281 707 urbium

706 743 955 815 scriptor,
984 740 1141 795 aliam
1171 741 1433 795 rationem
1472 737 1639 795 adfert
1652 780 1667 807 ,
1702 758 1799 795 cur
1821 738 2057 795 Phidalia
2078 751 2133 795 et
2156 760 2280 815 por-

707 844 791 887 tus
818 829 1103 885 Mulierum
1136 826 1445 901 appelletur.
1488 852 1511 874 -
1532 828 1704 895 Ciroe,
1744 828 1933 900 inquit,
1954 828 2279 885 nominatam

709 917 1003 974 Phidaliam
1059 916 1347 972 Mulierum
1391 926 1573 988 portus
1618 926 1697 971 est
1740 917 1877 971 iuter
1912 915 2177 989 Anaplum
2228 928 2282 971 et

712 1006 1120 1071 Leosthenium,
1150 1003 1250 1059 ubi
1269 1002 1458 1059 dicunt
1485 1002 1801 1069 Phidaliam,
1830 1020 2050 1059 uxorem
2076 1005 2155 1077 Β)
2156 1022 2277 1059 zan-

711 1096 809 1159 tis,
836 1110 947 1147 una
972 1109 1097 1145 cum
1138 1089 1447 1145 mulieribus
1474 1108 1639 1163 usque
1666 1088 1735 1145 ad
1768 1090 1915 1146 hunc
1942 1089 2117 1146 locum
2154 1110 2274 1159 eos,

711 1182 805 1255 qui
824 1196 951 1235 cum
974 1177 1213 1247 Stroebo,
1244 1176 1405 1233 fratre
1425 1176 1691 1250 Bynntis,
1721 1176 1924 1231 civibus
1944 1177 2069 1232 viris
2097 1176 2280 1233 ahsen-

706 1270 884 1336 tihus,
910 1267 1099 1323 urbem
1122 1268 1460 1334 invasissent,
1482 1266 1763 1323 insecutam
1782 1265 1966 1331 fuisse,
1988 1284 2051 1321 ac
2072 1266 2275 1333 vicisse,

712 1356 947 1431 indeque
970 1367 1186 1431 portum
1210 1354 1487 1411 Malles-um
1522 1356 1851 1411 nominatum
1880 1354 2115 1411 fuisse.»
2158 1358 2279 1411 Sui·

712 1446 807 1503 das
826 1458 847 1485 ²
889 1444 1109 1501 scribit:
1150 1470 1173 1493 ο
1202 1446 1337 1501 Cum
1362 1444 1417 1499 in
1442 1443 1635 1518 palatio
1666 1442 1935 1500 Heraclius
1960 1455 2275 1511 versaretur,

713 1536 971 1611 appellato
1000 1536 1187 1590 Heraeo
1202 1574 1218 1601 ,
1246 1532 1625 1608 pmsectusque
1648 1534 1939 1589 exmcitum
1970 1532 2274 1605 collegisset,

710 1634 767 1679 et
786 1622 1005 1694 navigiis
1032 1631 1249 1695 pontem
1288 1621 1343 1675 in
1372 1620 1489 1675 freti
1516 1620 1765 1693 angustiis
1788 1618 2083 1693 junxisset,
2106 1619 2175 1675 ad
2196 1620 2281 1675 lit·

712 1720 829 1765 tora
844 1710 990 1763 sinus
1015 1706 1263 1763 Phidaliae
1304 1704 1531 1778 trajecit,
1568 1717 1623 1761 et
1646 1724 1743 1781 pa·
1760 1716 1977 1779 pontem
2010 1705 2279 1779 Barbyssae

710 1796 780 1851 ad
804 1797 989 1851 urbem
1010 1795 1244 1849 accessit.
1272 1818 1295 1841 ο
1325 1794 1521 1849 Praeter
1534 1792 1631 1847 hos
1650 1810 1807 1847 nemo
1828 1791 2071 1847 meminit
2090 1804 2277 1865 portus

708 1884 991 1941 Mulierum
1034 1882 1137 1938 nisi
1177 1881 1380 1937 Plinius
1412 1882 1456 1935 ³.
1524 1879 1627 1935 Sed
1672 1880 1941 1954 percipere
1985 1896 2052 1933 ex
2104 1878 2277 1935 Plinio

707 1992 816 2029 non
840 1982 1080 2047 poteram
1097 2012 1113 2039 ,
1142 1988 1317 2044 neque
1346 1970 1499 2044 plane
1532 1988 1597 2024 ex
1629 1968 1895 2042 Stephano
1923 1968 2157 2041 (quippe
2184 1969 2275 2042 qui

705 2062 943 2133 quamvis
968 2058 1144 2114 tradat
1168 2058 1316 2113 illum
1338 2076 1451 2111 esse
1470 2057 1607 2111 inter
1637 2055 2013 2111 Leosthenium
2046 2064 2101 2109 ct
2136 2058 2279 2110 Ana-

706 2148 881 2223 plum,
910 2164 1019 2201 non
1058 2144 1244 2212 docet,
1275 2144 1367 2198 ubi
1410 2142 1785 2199 Leosthenium
1802 2182 1817 2209 ,
1843 2141 1937 2196 ubi
1982 2140 2218 2214 Anaplus
2228 2144 2273 2214 ),

704 2237 823 2309 quis
862 2237 921 2289 iu
974 2244 1082 2288 tam
1120 2243 1379 2306 portuoso
1396 2272 1413 2298 ,
1456 2241 1565 2285 tam
1608 2231 1823 2285 sinuoso
1868 2230 2101 2303 Bosporo
2144 2242 2281 2286 esset

704 2332 889 2395 portus
910 2320 1223 2385 Mulierum,
1248 2320 1351 2373 nisi
1388 2316 1599 2373 tandem
1628 2315 1927 2372 incidissem
1952 2317 2009 2371 in
2036 2316 2277 2391 Dionysii

709 2407 1004 2481 Anaplum,
1042 2424 1107 2460 ex
1134 2423 1242 2478 quo
1286 2414 1551 2459 assecutus
1586 2413 1803 2477 portum
1838 2401 2125 2457 Mulierum
2168 2422 2280 2459 esse

708 2500 847 2552 inter
866 2494 1145 2567 Pyrrhiam
1182 2494 1421 2565 Cyonem
1446 2502 1499 2545 et
1523 2490 1899 2545 Leosthenium
1936 2491 2127 2562 (quem
2160 2501 2279 2564 post

706 2579 983 2637 ostendam
1024 2597 1149 2633 eum
1190 2596 1304 2634 esse
1338 2596 1497 2651 quem
1531 2576 1639 2651 jam
1678 2578 1849 2633 Graeci
1888 2576 2149 2651 appellant
2184 2580 2281 2633 So-

708 2666 1023 2739 sthenem):
1053 2668 1168 2721 sine
1194 2664 1301 2720 ulla
1324 2663 1653 2720 dubitatione
1676 2682 1849 2719 assero
1882 2664 2058 2719 sinum
2085 2662 2278 2719 Phida-

706 2756 789 2812 liaa
808 2766 863 2811 ct
883 2765 1098 2828 portum
1116 2753 1403 2809 Mulierum
1422 2752 1568 2807 illum
1586 2770 1699 2808 esse
1724 2770 1881 2825 quem
1898 2752 2069 2808 Graeci
2088 2764 2279 2809 nostrat

704 2843 869 2900 aetatis
900 2840 1165 2914 appellant
1189 2844 1601 2913 Samntacopam
1614 2880 1631 2903 ,
1662 2856 1787 2893 cum
1824 2839 1965 2893 inter
1999 2838 2275 2912 Pyrrhiam

703 2932 941 3006 Cyonem
976 2940 1031 2985 et
1072 2928 1451 2984 Leosthenium
1492 2926 1667 2983 nullus
1696 2928 1845 2982 sinus
1870 2926 2189 2995 intercedat,
2218 2930 2274 2983 in

702 3036 859 3092 quem
878 3016 1069 3071 fluvius
1094 3014 1411 3079 descendat,
1446 3016 1542 3069 nisi
1578 3016 1997 3087 Sarantocopeus
2031 3016 2105 3070 ita
2132 3032 2272 3071 nun-

700 3116 921 3177 cupatus
964 3120 997 3158 a
1038 3111 1204 3175 ponte
1260 3100 1433 3171 ligneo
1474 3100 1818 3173 quadraginta
1868 3100 2083 3155 sublicis
2134 3101 2275 3157 velut

704 3191 821 3263 pilis
851 3199 1173 3259 sustentato,
1208 3204 1393 3260 passus
1418 3186 1629 3242 circiter
1652 3198 1913 3242 trecentos
1940 3187 2128 3257 longo,
2162 3206 2272 3260 quo

704 3276 917 3350 paludes
928 3285 1269 3329 transeuntur
1286 3274 1469 3327 cannis
1486 3273 1667 3347 plenae.
1686 3274 1789 3328 Hic
1804 3274 1950 3329 sinus
1968 3276 2273 3345 portuosior

706 3375 759 3419 et
777 3359 1095 3437 profundior
1112 3380 1143 3415 a
1165 3362 1521 3433 septentrione
1542 3370 1622 3415 est
1642 3378 1803 3434 quam
1821 3378 1854 3414 a
1870 3358 2119 3427 meridic;
2148 3378 2273 3433 pro-

708 3450 850 3507 cedit
889 3449 956 3504 ab
986 3459 1113 3503 ortu
1147 3447 1216 3502 ad
1254 3464 1531 3514 occasum,
1576 3446 1715 3500 illius
1764 3462 1995 3500 recessus
2048 3445 2270 3501 interior

708 3536 867 3611 paulo
907 3536 1129 3608 mplius
1171 3535 1497 3605 octingentos
1539 3548 1721 3605 passus
1778 3532 2003 3586 circuitu
2058 3530 2269 3587 littoreo

708 3624 1089 3701 complectitur.
1136 3622 1343 3678 Desinit
1396 3622 1452 3676 in
1492 3620 1707 3694 paludes
1741 3620 1923 3677 cannis
1964 3618 2173 3694 plenas,
2210 3621 2269 3676 in

709 3731 839 3787 quas
862 3710 1063 3767 medias
1087 3708 1359 3765 descendit
1386 3709 1576 3763 fluvius
1606 3726 1671 3763 ex
1692 3708 1839 3775 valle,
1866 3724 1985 3781 qun
2023 3725 2056 3762 a
2088 3706 2267 3763 medio

708 3804 859 3857 sinus
874 3801 1017 3857 flexu
1036 3800 1209 3875 pergit
1225 3796 1294 3853 ad
1316 3814 1579 3863 occasum,
1594 3798 1843 3870 utrinque
1868 3797 2168 3851 continetur
2179 3814 2265 3851 ar-

788 4034 836 4070 1.
872 4014 1165 4087 Stephanus
1192 4032 1244 4070 ν.
1279 4012 1697 4075 ῐυναυιόςιωλιςς
1726 4012 1869 4065 Ἔστι
1903 4012 1988 4065 καὶ
2022 4012 2269 4067 Γυναικῶν

709 4093 865 4169 λιμὴν
891 4094 1001 4167 περὶ
1021 4092 1112 4161 τὴν
1134 4092 1411 4166 λιγομίνην
1434 4090 1723 4157 Φιδάλιιαν,
1750 4110 1807 4146 το
1836 4090 2012 4165 μεταξὺ
2038 4089 2273 4147 Ἆνάπλου

710 4172 794 4231 καὶ
832 4174 921 4227 τοῦ
957 4170 1315 4225 Διωσθενιίου·
1366 4168 1483 4223 ἔνθα
1515 4169 1635 4242 φησὶ
1670 4168 1760 4237 τὴν
1796 4170 2007 4242 γυναῖκα
2036 4168 2275 4233 Βύζαντος

710 4252 983 4306 Φιδάλιιαν
1010 4248 1253 4313 διωξασαν
1281 4250 1387 4322 ἅμα
1410 4250 1519 4313 ταΐς
1538 4248 1730 4321 γυναιξὶ
1757 4248 1868 4313 τους
1894 4247 2019 4323 μετὰ
2045 4248 2275 4321 Στροίὸου

709 4330 1005 4404 (Στρόμὸου
1026 4328 1257 4402 Hesych.
1278 4330 1301 4400 )
1326 4332 1415 4382 τοῦ
1433 4326 1645 4401 &savos
1660 4329 1905 4393 Βύζαντος
1926 4332 1991 4403 τῇ
2006 4328 2147 4384 πόλει
2173 4327 2275 4385 ἔπι-

710 4412 935 4484 osui-vous
948 4450 966 4477 ,
1002 4416 1103 4465 τῶν
1140 4408 1359 4465 πολιῶν
1399 4406 1467 4481 μὴ
1498 4410 1775 4482 παρόντων,
1804 4410 1999 4477 νικῆσαι
2040 4408 2277 4473 ὃιώξασαν

711 4495 857 4566 μέχρι
879 4494 967 4545 τοῦ
993 4490 1217 4562 λιμένος,
1256 4488 1341 4543 καὶ
1371 4488 1525 4552 οὕτως
1566 4488 1830 4563 ὀνομάσαι.
1862 4488 1945 4545 cf.
1989 4490 2277 4562 Hesychius

708 4572 877 4627 Miles.
907 4574 939 4641 S
964 4572 1050 4637 18,
1075 4587 1129 4642 p.
1170 4572 1291 4639 149,
1313 4569 1407 4641 qui
1430 4579 1628 4636 narrat,
1657 4571 1884 4642 Byzante
1906 4568 2136 4623 Thraces
2156 4588 2275 4643 per·

712 4661 959 4725 sequente
972 4690 989 4716 ,
1022 4648 1282 4723 Odrysem
1297 4690 1313 4713 ,
1356 4648 1669 4721 Scytharum
1696 4666 1873 4720 regem
1891 4688 1909 4715 ,
1967 4650 2275 4722 Byzantium

714 4730 1005 4797 obsedisse3
1032 4729 1151 4803 πρὸς
1171 4730 1251 4794 ὃν,
1284 4730 1483 4802 inquit,
1510 4726 1543 4795 ἡ
1568 4732 1655 4783 τοῦ
1684 4729 1922 4793 Βύζαντος
1943 4726 2069 4801 γυνὴ
2096 4726 2129 4795 ἡ
2164 4730 2275 4784 θαυ-

1226 4812 1289 4883 τῇ
1312 4808 1563 4881 γυναικείᾳ
1572 4809 1859 4881 χρησαμένη
1882 4808 2017 4881 χειρὶ
2038 4808 2274 4880 διηγωνί·

718 4971 896 5043 μαχίᾳ.
924 4966 1011 5032 Ὦς
1034 4968 1130 5041 γὰρ
1147 4969 1259 5031 τοὺς
1278 4968 1403 5022 κατὰ
1422 4964 1509 5034 τὴν
1529 4967 1673 5023 πόλιν
1700 4967 1828 5040 ὄφεις
1850 4965 1917 5031 εἷς
1935 4966 1989 5021 {v
2017 4985 2067 5020 τι
2084 4967 2271 5039 χωρίον

714 5048 1031 5102 συλλαὸοΰσα
1066 5046 1311 5120 &ppo-Spei,
1358 5046 1541 5118 ἀθρόως
1573 5049 1678 5110 τοῖς
1720 5046 1953 5109 ἐναντίοις
1988 5042 2274 5115 {amurca

713 5128 855 5197 δίκην
884 5126 1043 5200 βελῶν
1071 5128 1157 5181 καὶ
1177 5126 1415 5181 ἀκοντίων
1444 5125 1624 5197 ἔπεμπε
1648 5124 1711 5180 τὰ
1738 5125 1879 5197 Θηρία
1906 5122 1993 5178 καὶ
2015 5122 2271 5187 πλείστους

3863 542 3938 598 47

2370 650 2490 705 duis
2511 650 2732 705 collibus
2751 652 2970 709 vitiferis
2987 654 3343 727 etpomiferis.
3365 656 3526 713 Paulo
3545 678 3704 733 supra
3721 662 3938 735 paludes

2371 740 2425 794 in
2443 737 2576 795 duas
2592 738 2854 795 scinditur
2870 740 3028 795 valles
3039 782 3054 809 ,
3071 752 3268 798 rectam
3281 754 3336 799 et
3349 745 3640 819 obliquam,
3658 760 3939 825 utramque

2369 828 2426 881 in
2441 826 2632 882 multas
2657 829 2976 883 insinuatam
3000 827 3282 901 valliculas,
3303 850 3488 887 omnes
3499 832 3718 889 reses-tas
3745 836 3940 895 vitibus

2369 924 2424 969 et
2471 914 2682 969 cerasis.
2737 915 2817 969 Ex
2863 924 3006 969 recta
3041 913 3170 969 valle
3205 916 3350 972 rivus
3392 916 3666 975 descendit
3693 927 3940 995 perennis

2369 1002 2539 1076 spatio
2583 1002 2808 1057 millium
2849 1004 3059 1059 circiter
3093 1004 3254 1059 trium
3299 1017 3354 1061 et
3389 1010 3800 1080 quingentorum
3825 1028 3943 1086 pas-

2369 1109 2556 1159 suum3
2581 1089 2776 1145 deinde
2815 1102 3084 1165 assumpto
3110 1093 3298 1165 exiguo
3333 1096 3534 1164 rivulo,
3563 1096 3658 1153 sed
3695 1104 3935 1173 perenni,

2369 1177 2634 1233 defluente
2676 1196 2740 1233 ex
2781 1179 2998 1252 obliqua
3034 1179 3162 1235 valle
3199 1179 3266 1235 ad
3288 1181 3526 1239 dextram
3569 1204 3788 1241 manum
3813 1188 3932 1257 sita,

2368 1264 2557 1321 denuit
2576 1265 2633 1319 in
2650 1266 2887 1338 paludes,
2905 1284 3101 1340 parvus
3123 1267 3358 1341 quidem,
3383 1270 3476 1327 sed
3501 1283 3676 1329 tamen
3703 1277 3936 1347 gurgites

2369 1353 2528 1409 habet
2555 1354 2705 1409 omni
2735 1356 2862 1411 anni
2898 1366 3134 1429 tempore
3173 1358 3432 1431 piscosos,
3461 1372 3516 1417 et
3549 1362 3670 1418 fluit
3691 1367 3936 1437 perennis

2369 1442 2528 1495 ctiam
2572 1458 2780 1497 summa
2803 1452 3006 1509 testate,
3035 1454 3218 1499 contra
3251 1463 3410 1518 quam
3449 1446 3611 1504 tradit
3649 1449 3933 1523 Dionysius

2369 1530 2462 1602 qui
2485 1528 2721 1603 profecto
2747 1530 2892 1587 hunc
2921 1548 3207 1605 perennem
3239 1530 3480 1601 dixisset,
3503 1536 3550 1591 si
3577 1546 3686 1590 tam
3712 1534 3932 1607 diligen·

2371 1628 2450 1672 tcr
2483 1634 2606 1673 eum
2645 1628 3002 1691 perscrutatus
3038 1617 3218 1673 fuisset
3241 1637 3400 1692 quam
3438 1622 3567 1677 alios
3605 1640 3714 1677 non
3745 1640 3928 1695 peren·

2369 1706 2544 1759 niores
2569 1722 2740 1777 neque
2757 1704 3009 1777 majores,
3030 1724 3163 1779 quos
3183 1724 3434 1779 paeones
3455 1728 3568 1765 esse
3589 1714 3770 1768 tradit.

3017 1856 3118 1917 Fr.
3171 1864 3264 1917 88.

2434 2014 2568 2069 Inde
2614 2014 2763 2073 addit
2807 2015 2948 2071 idem
2996 2017 3280 2089 Dionysius
3317 2034 3333 2071 ε
3381 2020 3600 2074 Poe-tum
3645 2023 3930 2083 Mulierum

2365 2101 2614 2157 continuo
2649 2102 2988 2177 subsequitur
3033 2104 3174 2159 Iocus
3220 2096 3554 2178 Κυπαρῶὅης
3596 2124 3930 2185 nuncupatus

2365 2208 2402 2243 a
2426 2208 2663 2266 cypresso
2683 2191 2888 2249 arbor-e.

2440 2278 2526 2333 Ad
2549 2278 2693 2333 hunc
2709 2295 2878 2351 usque
2898 2277 3040 2333 diem
3061 2278 3344 2351 piscatores
3361 2298 3558 2337 nomeu
3573 2284 3924 2343 retinuerunt.

2367 2366 2570 2419 Locum
2608 2365 2750 2419 enim
2766 2404 2784 2433 ,
2821 2382 2932 2437 quo
2965 2364 3154 2419 finitur
3195 2364 3361 2420 flexus
3403 2378 3604 2441 coeptus
3629 2387 3662 2424 a
3707 2371 3928 2444 Pyrrhia

2365 2454 2573 2525 Cyone,
2603 2452 2700 2507 etsi
2727 2453 2784 2509 in
2811 2452 3044 2509 vallicula
3067 2454 3228 2507 situm
3247 2456 3502 2529 cypressis
3517 2469 3726 2513 carente
3746 2470 3798 2514 et
3817 2470 3928 2518 tota

2366 2538 2567 2593 consita
2595 2540 2761 2594 vineis
2783 2580 2800 2606 ,
2841 2540 3154 2612 Cyparisson
3181 2549 3355 2595 tamen
3389 2542 3648 2617 appellant
3665 2585 3682 2611 ,
3719 2543 3924 2603 distan-

2365 2634 2474 2678 tem
2495 2642 2528 2680 a
2551 2634 2731 2698 ponte,
2763 2643 2871 2698 quo
2889 2626 3100 2681 transiri
3123 2623 3235 2681 dixi
3261 2626 3508 2683 intimum
3533 2630 3710 2685 sinum
3732 2630 3924 2688 Phida-

2365 2709 2474 2777 lia,
2511 2711 2720 2767 circiter
2747 2713 3099 2786 septingentos
3117 2729 3317 2785 passus.

3022 2864 3122 2925 Fr.
3170 2873 3267 2926 89.

2491 3026 2622 3077 Post
2655 3022 2964 3098 &pat-odem
3001 3024 3286 3097 Dionysius
3319 3027 3480 3101 ponit
3519 3030 3766 3103 cenwlum
3816 3034 3922 3088 He·
4001 3086 4027 3114 s

2359 3120 2494 3163 caece
2513 3128 2672 3185 super
2697 3121 2932 3183 petram,
2969 3129 3087 3185 quoe
3119 3129 3329 3167 accessu
3364 3125 3636 3170 ventorum
3657 3118 3923 3188 fiuctibus
4017 3114 4030 3133 ’

2355 3213 2608 3269 percussa
2644 3196 2802 3253 valde
2825 3208 3032 3253 aronae
3045 3220 3066 3262 ,·
3097 3197 3294 3253 circum
3329 3201 3467 3255 enim
3511 3204 3688 3275 ipsam
3715 3206 3924 3275 fluctus

2361 3280 2658 3335 concitatus
2679 3280 3027 3353 diffringit&
3049 3300 3068 3335 .·
3093 3282 3200 3337 lucc
3215 3301 3336 3338 vero
3367 3298 3622 3357 quantum
3647 3287 3704 3341 in
3720 3306 3774 3343 se
3800 3308 3921 3347 sus·

2357 3364 2521 3439 cipit,
2550 3378 2758 3421 tantum
2774 3366 2952 3439 nsit-it
2968 3367 3069 3422 sub
3091 3366 3406 3441 crepidinem
3431 3388 3536 3425 01·oe
3556 3373 3860 3429 maritima.

2425 3452 2710 3507 Piscatores
2753 3450 2912 3523 hujus
2953 3451 3115 3507 aetatis
3164 3452 3342 3508 locum
3388 3456 3714 3512 maritimum
3759 3460 3920 3517 situm

2356 3536 2493 3591 inter
2535 3536 2864 3610 Cyparod-
2917 3547 2970 3592 et
3008 3538 3386 3594 Leosthenium
3430 3540 3607 3596 sinum
3660 3534 3929 3617 appellant'

2364 3623 2604 3680 Triviam
2619 3665 2636 3693 ,
2691 3626 2880 3683 Latino
2911 3626 3128 3681 nomine
3145 3666 3162 3693 ,
3199 3626 3497 3699 ignorantes
3535 3630 3765 3686 Hecaten
3794 3650 3922 3705 ὅτε·

2359 3729 2483 3765 cum
2525 3728 2717 3767 nomen
2730 3752 2748 3779 ,
2811 3710 2966 3783 longa
3011 3714 3236 3767 Romani
3283 3714 3490 3787 imperii
3539 3718 3923 3777 consuetudine

2354 3798 2551 3872 aliquot
2569 3801 2756 3855 Latina
2779 3800 2996 3856 nomina
3013 3818 3266 3874 usurpare
3289 3802 3582 3861 assuefacti.
3610 3809 3657 3862 A
3683 3806 3917 3865 vallicula

2361 4024 2412 4068 et
2459 4016 2512 4067 iu
2551 4014 2776 4071 Anthol.·
2807 4020 2838 4081 4
2859 4056 2874 4082 ,
2923 4020 2977 4080 4.
3021 4016 3106 4071 Ct'.
3148 4018 3449 4089 Ducangius
3487 4020 3672 4077 Const.
3719 4022 3916 4081 Christ.

2358 4112 2413 4169 P
2431 4100 2698 4229 :cssssgdu
2725 4190 2779 4230 v,
2821 4172 3106 4246 Ἡράκλειος
3141 4192 3199 4247 p.
3231 4178 3333 4230 882
3359 4174 3609 4249 Bnhdym
3639 4178 3920 4251 Πυθόμενος

2361 4253 2414 4308 δὲ
2439 4252 2723 4318 ἀποθανεῖν,
2760 4250 2812 4307 ἒν
2849 4254 2954 4315 τοϊς
2979 4250 3046 4317 εἰς
3083 4252 3145 4307 τὰ
3179 4252 3323 4325 ’ῙΙρία
3353 4256 3468 4325 (sic
3491 4257 3689 4311 seriore
3715 4276 3828 4315 aevo
3858 4260 3918 4315 rb

2369 4330 2574 4405 Ἧραΐον
2604 4342 2844 4387 vocatum
2879 4350 2991 4387 esse
3015 4332 3256 4405 constat)
3283 4334 3538 4435 παλατίοις
3571 4336 3804 4409 διίτριὸι·
3837 4340 3920 4395 καὶ

2361 4410 3312 4565 xzfflssfflfflsgffi
3321 4412 3790 4559 Ῡιῗέἒὲξῗέἔφ
3736 4417 3918 4554 ..ἶῒῖἶ

2362 4574 2506 4647 μένου
2529 4570 2713 4627 κόλπου
2735 4570 3019 4637 Φιιὸαλίας.
3049 4570 3145 4625 Καὶ
3167 4570 3250 4626 διὰ
3277 4576 3364 4643 τῆς
3381 4574 3588 4647 γεφύρας
3619 4578 3706 4630 τοῦ
3745 4576 3916 4652 Bapen-

2361 4653 2540 4708 ὅῦσσου
2565 4654 2787 4724 ποταμοῦ
2815 4650 3096 4725 (Barbysc
3119 4652 3176 4707 fl.
3193 4655 3214 4719 )
3241 4650 3308 4717 εἶς
3325 4652 3417 4721 τὴν
3443 4653 3589 4709 πόλιν
3617 4654 3787 4730 εἰσῄει.

2431 4728 2483 4785 3.
2531 4728 2730 4785 Plinius
2763 4728 3254 4801 4,18,46:Seda
3279 4736 3506 4807 Bosporo
3522 4733 3673 4789 sinus
3699 4733 3915 4789 Castlte-

2357 4828 2447 4864 nes
2463 4808 2522 4879 (l.
2543 4810 2866 4899 Lasthenes),
2882 4820 3071 4883 portus
3085 4815 3268 4865 &num
3287 4822 3340 4865 et
3357 4812 3496 4867 alter
3507 4812 3604 4885 φη·
3628 4813 3916 4868 Mulierum

2248 4918 2271 4932 ·
2356 4884 2764 4957 comminatur.
2794 4886 2992 4942 Plinius
3016 4904 3184 4959 quum
3209 4888 3266 4941 in
3291 4887 3624 4943 recensendis
3651 4887 3862 4963 oppidis
3881 4908 3914 4947 a

2357 4964 2518 5021 borea
2557 4965 2626 5021 ad
2675 4965 2944 5022 meridiem
2997 4966 3276 5040 procedat,
3313 4978 3500 5041 portus
3539 4970 3772 5036 Senum,
3817 4970 3912 5042 qui

2356 5054 2474 5118 post
2501 5045 2812 5100 Lasthenen
2835 5056 3176 5110 memoratur,
3205 5045 3250 5099 is
3285 5046 3448 5101 suerit
3472 5048 3565 5119 qui
3601 5058 3912 5121 promonto-

2355 5124 2437 5178 rio
2463 5123 2608 5177 Senis
2633 5123 2828 5178 nunni
2863 5123 3180 5196 subjacebat.
3209 5126 3366 5180 Hunc
3401 5126 3446 5180 si
3471 5129 3656 5180 Senum
3693 5136 3910 5198 portum

710 5206 1031 5281 λυμηναμένη
1059 5206 1218 5280 τούτῳ
1237 5212 1309 5279 τῷ
1324 5208 1487 5279 τρόπῳ
1505 5206 1703 5260 διέσωσε
1722 5203 1811 5272 τὴν
1838 5204 2003 5260 πόλιν.
2040 5206 2119 5257 De
2142 5204 2268 5258 Phi·
2355 5202 2592 5258 nonnulli
2637 5202 3037 5275 appellaverint,
3079 5205 3309 5259 nominis
3349 5201 3462 5276 ejus
3487 5205 3624 5261 ratio
3663 5206 3721 5259 in
3753 5222 3908 5260 causa

707 5285 861 5340 daliae
892 5295 947 5340 et
982 5286 1223 5359 Byzantis
1262 5284 1445 5341 statuis
1470 5284 1526 5338 in
1552 5284 1767 5339 Basilica
1796 5282 1943 5337 urbis
1974 5301 2004 5338 a
2040 5282 2267 5337 Calliade

2353 5300 2465 5337 esse
2487 5282 2660 5355 potuit
2685 5292 2744 5335 ut
2754 5282 2910 5335 etiam
2929 5279 3211 5337 Mulierum
3231 5294 3425 5356 portus
3443 5285 3764 5337 mentionem
3781 5282 3908 5338 sub-

714 5376 935 5440 praetore
960 5367 1147 5419 erectis
1164 5383 1216 5418 v.
1236 5363 1551 5437 epigramma
1567 5382 1653 5437 ap.
1670 5360 1900 5435 Hesvch.
1920 5366 1950 5433 S
1974 5362 2039 5427 34
2056 5379 2110 5434 p.
2143 5362 2261 5429 152,
2345 5356 2588 5433 jungeret
2607 5372 2792 5433 praeter
2814 5360 3054 5417 ordinem
3075 5361 3499 5434 geographicum.
