4584 6284
738 464 848 516 tas
1963 452 2153 517 RUFI
2194 450 2417 513 FESTI
2464 452 2733 515 AVIENI

729 585 940 640 “ninus
966 586 1218 657 Europen
1239 601 1564 657 proceraque
1585 584 1780 639 moenia
1799 584 1950 655 Byne

581 678 700 759 (ωδ)
729 670 932 744 aspicit.
958 669 1044 727 Ab
1079 682 1230 741 tergo
1253 669 1422 726 tendit
1449 670 1698 743 Bebrycia
1722 668 1924 742 glebam
1943 710 1957 733 ‚

588 782 702 835 0⁷5
729 761 968 832 celsaque
984 758 1242 816 nubiferae
1265 758 1495 814 sustollit
1517 758 1747 813 culmina
1763 760 1910 830 rupis

727 852 910 922 Mysus
936 866 1093 920 ager3
1123 850 1302 920 Mysos
1319 848 1540 903 tacitum
1567 846 1791 901 diffusus
1815 847 1872 901 in
1899 862 2082 917 aequor

729 950 980 1010 tergaque
995 937 1280 993 flavescens
1305 934 1474 990 sulcat
1501 935 1626 990 Cius
1651 950 1665 987 τ
1691 933 1850 1009 hujus
1862 934 1931 989 ad
1952 934 2148 989 undam

730 1024 952 1097 pulcher
974 1022 1137 1095 Hylas
1157 1022 1406 1095 nymphis
1427 1019 1696 1095 quondam
1725 1019 1827 1075 luit
1851 1022 2008 1075 anxia
2034 1038 2184 1075 cura.

579 1119 701 1197 (sto)
730 1112 874 1166 Hinc
901 1111 958 1165 in
980 1108 1263 1165 coemleum
1285 1107 1429 1163 cedit
1449 1110 1594 1162 sinus
1619 1106 2041 1179 Hellespontum,

588 1221 704 1272 930
731 1197 958 1271 explicat
979 1207 1033 1251 et
1053 1196 1337 1269 Phrygiam
1368 1194 1518 1251 tellus
1539 1197 1754 1251 incurva
1779 1196 2078 1259 Minorem3

730 1283 906 1356 Major
926 1283 1182 1354 Sangario
1204 1282 1308 1339 late
1326 1282 1713 1355 praestringitur
1736 1281 1900 1338 amni.

690 1424 705 1439 ,
732 1373 867 1437 Haec
889 1370 1080 1445 procul
1095 1388 1221 1425 eoos
1244 1368 1489 1443 procedit
1511 1369 1736 1443 plurima
1758 1372 1814 1425 in
1839 1389 1962 1425 axes
1983 1409 2000 1435 ‚

735 1457 918 1513 fertilis
940 1456 1226 1513 herbarum
1247 1476 1264 1523 3
1283 1472 1389 1527 qua
1412 1456 1596 1511 caetum
1623 1474 1806 1511 rursus
1833 1458 1887 1510 in
1913 1456 2130 1511 umbras

732 1545 952 1603 inclinat
971 1556 1181 1614 vertex,
1212 1542 1517 1619 panduntur
1540 1554 1682 1617 terga
1700 1544 1895 1599 Minori
1917 1585 1933 1612 ,

587 1658 624 1708 9
631 1657 664 1707 3
671 1657 704 1709 5
732 1650 853 1707 quae
867 1632 1009 1705 jacet
1033 1633 1303 1687 immensas
1326 1630 1429 1687 late
1442 1629 1542 1686 sub
1561 1630 1782 1705 rupibus
1799 1630 1906 1685 Idae
1917 1672 1934 1699 ,

575 1741 682 1817 (8η
731 1720 1112 1775 infortunatam
1129 1718 1429 1791 pertingens
1455 1719 1648 1790 cespite
1661 1718 1896 1791 Trojam.

578 1738 704 1897 (ηοξ
807 1807 968 1865 AEolis
992 1808 1119 1861 inde
1145 1818 1288 1879 patet
1305 1817 1508 1861 vastum
1529 1823 1688 1878 super
1707 1805 2104 1881 Hellespontum

735 1895 894 1968 AEgaei
914 1911 1010 1967 per
1029 1903 1172 1964 terga
1199 1892 1310 1947 sali.
1332 1890 1574 1947 Prolixus
1599 1895 1795 1947 Ionum

732 2000 918 2039 rursus
939 2000 1065 2053 ager
1095 1980 1297 2052 glebam
1319 1978 1671 2053 protenditur.
1702 1980 1861 2035 Hunc
1881 1990 2022 2037 secat
2048 1981 2231 2050 ingens

584 2104 703 2159 990
729 2070 1036 2134 Maeander,
1063 2068 1288 2142 salsique
1317 2086 1477 2123 ruens
1502 2066 1632 2123 vada
1654 2067 1873 2139 gurgitis
1895 2069 2077 2125 intrat.

577 2176 700 2255 (323)
730 2158 1044 2214 Comminus
1072 2156 1162 2211 hic
1185 2152 1342 2227 gelidi
1373 2172 1482 2227 qua
1506 2154 1710 2227 spirant
1731 2150 1894 2209 ssa'bra
1921 2153 2181 2225 aquilonis
2194 2192 2211 2218 ,

731 2245 860 2301 urbs
884 2244 1124 2318 Ephesus
1151 2244 1345 2299 tetricae
1375 2241 1599 2298 sustollit
1621 2240 1742 2297 iana
1758 2241 1968 2309 Dianae,

728 2354 924 2391 munus
949 2333 1333 2391 Amazonidum
1353 2330 1706 2387 memorabile.
1731 2333 1841 2386 Nec
1865 2333 2043 2387 minus
2055 2331 2180 2386 inde

573 2444 700 2523 (⁸30)
729 2422 898 2498 Lydia
917 2419 1210 2496 procedens
1225 2420 1435 2488 longum
1463 2418 1595 2475 latus
1615 2418 1840 2491 explieat
1865 2436 2024 2485 euro,

561 2532 698 2585 -995
726 2511 783 2564 in
806 2526 910 2582 qua
937 2506 1152 2563 vitifera!
1179 2505 1394 2561 Tmolus
1412 2503 1541 2577 juga
1565 2506 1791 2577 proserit
1808 2506 1942 2560 arcis
1958 2543 1976 2570 ,

726 2610 782 2653 et
795 2595 1038 2654 Pactolus
1055 2612 1218 2667 aquas
1236 2595 1342 2665 agit
1360 2594 1585 2666 auriger,
1612 2612 1736 2649 arva
1753 2596 1962 2649 αιτιοι-ἴε

723 2684 1022 2759 persultant
1044 2684 1245 2757 cygnis,
1277 2699 1440 2737 curva
1463 2680 1608 2736 sedet
1641 2680 1873 2754 undique
1889 2682 2006 2755 ripa

573 2784 694 2861 (ω)
721 2771 906 2827 creber
927 2770 1061 2841 olos,
1087 2770 1218 2825 laetis
1233 2777 1515 2839 assurgunt
1536 2768 1772 2839 gramina
1797 2768 2020 2841 campis,

719 2856 988 2931 herbaque
997 2855 1279 2912 luxurians
1301 2855 1416 2911 loca
1435 2872 1640 2928 semper
1655 2856 1872 2928 pinguia
1893 2858 2067 2916 vestit.

537 2969 690 3023 1000
721 2945 824 3002 sed
839 2942 1102 3017 locuplete
1124 2944 1290 3015 magis
1313 2940 1601 2997 Maeandria
1629 2940 1776 3013 gleba
1797 2944 2062 2999 recumbit

717 3033 910 3097 ubere,
938 3048 1063 3087 nam
1083 3030 1262 3085 blandi
1286 3042 1480 3085 terram
1511 3030 1646 3101 rigat
1659 3028 1816 3085 unda
1845 3031 2071 3104 Caystri.

717 3118 938 3175 Maeonis
964 3118 1052 3173 hic
1074 3118 1235 3172 etiam
1251 3116 1470 3170 deducit
1499 3116 1655 3170 turba
1679 3116 1898 3173 choreas
1921 3134 1935 3172 z

564 3227 687 3307 (94⁰)
717 3227 878 3264 aurea
903 3208 1231 3265 subnectunt
1249 3208 1334 3262 hae
1351 3204 1557 3261 vincula
1574 3248 1588 3271 ,
1615 3208 1751 3262 ritus
1775 3208 1966 3263 Iacche

717 3294 942 3362 luditur,
964 3304 1124 3367 atque
1148 3294 1308 3349 saetis
1333 3293 1529 3349 feriunt
1549 3291 1835 3347 ululatibus
1861 3294 2080 3350 aethram
2096 3337 2111 3362 ,

540 3394 691 3448 1005
727 3380 1099 3451 virgineusque
1125 3378 1322 3434 chorus
1347 3379 1451 3433 late
1479 3379 1662 3451 strepit
1681 3417 1697 3443 ,
1716 3377 1888 3433 exsilit
1908 3384 2083 3435 omnis

721 3479 890 3525 costus
904 3510 921 3537 ,
953 3478 1014 3522 ut
1033 3466 1298 3522 instabiles
1325 3484 1453 3538 vaga
1477 3464 1711 3539 pendent
1733 3482 1957 3538 corpora
1977 3465 2174 3535 damae3

723 3572 1008 3612 caurorum
1030 3570 1245 3628 quoque
1267 3552 1435 3608 flabra
1467 3551 1571 3607 deo
1591 3550 1896 3607 famulantia
1913 3549 2109 3609 ludunt

723 3644 918 3699 ritibus
945 3644 1001 3698 in
1032 3641 1176 3713 vulgi
1196 3663 1214 3707 ς
1233 3640 1468 3697 subeunt
1491 3640 1604 3695 haec
1625 3642 1802 3695 Serica
1829 3658 1966 3714 saepe

569 3734 691 3815 (aa.)
724 3731 879 3805 pallia
893 3774 910 3803 ‚
934 3742 988 3785 et
1012 3729 1222 3804 impulsi
1241 3730 1484 3802 zephyris
1501 3717 1766 3800 agitantur
1781 3730 2026 3785 amictus.

540 3824 694 3878 1⁰10
724 3820 852 3873 Haec
881 3816 1171 3889 linquenda
1198 3826 1373 3871 tamen
1389 3815 1510 3870 laeto
1535 3830 1660 3869 reor
1683 3814 1862 3871 omnia
1893 3816 2068 3888 Lydo.

794 3908 915 3973 Qua
938 3923 995 3959 se
1017 3904 1262 3960 Xanthus
1283 3903 1392 3974 agit
1411 3941 1428 3967 ,
1467 3902 1754 3973 Lyciorum
1777 3900 2016 3957 tenditur
2044 3922 2141 3959 ora

727 3990 977 4046 inclinata
1000 3990 1133 4047 mari
1153 4028 1170 4057 ,
1195 3997 1420 4061 surgunt
1442 3987 1514 4043 ibi
1542 3985 1773 4041 culmina
1797 3987 1960 4042 Tauri

567 4084 687 4166 (ιω)
720 4079 1041 4155 Pamphyliae
1065 4082 1122 4135 in
1141 4077 1272 4135 fines
1302 4095 1318 4134 ε
1346 4078 1435 4133 hic
1456 4075 1597 4131 idem
1625 4074 1824 4147 Cragus
1842 4075 2068 4133 babetur

719 4166 940 4223 nomine
959 4166 1060 4220 sub
1085 4166 1277 4238 gentis.
1306 4164 1477 4237 Prope
1502 4160 1689 4217 celsam
1717 4162 1883 4233 surgit
1909 4166 1965 4219 in
1982 4183 2157 4221 arcem

535 4264 691 4318 1015
719 4256 910 4328 piscosi
937 4250 1215 4326 Aspendus
1247 4251 1450 4307 flumen
1477 4267 1624 4305 secus
1655 4248 2065 4322 Eurymedontis
2083 4292 2100 4319 ,

721 4360 810 4397 sus
841 4343 934 4397 ubi
957 4339 1212 4398 deformis
1235 4338 1415 4395 calidis
1445 4338 1688 4396 adoletur
1708 4341 1767 4394 in
1788 4337 1894 4393 aris

647 4476 656 4485 .
727 4447 865 4502 saepc
891 4429 1123 4483 Dionaeae
1145 4428 1363 4482 Veneri.
1389 4426 1502 4483 Stat
1522 4428 1756 4500 Corycus
1779 4422 1880 4479 alta
1897 4464 1914 4493 ,

565 4530 685 4608 (355)
721 4528 822 4574 stat
848 4520 1010 4588 Perge
1033 4527 1268 4589 propter,
1291 4516 1452 4570 micat
1472 4514 1636 4571 ardua
1661 4524 1800 4570 tecta
1818 4512 2048 4569 Phaselis

721 4604 929 4659 eminus
945 4643 959 4666 ,
985 4613 1039 4657 et
1069 4601 1252 4659 Phoebi
1275 4599 1436 4656 radiis
1453 4602 1631 4656 treinit
1650 4599 1869 4656 aemulus
1897 4598 2079 4655 ardor.

536 4710 692 4761 1020
719 4690 854 4746 Inde
879 4691 1153 4764 Lycaoniae
1176 4699 1372 4743 tractus
1391 4688 1548 4761 jacet.
1580 4688 1809 4761 Impiger
1830 4706 1982 4759 agros

717 4776 890 4833 incola
912 4777 1179 4843 decurrit,
1209 4777 1319 4832 sitit
1341 4788 1515 4831 atrum
1541 4776 1654 4832 dira
1672 4795 1931 4850 cruorem·

719 4882 845 4935 gens
872 4864 1157 4919 hominum
1173 4904 1189 4932 ,
1218 4873 1272 4918 et
1299 4882 1437 4919 saevo
1453 4853 1746 4937 pascuntur
1771 4875 1987 4937 pectora
2005 4864 2162 4920 bello.

715 4952 860 5005 Tum
885 4950 1063 5005 Pisida
1088 4949 1236 5004 ferox
1263 4961 1468 5005 exercet
1491 4949 1705 5024 pinguia
1729 4950 1867 5005 culta
1883 4991 1899 5017 ,

712 5037 1131 5108 Termessusque
1161 5036 1353 5090 dehinc
1371 5037 1498 5090 urbs
1522 5038 1733 5100 eminet,
1762 5038 1956 5091 eminet
1973 5054 2150 5091 arcem

531 5144 684 5199 1025
715 5122 908 5195 inclyta
929 5142 1026 5197 per
1044 5124 1218 5178 nubes
1239 5122 1476 5178 attollens
1498 5124 1690 5179 moenia
1708 5122 1880 5197 Lyrbe
1896 5164 1912 5192 ,

559 5214 678 5298 (ιω)
711 5222 770 5265 et
791 5208 1206 5265 tacedaemoniae
1223 5220 1454 5280 surgunt
1473 5210 1676 5283 fastigia
1701 5210 1878 5281 Selges
1892 5252 1907 5270 .

713 5296 982 5354 Plurimus
1001 5295 1318 5351 binc'terras
1339 5296 1502 5350 intrat
1524 5296 1686 5360 sinus,
1716 5294 1962 5371 undaque
1979 5296 2132 5368 longe

2388 584 2558 639 vicina
2577 585 2791 641 Euxino
2808 588 2953 661 rupti
2978 591 3088 643 sola
3106 591 3317 662 cespitis
3335 602 3506 664 urget.

2384 670 2653 728 Hiediros
2682 672 2869 729 Cilicas
2897 686 3086 732 trames
3106 688 3265 744 tenet,
3298 680 3461 753 inque
3481 680 3588 737 diei

2382 756 2619 818 tenditur
2633 771 2897 818 exortum.
2926 764 3139 819 sulcant
3154 763 3265 820 duo
3288 766 3507 822 flumina
3532 778 3754 835 terram,

2383 848 2639 919 Pyramus
2667 848 2757 905 hic
2786 851 2954 905 undas
2970 892 2990 921 ,
3008 852 3097 907 hic
3120 852 3281 907 volvit
3302 855 3527 910 Pinarus
3548 872 3733 928 asquor
3744 878 3763 925 ς

2387 932 2601 1007 Cydnus
2618 937 2747 991 item
2770 932 2955 992 mediae
2978 937 3230 994 discernit
3252 942 3449 996 moenia
3464 942 3639 999 Tarsi.

2385 1022 2606 1092 Pegasus
2624 1022 2727 1077 boc
2744 1022 2871 1078 olim
2892 1024 3167 1097 suspendit
3196 1027 3393 1101 cespite
3414 1044 3557 1095 sese,

2384 1110 2751 1183 impressaque
2778 1110 2891 1167 solo
2910 1111 3066 1184 liquit
3092 1115 3307 1188 vestigia
3332 1116 3486 1171 calcis
3501 1156 3519 1183 ,

2384 1207 2519 1251 esset
2544 1208 2605 1251 ut
2622 1197 2814 1270 insigni
2831 1198 3065 1255 revoluta
3084 1201 3145 1254 in
3172 1202 3359 1257 secula
3380 1220 3588 1275 semper

2386 1300 2577 1337 nomen
2602 1284 2799 1350 humo,
2824 1283 2952 1341 clari
2972 1299 3093 1359 post
3110 1287 3293 1342 ultima
3318 1288 3761 1361 Bellerophontis.

2384 1371 2485 1425 Hic
2504 1387 2681 1444 cespes
2700 1370 2801 1427 late
2821 1372 3067 1445 producit
3086 1376 3263 1431 Aleius
3279 1392 3429 1443 arva,

2383 1456 2752 1529 horrescitque
2774 1462 2941 1515 comis
2964 1477 3244 1515 nemorum
3257 1502 3275 1529 ,
3302 1479 3398 1535 per
3412 1462 3679 1538 inhospita
3698 1461 3853 1537 cujus

2388 1560 2599 1617 aequora
2618 1555 2821 1601 secreto
2843 1546 3004 1601 vitam
3030 1558 3359 1619 protraxerat
3380 1566 3527 1621 agro.

2382 1632 2775 1703 Lyrnessusque
2800 1630 3021 1700 dehinc,
3042 1633 3129 1688 hic
3150 1633 3335 1689 Mallus
3362 1646 3417 1689 et
3438 1635 3753 1703 Anchiales,

2379 1716 2705 1791 illustresque
2724 1720 2831 1775 Soli
2847 1731 2968 1793 post
2986 1723 3219 1776 carmina
3246 1723 3380 1777 vatis
3396 1723 3617 1781 alumni.

2378 1805 2853 1877 Commagenorum
2878 1817 3096 1881 propter
3116 1806 3439 1863 diffunditur
3459 1826 3580 1877 ora,

2378 1900 2431 1944 et
2450 1892 2635 1965 procul
2660 1890 2959 1966 hesperium
2980 1905 3230 1951 curvatur
3252 1893 3403 1949 limes
3426 1896 3483 1951 in
3504 1912 3656 1951 axem
3674 1934 3691 1961 ,

2378 1977 2549 2033 donec
2572 1979 2822 2054 piniferas
2848 1981 2987 2037 Casii
3011 1992 3259 2055 prorepat
3280 1981 3348 2037 ad
3370 2001 3537 2041 arces.

2446 2065 2587 2121 Hine
2618 2064 2779 2121 solers
2804 2070 2980 2122 Asiam
3002 2068 3137 2123 sacili
3160 2086 3287 2141 cape
3308 2070 3541 2125 carmine
3569 2080 3753 2127 totam.

2377 2154 2569 2209 Forma
2594 2154 2663 2210 sit
2686 2153 2847 2228 hujus
2872 2154 3015 2211 enim
3040 2155 3155 2211 talis
3180 2155 3277 2210 tibi
3309 2167 3597 2229 :quattuor
3622 2156 3763 2213 illam

2375 2240 2433 2293 in
2457 2240 2617 2297 latera
2641 2240 2864 2296 effusam
2885 2241 3036 2297 cordi
3063 2240 3221 2309 dato;
3244 2242 3450 2314 longior
3476 2256 3671 2301 autem·

2374 2328 2442 2380 sit
2464 2326 2658 2382 modus
2684 2326 2765 2383 his
2780 2367 2797 2393 ,
2826 2328 2968 2382 rutili
2996 2346 3115 2401 quie
3136 2339 3371 2403 spectant
3393 2329 3583 2385 sideris
3600 2340 3777 2385 ortum
3810 2348 3825 2379 ε

2374 2424 2592 2487 tumque
2618 2424 2739 2471 tene
2758 2414 2931 2489 primo
2954 2415 3100 2488 quod
3122 2416 3353 2471 carmine
3372 2418 3529 2472 Musa
3552 2416 3757 2485 locuta,

2373 2512 2535 2557 totam
2555 2504 2735 2558 Asiam
2766 2502 2885 2557 celsi
2904 2504 3149 2577 praecingi
3168 2506 3362 2559 vertice
3386 2505 3544 2562 Tauri

2371 2589 2565 2645 extima
2588 2591 2645 2645 in
2672 2589 2955 2648 Indorum.
2975 2590 3173 2646 Montis
3196 2600 3373 2645 tamen
3396 2592 3575 2665 accipe
3596 2592 3791 2649 molem

2371 2694 2467 2749 per
2488 2676 2621 2734 latus
2638 2676 2697 2733 id
2714 2678 2867 2747 duci,
2892 2696 3001 2753 quo
3025 2677 3118 2735 dat
3143 2681 3417 2753 Cynosura
3436 2681 3653 2754 pruinas
3668 2723 3685 2747 ,

2369 2764 2493 2819 solis
2519 2763 2587 2820 ab
2608 2782 2799 2821 occasu
2826 2775 3033 2821 vastum
3050 2764 3329 2821 decurrere
3346 2766 3525 2821 Nilum
3546 2808 3563 2833 ,

2372 2853 2613 2909 indicum
2639 2854 2708 2908 ab
2728 2856 2837 2909 eois
2861 2871 3008 2909 mare
3030 2854 3259 2920 servem,
3282 2872 3467 2910 rursus
3490 2855 3557 2909 ah
3580 2867 3759 2910 austro

2370 2938 2618 2995 fluctibus
2643 2938 2941 2995 immodicis
2967 2940 3131 2995 Rubri
3170 2940 3289 2995 salis
3317 2958 3531 3013 aequora
3557 2940 3717 2999 volvi.

2370 3030 2481 3084 Ora
2504 3027 2693 3100 Syrum
2714 3028 2865 3082 curvi
2890 3028 3243 3101 procumbens
3260 3029 3429 3083 litoris
3450 3025 3566 3085 acta

2372 3116 2428 3170 in
2450 3124 2639 3171 notum
2664 3126 2720 3170 et
2740 3116 2823 3171 eoi
2849 3114 3079 3171 confinia
3102 3116 3339 3171 tenditur
3369 3118 3503 3173 euri.

2371 3204 2497 3257 Hoec
2522 3202 2663 3258 Coele
2688 3214 2768 3257 est
2786 3201 2949 3275 Grajo
2976 3201 3076 3257 sub
3097 3203 3312 3258 nomine
3338 3222 3353 3256 ι
3377 3222 3608 3276 namque
3630 3203 3841 3259 duobus

2374 3300 2433 3344 ut
2458 3290 2701 3345 conclusa
2722 3289 2863 3362 jugis
2893 3289 3034 3345 vallis
3058 3290 3169 3345 vice
3192 3290 3351 3346 multa
3376 3301 3607 3349 cavatur.

2371 3376 2458 3430 Ab
2482 3376 2711 3448 zephyro
2732 3377 2911 3431 Casius
2934 3392 3087 3429 mons
3104 3376 3370 3443 imminet;
3394 3394 3493 3431 axe
3518 3374 3625 3431 diei

2372 3464 2731 3535 consurgentis
2756 3464 2881 3518 item
2908 3464 3137 3518 Libanus
3160 3464 3354 3536 premit
3370 3462 3569 3518 arduus
3585 3481 3729 3521 arva.

2372 3551 2498 3606 Pars
2519 3550 2705 3622 procul
2736 3571 2767 3607 a
2792 3551 2976 3623 pelago
2996 3562 3159 3607 terras
3180 3552 3333 3617 colit,
3363 3551 3526 3623 inque
3546 3570 3754 3607 recessu

2372 3656 2497 3709 gens
2523 3642 2697 3711 agitat.
2724 3639 2869 3697 Salso
2888 3639 3149 3711 quidquid
3170 3640 3409 3712 pulsatur
3424 3640 3493 3695 ab
3514 3652 3644 3696 aestu
3661 3682 3677 3709 ,

2371 3725 2681 3781 Phoenicum
2708 3727 2853 3797 regio
2878 3736 2975 3781 est.
2994 3727 3065 3780 Hi
3087 3726 3273 3783 Rubro
3294 3746 3327 3781 a
3352 3726 3559 3799 gurgite
3589 3725 3859 3799 quondam

2372 3822 2638 3867 mutavere
2663 3809 2851 3867 domos
2872 3852 2887 3877 ,
2914 3813 3178 3885 primique
3201 3830 3300 3885 per
3322 3831 3540 3887 aequora
3564 3815 3702 3869 vecti

2369 3899 2654 3955 lustravere
2675 3901 2869 3971 salum,
2896 3900 3056 3973 primi
3082 3898 3312 3955 docuere
3332 3900 3525 3956 carinis

2370 3987 2505 4044 serre
2530 3988 2667 4043 cavis
2684 3988 2828 4044 orbis
2853 3990 3165 4044 commercia
3185 4026 3203 4053 ,
3227 3988 3399 4043 sidera
3413 3989 3573 4063 primi

2368 4092 2637 4130 servavere
2657 4075 2786 4147 poli.
2814 4075 3027 4149 Populis
3053 4075 3389 4131 Phoenieibus
3410 4092 3537 4146 ergo

2368 4164 2496 4219 urbs
2518 4164 2675 4237 Iope,
2698 4162 2991 4235 sterilisque
3011 4161 3205 4217 dehinc
3230 4161 3502 4217 habitatur
3533 4160 3679 4217 Elaia
3695 4199 3713 4228 ,
3774 4202 3777 4205 ⁴

2368 4252 2612 4323 Gazaque
2636 4252 2870 4324 proceris
2892 4268 3169 4322 assurgens
3192 4250 3431 4321 undique
3456 4250 3644 4305 muris.

2366 4339 2456 4396 hic
2478 4338 2645 4412 Tyrus
2670 4350 2751 4394 est
2776 4338 2994 4412 opulens
3013 4378 3029 4403 ,
3056 4348 3112 4393 et
3129 4340 3351 4412 Berytus
3374 4336 3574 4411 optima
3590 4377 3605 4404 ,
3629 4337 3822 4411 Byblos

2366 4428 2672 4502 Sidoniique
2686 4427 2821 4483 lares
2837 4467 2854 4494 ,
2872 4426 2967 4482 ubi
2988 4425 3167 4482 labens
3182 4427 3387 4497 agmine
3400 4443 3613 4481 amoeno

2366 4516 2575 4591 cespitis
2602 4516 2788 4588 irrigui
2817 4516 3097 4571 Bostrenm
3113 4512 3299 4587 jugera
3326 4512 3499 4572 findit.

2364 4606 2475 4660 Nec
2498 4605 2674 4659 minus
2696 4602 2787 4657 hic
2804 4600 3033 4674 Tripolis
3048 4602 3231 4673 pingui
3258 4599 3367 4654 sola
3388 4602 3611 4674 porrigit
3632 4618 3790 4671 agr-03

2364 4691 2713 4761 Orthosisque
2733 4689 2925 4744 dehinc
2950 4687 3227 4753 attollitur3
3254 4688 3343 4742 hic
3368 4687 3637 4742 Marathus
3662 4698 3782 4753 stat;

2366 4778 2535 4834 litoris
2560 4788 2799 4833 extremo
2819 4786 2979 4849 caput
3004 4774 3121 4830 altis
3142 4776 3377 4831 turribus
3394 4774 3551 4830 effert

2366 4863 2595 4921 Laodice
2613 4905 2629 4931 ,
2650 4873 2703 4917 et
2726 4862 2890 4935 glauci
2915 4862 3274 4935 praelambitur
3299 4862 3525 4934 equoris
3546 4860 3709 4917 unda.

2362 4954 2465 5008 Hic
2483 4968 2759 5006 nemorosa
2782 4950 2953 5004 virent
2976 4948 3213 5020 Daphnae
3228 4948 3371 5013 loca,
3394 4946 3527 5003 celsa
3552 4964 3828 5019 cupressus

2361 5038 2598 5111 erigitur,
2628 5052 2803 5090 ramos
2823 5036 3043 5089 innectit
3068 5034 3242 5088 laurus
3260 5032 3421 5089 odora
3438 5074 3456 5100 ,

2360 5126 2507 5179 crine
2532 5124 2751 5177 Dionaeo
2778 5130 2981 5193 myrtus
3002 5117 3341 5181 diffunditur,
3361 5120 3479 5175 eltze

2360 5220 2682 5281 consurgunt
2708 5208 2867 5281 pinus
2882 5247 2898 5272 ,
2927 5217 2982 5261 et
3004 5205 3190 5261 caelum
3210 5205 3358 5261 sibila
3379 5205 3592 5280 pulsant

2361 5298 2554 5353 robora
2571 5337 2586 5362 ,
2614 5294 2925 5350 mollit-omis
2944 5292 3095 5347 tellus
3120 5292 3429 5346 insternitur
3445 5291 3644 5347 herbis.

3980 780 4123 831 1080
