4584 6284
696 570 803 620 1ΐο
2101 552 2449 617 moNYsu

694 709 799 753 low
822 692 972 751 ἄλλοι
994 692 1064 763 θ’,
1087 688 1138 748 οἳ
1158 688 1362 748 ναίουσι
1390 687 1632 767 διάνδιχα
1657 684 1890 765 Περσίδα
1911 694 2082 763 γαῖαν.
2318 692 2537 763 aliique,
2561 692 2654 762 qui
2679 692 2939 763 Persicam
2963 700 3155 745 terram
3182 691 3420 746 habitant
3444 691 3665 754 diversi.

833 777 938 840 Καὶ
966 776 1062 848 τὴν
1067 776 1182 885 *μὶν
1205 774 1390 843 πολέες
1417 774 1646 851 ποταμοὶ
1671 774 2078 855 περιπιαίνουσι,
2321 780 2497 849 Atque
2521 775 2815 830 multi-eam
2840 776 2990 830 fluvii
3018 776 3231 831 uberem
3258 789 3531 849 praestant,

831 871 896 943 τῇ
923 888 1014 925 και
1037 868 1103 944 τῇ
1127 866 1400 945 σκολιῇσιν
1425 863 1760 939 ἔλαυνόμενοι
1783 865 2058 942 προχοῇσι.
2318 860 2413 918 hic
2425 863 2527 918 illic
2551 862 2773 935 obliquis
2796 864 3037 917 cursibus
3062 864 3407 936 prohibentes.

829 953 1006 1033 Χωρὶς
1031 951 1126 1029 μὲν
1156 950 1326 1029 Κόρος
1352 949 1464 1010 ἐστὶ
1493 950 1678 1027 μέγας,
1708 950 1866 1029 χωρὶς
1883 949 1936 1010 δὲ
1959 950 2229 1021 Χοάσπης,
2318 950 2568 1005 Diversus
2593 960 2671 1004 est
2694 967 2912 1021 magnus
2937 951 3124 1011 Corus.
3150 948 3387 1003 diversus
3408 950 3562 1005 etiam
3587 952 3872 1025 Choaspes,

836 1040 1004 1100 ἕλκων
1031 1038 1197 1100 Ἰνδὸν
1218 1035 1388 1119 ὕδωρ,
1406 1036 1552 1119 παρά
1575 1060 1631 1095 τε
1657 1036 1802 1117 ῥείων
1821 1035 1980 1116 χθόνα
1999 1034 2230 1097 Σούσων.
2322 1036 2413 1106 qui
2434 1034 2627 1089 undam
2646 1032 2815 1089 desert
2830 1033 3067 1089 Indicam
3089 1053 3150 1088 ac
3171 1037 3423 1090 Susorum
3448 1046 3638 1090 terram
3658 1048 3870 1123 praeter-

675 1146 777 1189 ιοπ
803 1129 977 1190 ’1ου
948 1129 995 1186 0’
1027 1126 1090 1184 ἂν
1115 1124 1202 1188 ἐπὶ
1226 1125 1513 1207 πλευρῇσιν
1537 1124 1664 1191 ἴδοις
1693 1122 1890 1183 εὗωπὸν
1918 1122 2159 1204 Ἆχᾶτην,
2322 1122 2485 1194 Cujus
2510 1123 2578 1178 ad
2604 1123 2763 1177 latera
2787 1122 3037 1177 decorum
3062 1122 3277 1178 achaten
3307 1126 3667 1196 conspexeris,
3710 1110 3866 1197 [lluit.

674 1356 841 1411 quum
876 1336 1086 1392 codices
1104 1334 1372 1409 prebeant
1407 1351 1421 1388 ε
1466 1338 1694 1391 Ortacea
1723 1336 1846 1403 (hoc
1884 1352 1991 1390 rec.
2032 1334 2231 1405 Sillig.),

672 1416 942 1475 Ortlmcioe
957 1454 974 1481 ,
1005 1412 1283 1478 Hor-cacia,
1311 1412 1591 1485 legendum
1628 1411 1788 1467 fuerit
1817 1412 2084 1466 &abacia
2105 1422 2198 1467 aut

677 1491 1032 1567 Charmada]
1059 1523 1134 1536 -
1157 1493 1404 1547 Ceterum
1446 1490 1595 1546 facile
1618 1490 1811 1547 accidit
1837 1500 1899 1545 ut
1936 1491 2236 1545 inattentior

2322 1334 2539 1401 kihorat,
2561 1336 2617 1388 in
2634 1351 2741 1405 quo
2760 1333 3048 1389 Alexander
3064 1335 3327 1408 Persepoli
3355 1334 3619 1389 Ecbatana
3639 1337 3873 1408 proficis·

2319 1430 2441 1466 cens
2468 1413 2667 1467 venisse
2704 1413 2897 1467 dicitur
2928 1413 3103 1469 Tabas
3127 1434 3147 1466 .·
3174 1412 3426 1487 oppidum
3452 1425 3532 1468 est
3560 1412 3615 1466 in
3640 1417 3875 1469 Pam-ta·

2318 1508 2435 1543 cene
2456 1490 2665 1546 ultima.
2700 1492 2943 1546 Ceterum
2984 1491 3199 1546 ubinam
3226 1492 3464 1545 steterint
3508 1490 3671 1547 Gabai
3696 1494 3750 1546 in
3776 1493 3875 1549 hac

674 1570 879 1644 aliquis'
909 1574 1094 1627 Susam
1119 1573 1231 1626 sive
1273 1571 1496 1626 Granitn
1534 1570 1592 1626 fl.
1641 1572 1698 1625 in
1727 1570 2050 1625 notissimam
2094 1569 2232 1624 illam
2322 1570 2553 1640 regione,
2575 1587 2732 1642 quam
2761 1568 2937 1624 adhuc
2963 1571 3281 1641 incognitam
3309 1570 3485 1625 dicere
3501 1571 3638 1635 licet,
3664 1590 3761 1643 ego
3779 1591 3873 1627 ne·

673 1651 946 1707 Susianam
961 1650 1230 1720 regionem
1251 1648 1575 1705 transferret.
1594 1646 1756 1719 Quod
1771 1664 1952 1702 vereor
1975 1666 2042 1701 ne
2066 1647 2236 1703 Ptole-
2320 1649 2447 1705 scio.
2472 1647 2777 1703 Ptolemaeus
2793 1648 2965 1703 Gabas
2992 1650 3282 1704 Carmania
3310 1651 3505 1704 vicinas
3535 1649 3727 1705 faciens
3744 1650 3880 1707 duas

671 1747 810 1785 maeo
837 1731 916 1799 (6,
949 1729 1004 1799 3)
1031 1727 1298 1795 acciderit,
1318 1728 1409 1800 qui
1429 1728 1566 1782 inter
1583 1728 1766 1798 Tigrin
1785 1737 1838 1781 et
1859 1726 2094 1781 Eulaeum
2117 1726 2236 1779 Μω·
2318 1736 2574 1781 extremas
2594 1727 2819 1781 Persidis
2842 1739 3012 1801 partes
3046 1727 3346 1786 confundit.
3376 1730 3455 1783 Ne
3494 1728 3733 1784 &camus
3768 1730 3878 1785 sor-

674 1812 819 1860 σαῖον
858 1807 1122 1877 (Σουσαΐον
1132 1806 1180 1878 Ρ)
1209 1807 1262 1863 ss.
1307 1808 1458 1878 eique
1499 1803 1739 1877 adjacens
1779 1806 1939 1877 Γράαν
1981 1804 2232 1878 oppidum
2321 1814 2455 1859 tasse
2476 1804 2659 1860 alteras
2681 1805 2755 1860 ibi
2778 1805 2951 1860 Gabas
2974 1804 3159 1872 fixisse,
3177 1825 3243 1861 eo
3260 1806 3587 1879 impedimur
3606 1809 3751 1879 quod
3772 1810 3872 1865 alia

673 1885 913 1944 collocat.
939 1914 1012 1929 —
1029 1884 1192 1940 Gaboe
1217 1885 1272 1940 in
1301 1884 1490 1939 tabulis
1515 1884 1870 1957 geographicis
1907 1884 2034 1958 poni
2067 1883 2234 1937 solent
2318 1900 2527 1955 quoque
2550 1883 2607 1937 1ιι
2630 1882 2856 1937 eundem
2882 1893 3103 1938 tractum
3133 1883 3261 1938 salso
3284 1894 3719 1956 transponuntur.
3738 1888 3872 1943 Nam

673 1964 818 2020 haud
843 1966 916 2019 ita
935 1962 1088 2034 longe
1114 1962 1183 2017 ab
1210 1980 1304 2017 ora
1329 1964 1617 2031 maritima,
1639 1961 2026 2033 (hi-maniaeque
2043 1960 2233 2015 finibus
2318 1978 2476 2032 quem
2507 1960 2813 2033 Ptolemaeus
2841 1962 2915 2016 ibi
2942 1962 3100 2017 habet
3122 1964 3429 2019 Brisoauam
3458 1963 3707 2031 fluvium,
3730 1965 3875 2021 bunc

672 2045 948 2117 proxime.
976 2044 1062 2098 Sic
1087 2042 1230 2097 enim
1247 2038 1404 2112 jussit
1437 2040 1764 2099 Ptolomeus.
1796 2045 1867 2096 At
1892 2040 1991 2095 alia
2018 2038 2234 2093 suadere
2317 2038 2550 2093 occiduis
2587 2039 2811 2094 Persidis
2856 2038 3048 2094 finibus
3080 2041 3444 2113 propinquum
3480 2043 3616 2097 inter
3654 2046 3873 2099 Oroatin

673 2121 902 2177 debebat
929 2120 1117 2176 Strabo
1140 2122 1234 2192 qui
1259 2120 1432 2175 Gabas
1461 2118 1511 2175 ἐν
1553 2122 1658 2184 τοῖς
1683 2117 1907 2192 ἀνωτέρω
1941 2138 2033 2174 που
2073 2119 2235 2191 μέρεσι
2317 2126 2371 2170 et
2394 2118 2783 2188 Rhogomanem
2808 2116 3113 2189 ponendum
3136 2115 3294 2172 fuisse
3316 2137 3347 2173 e
3367 2118 3609 2173 Nearcho
3629 2130 3683 2175 et
3702 2122 3877 2178 Plinio

671 2204 760 2269 τῆς
801 2199 1034 2273 Περσίδος
1079 2197 1237 2253 fuisse
1277 2198 1438 2266 dicit,
1485 2196 1619 2253 adeo
1656 2208 1718 2252 ut
1741 2197 1798 2251 in
1829 2196 2021 2253 boreali
2057 2197 2232 2269 potius

671 2280 902 2335 Persidis
929 2289 1077 2351 parte
1103 2277 1398 2351 quaerendae
1424 2296 1536 2331 esse
1567 2277 1861 2334 videantur.
1895 2276 2044 2331 Idem
2069 2276 2231 2330 discr-

672 2362 775 2413 tius
799 2360 956 2413 etiam
983 2370 1135 2433 poeta
1161 2368 1340 2413 noster
1366 2357 1584 2413 indicat.
1613 2360 1668 2413 Is
1691 2359 1834 2413 enim
1859 2374 2023 2430 quum
2049 2359 2232 2411 Persas

676 2438 931 2493 trifariam
963 2438 1162 2493 divisos
1187 2444 1300 2492 oes'e
1325 2449 1565 2503 moneat,
1586 2436 1777 2493 deinde
1805 2456 1929 2493 vero
1947 2438 2047 2490 tria
2065 2452 2232 2509 popu-

679 2519 854 2574 lorum
883 2518 1098 2573 nomina
1124 2526 1381 2589 apponat,
1409 2527 1588 2588 aperte
1615 2516 1727 2571 haec
1753 2519 1824 2572 ita
1849 2517 1986 2571 inter
2006 2533 2061 2568 se
2086 2532 2231 2569 com·

671 2598 796 2670 poni
837 2596 1030 2662 voluit,
1079 2606 1140 2650 ut
1181 2595 1342 2649 Taoci
1391 2604 1564 2648 essent
1609 2595 1886 2660 maritimi,
1933 2591 2232 2665 Pasargadae

675 2674 959 2748 μισ-ἤπειροι
974 2714 991 2741 ,
1017 2672 1179 2728 Gahae
1211 2684 1386 2728 autem
1409 2671 1681 2745 παρήμενοι
1703 2672 1862 2746 οὔρεσι
1883 2674 2090 2741 Μήδων.
2112 2674 2232 2727 Huc

670 2752 871 2808 accedit
897 2752 1044 2826 quod
1071 2748 1297 2819 Γαὸηνὴν
1323 2768 1418 2805 seu
1445 2750 1690 2820 Γαὸιηνὴν
1731 2770 1826 2807 seu
1865 2748 2106 2819 Γαὸιανὴν
2145 2770 2230 2805 re·

665 2833 874 2902 gionem
888 2834 944 2885 in
961 2829 1161 2885 Susidis
1183 2840 1238 2883 et
1258 2828 1490 2884 Persidis
1504 2831 1800 2903 Mediaeque
1816 2830 2058 2885 confiniis
2079 2832 2230 2884 sitam

667 2909 826 2964 fuisse
867 2910 1110 2963 novimus
1133 2926 1198 2963 ex
1238 2907 1496 2963 Strabone
1537 2927 1592 2982 p.
1625 2909 1727 2980 745
1769 2909 1914 2977 (634,
1964 2926 2027 2981 ¹9
2053 2908 2228 2977 Did.)‚

665 2987 930 3045 Plutarch.
972 2990 1198 3043 Eumen.
1229 3005 1278 3043 c.
1318 2987 1404 3051 15,
1448 2986 1680 3059 Polyaen.
1711 2991 1768 3052 4,
1806 2993 1860 3053 6,
1891 2988 1976 3052 ι3,
2003 2986 2228 3043 Diodor.

673 3084 758 3137 19,
788 3072 878 3133 26,
916 3085 939 3121 1
975 3078 1028 3121 et
1055 3068 1144 3135 37,
1184 3070 1238 3131 4.
1267 3064 1574 3121 Secundum
1617 3065 1930 3121 Strabonem
1971 3064 2229 3129 Gabiene,

666 3146 803 3199 sicut
821 3144 1189 3209 Massabatice,
1222 3143 1465 3216 Elymaeae
1485 3154 1600 3197 erat
1628 3144 1928 3215 provincia,
1954 3161 2049 3218 per
2072 3162 2232 3216 quam

667 3241 699 3275 e
724 3222 912 3277 Suside
947 3224 1004 3276 in
1031 3222 1316 3293 Elymteam
1339 3220 1548 3292 patebat
1569 3220 1779 3287 aditus,
1820 3239 1882 3275 ea
1906 3220 2050 3275 baud
2075 3220 2236 3275 dubie

669 3302 752 3354 via
784 3318 890 3372 qua
917 3318 1060 3354 nunc
1086 3318 1117 3352 a
1137 3298 1334 3368 Dizsal
1359 3298 1492 3351 urbe
1510 3297 1662 3369 juxta
1689 3298 1883 3369 Dizsul
1915 3300 2131 3353 fluvium
2155 3300 2237 3353 sel

671 3395 704 3431 a
725 3370 972 3435 Schmter
993 3377 1124 3432 urbe
1141 3376 1295 3448 juxta
1323 3380 1518 3431 Kumn
1545 3375 1602 3431 ss.
1628 3376 1684 3429 in
1704 3378 1957 3431 Lar-istan
1972 3378 2234 3447 regionem

671 3456 1208 3525 penetratur.1taque
1231 3454 1501 3516 Gabiena,
1531 3469 1692 3523 quam
1712 3454 1958 3525 ποταμοὺς
1979 3454 2061 3507 καὶ
2081 3456 2238 3526 χαρά·

677 3531 796 3601 δρας
833 3530 1114 3593 δυσεξόδους
1151 3530 1399 3585 habuisse
1446 3530 1732 3585 Diodorus·
1751 3532 1943 3599 refert,
1979 3551 2240 3605 quamque

678 3627 788 3663 non
838 3610 1066 3664 multum
1110 3610 1245 3663 ultra
1294 3608 1434 3663 mille
1471 3607 1641 3663 stadia
1677 3619 1971 3682 porrectam
2017 3609 2172 3665 fuisse
2208 3630 2238 3667 e

677 3687 961 3743 Plutarcho
981 3687 1236 3743 discimus
1251 3726 1268 3752 ,
1290 3686 1428 3742 iutra
1448 3688 1841 3743 Massabaticam
1861 3687 1984 3742 inde
2005 3706 2038 3743 a
2060 3688 2288 3746 Καί-α

677 3768 844 3823 fluvio
869 3785 1048 3822 versus
1073 3778 1254 3821 ortum
1273 3784 1439 3839 usque
1455 3766 1524 3820 ad
1541 3768 1866 3841 superiorem
1885 3770 1947 3823 Κ
1947 3786 2077 3821 mn
2092 3767 2237 3821 fluvii

680 3856 886 3919 partem
911 3848 1225 3920 pertinuisse
1249 3844 1477 3900 videtur.
1495 3848 1670 3918 Prope
1699 3846 1856 3900 istum
1881 3850 2068 3902 Kumu
2093 3846 2238 3900 fluvii

681 3942 898 3980 cursum
933 3925 1258 3997 superiorem
1283 3942 1352 3978 cx
1376 3923 1694 3978 Rawliusoni
1716 3925 1970 3979 sententia
1998 3924 2087 3996 (V.
2125 3925 2237 3978 Rit-

2318 2204 2535 2251 constat.
2582 2198 2748 2251 Porro
2770 2212 2888 2267 quae
2908 2214 2939 2251 a
2962 2196 3167 2252 Gabaeis
3202 2214 3380 2251 versus
3420 2196 3695 2253 meridiem
3721 2198 3875 2271 juxta

2318 2293 2467 2330 oram
2490 2286 2763 2348 ponuntur
2782 2275 2935 2339 ostia
2956 2294 3080 2350 opp.
3113 2287 3165 2331 et
3188 2276 3395 2340 Οἷιζαΐοι
3420 2279 3521 2348 (sic
3544 2279 3687 2333 euim
3704 2278 3875 2351 legen-

2316 2352 2479 2422 dum3
2504 2355 2615 2419 τοὺς
2649 2354 2907 2419 Σουζαίους
2931 2354 3116 2422 codd„
3156 2355 3355 2427 editt.),
3377 2367 3557 2428 aperte
3581 2368 3709 2413 sunt
3736 2360 3875 2415 Uxia

2316 2444 2370 2489 et
2401 2436 2528 2491 Uxii
2565 2436 2658 2509 qui
2692 2434 2829 2490 infra
2870 2435 3144 2491 Gabienen
3186 2434 3336 2491 sedes
3394 2436 3681 2495 habebant.
3728 2442 3877 2508 Qua-

2317 2525 2532 2586 propter
2568 2516 2743 2569 nescio
2780 2532 2847 2569 an
2888 2524 3057 2569 cetera
3086 2532 3299 2587 quoque
3329 2515 3443 2570 loca
3470 2516 3525 2571 in
3558 2516 3872 2573 Gahaeorum

2320 2592 2509 2647 vicinia
2538 2594 2818 2658 recensita,
2865 2592 3109 2659 Δῦσινζα,
3140 2594 3324 2659 Κίννα,
3356 2594 3617 2665 Παρόδανα
3641 2615 3750 2651 non
3790 2598 3871 2652 di·

2320 2690 2466 2727 versa
2491 2673 2595 2727 sint
2619 2672 2687 2727 ab
2708 2674 2771 2725 iis
2794 2691 2913 2745 quae
2934 2673 3109 2745 paullo
3142 2674 3292 2728 aliter
3328 2673 3606 2730 efformata
3632 2675 3792 2731 habes
3820 2680 3874 2731 in

2318 2747 2585 2821 Elymaide
2615 2765 2630 2803 z
2660 2747 2887 2817 Ἄλινζα,
2917 2748 3190 2821 Κῐμὸιννα,
3221 2748 3525 2822 παράχανα.
3560 2750 3583 2821 ΙΙ
3608 2780 3683 2793 -
3716 2770 3875 2823 1070.

2318 2826 2365 2880 δ’
2389 2846 2469 2901 eq,
2497 2827 2549 2882 δὲ
2574 2827 2761 2881 ναίουσι
2787 2827 2967 2885 LNbr.
2996 2829 3262 2899 11—1071.
3286 2829 3661 2900 περιπιαίνοοσιν
3682 2834 3741 2887 K
3740 2870 3757 2897 ,
3788 2852 3873 2887 πε·

2320 2905 2636 2977 ριπιαίνονται
2663 2910 2704 2960 C
2717 2925 2793 2962 m.
2818 2923 2904 2978 pr.
2939 2907 3219 2977 11—1072.
3244 2908 3490 2961 σκολιοΐσι
3514 2907 3645 2971 Nbr,
3676 2908 3869 2963 ἱλισσό.

2322 3004 2461 3056 μενοι
2484 2989 2633 3041 Aca·
2634 2988 3053 3042 GHKLMNOY
3050 2990 3114 3041 Χ
3116 2985 3423 3055 chgkmst,
3446 2985 3571 3041 sort.
3599 2990 3869 3059 recten—

2314 3063 2479 3133 1073.
2517 3062 2571 3118 δὲ
2590 3081 2697 3118 orn.
2722 3067 2804 3127 H,-
2833 3062 3006 3136 Κόρυς]
3046 3068 3204 3134 6)·ηυ
3230 3066 3441 3130 Avicn...
3464 3065 3615 3138 Κύρος
3636 3066 3877 3140 (Kar-ub

2322 3141 2503 3211 hodie)
2514 3141 2701 3197 Strabo
2715 3160 2771 3215 p.
2793 3158 2919 3214 7²93
2942 3144 3074 3197 male
3092 3142 3310 3216 quidam
3334 3145 3439 3197 huc
3462 3145 3678 3199 trahunt
3696 3146 3875 3219 Κύριον

2324 3219 2534 3289 (δολίαν
2574 3219 2695 3277 [tud
2730 3219 2920 3293 hott),
2956 3239 3115 3293 quem
3152 3224 3441 3276 Carmania!
3480 3224 3701 3279 fluvium
3744 3223 3877 3281 dicit

2323 3298 2628 3353 Ptolemaeus
2640 3303 2693 3365 6,
2716 3302 2835 3366 8,ss
2848 3300 3060 3363 Χοάσπις
3076 3299 3704 3372 ooNYXbeq.n—1o74.
3726 3300 3875 3357 Ἰνδοὶ

2328 3380 2383 3441 0,
2410 3374 2549 3431 Ἰνδῶ
2559 3378 2627 3442 G,
2646 3374 2819 3431 Ἰνδῶν
2828 3380 2999 3447 ΗΜος
3008 3379 3277 3449 παραρείων
3298 3378 3605 3449 τεχθ.Σουο.
3629 3384 3705 3443 At-
3714 3382 3874 3451 χθόνα

2322 3453 2463 3526 ῥείων
2478 3454 2673 3509 Σούσων
2697 3455 2925 3513 LNObr.
2946 3456 3029 3513 Cf.
3056 3454 3319 3511 Nicander
3329 3456 3492 3513 Ther.
3511 3459 3615 3527 890
3637 3473 3651 3511 ε
3674 3459 3798 3511 ὄσσα
3828 3460 3873 3511 0’

2324 3532 2404 3588 ὑπ’
2439 3530 2595 3587 Ἰνδὸν
2620 3536 2784 3607 χεῦμα
2807 3532 3188 3605 πολυφλοίσὸοιο
3213 3533 3465 3587 Xoana-mim.
3502 3535 3764 3607 Choaspes
3794 3537 3873 3609 (v,

2325 3609 2511 3665 Strabo
2538 3628 2593 3683 p.
2624 3616 2726 3683 697
2765 3621 2819 3666 et
2854 3612 3066 3666 Curtius
3094 3615 3146 3675 8,
3186 3615 3274 3682 ιο)
3309 3611 3475 3665 Indioe
3504 3612 3693 3667 fluvius
3730 3613 3872 3669 haud

2326 3707 2570 3762 magnus,
2590 3708 2747 3763 quem
2770 3691 2857 3747 alii
2879 3690 3027 3745 aliter
3051 3692 3325 3745 nominant
3343 3693 3419 3761 (v.
3440 3701 3569 3746 tom.
3599 3708 3648 3756 1,
3666 3710 3723 3765 p.
3744 3694 3871 3762 3ι3,

2325 3787 2379 3839 7,
2393 3780 2505 3823 not.
2510 3772 2551 3839 ),
2568 3770 2917 3843 eParapaniso
2935 3768 3237 3841 (Parnaso)
3222 3788 3275 3822 ιιι
3295 3769 3597 3842 Cophenern
3620 3770 3825 3838 influit3
3811 3791 3874 3825 ·a

2325 3848 2638 3921 quibusdam
2650 3860 2821 3903 autem
2835 3848 3140 3923 geographis
3156 3866 3264 3902 non
3283 3847 3519 3902 diversus
3531 3865 3642 3903 esse
3653 3848 3875 3905 habeba·

2326 3937 2416 3982 tur
2429 3946 2462 3983 a
2474 3926 2709 4000 Choaspe
2718 3928 2948 3983 Susiane
2960 3925 3251 3999 Mediaeque
3261 3927 3449 3993 fluvio,
3463 3938 3521 3980 ut
3546 3938 3736 3999 praeter
3747 3922 3877 3983 Dio-

2325 4006 2548 4103 nysium·
2553 4016 2607 4061 et
2628 4005 2951 4062 Nicandrum
2967 4006 3167 4061 indicat
3189 4006 3489 4063 Aristoteles
3505 4006 3792 4079 (Meteorol.
3818 4028 3868 4074 1,

2329 4084 2437 4155 13),
2458 4088 2549 4157 qui
2572 4086 2707 4140 inter
2724 4102 2935 4157 magnos
2953 4086 3140 4140 fluvios
3156 4104 3187 4140 e
3203 4088 3430 4140 Parnaso
3442 4086 3668 4141 orientes
3684 4098 3877 4159 praeter

2324 4163 2517 4218 Indum
2544 4175 2598 4219 et
2625 4167 2835 4220 Araxen
2861 4176 2915 4220 et
2939 4166 3179 4220 Bactrum
3206 4166 3363 4220 etiam
3390 4164 3679 4237 Choaspem
3701 4170 3876 4221 nomi-

2324 4254 2431 4300 nat.
2459 4243 2739 4299 Scholiasta
2762 4243 2843 4298 vel
2885 4255 3069 4300 auctor
3108 4243 3220 4316 ejus
3233 4284 3250 4311 ,
3274 4243 3341 4299 de
3367 4262 3527 4298 cursu
3552 4243 3743 4297 horum
3771 4246 3872 4298 ssu-

2324 4322 2527 4377 viorum
2566 4322 2782 4378 meliora
2818 4323 3063 4391 edoctus,
3109 4334 3340 4378 veterem
3391 4322 3583 4377 samam
3626 4341 3692 4377 eo
3736 4326 3873 4379 tueri

2322 4399 2497 4455 studet
2515 4441 2530 4466 ,
2558 4401 2703 4474 quod
2724 4401 3015 4476 Choaspem
3038 4404 3303 4458 Persicum
3322 4402 3386 4455 δι’
3409 4399 3607 4469 ἀδήλων
3629 4420 3691 4455 ex
3720 4402 3872 4457 India

686 4012 789 4059 ter.
815 4015 948 4059 tom.
981 4022 1035 4076 9,
1077 4020 1134 4077 p.
1164 4004 1292 4073 3ι4)
1320 4004 1494 4057 extitit
1523 4002 1705 4057 Dianae
1741 4000 1992 4074 templum
2019 4001 2162 4073 quod
2182 4003 2238 4057 in

684 4081 962 4155 Elymaide
986 4081 1284 4140 Antiochus
1323 4082 1622 4155 Epiphanes
1657 4082 1883 4154 expilare
1924 4081 2087 4136 voluit
2101 4121 2116 4149 ,
2147 4099 2239 4135 cu-

674 4158 870 4232 jusque
913 4162 1083 4215 ruina
1131 4178 1279 4214 nunc
1338 4170 1592 4214 vocantur
1646 4158 1910 4231 Mad-esicii
1952 4160 2241 4217 Luleimani

682 4243 912 4309 Buzurg.
943 4242 1061 4294 Hoc
1087 4239 1132 4293 si
1153 4250 1234 4293 αι
1248 4278 1265 4305 ,
1300 4238 1623 4295 Antiochum
1651 4256 1746 4311 per
1768 4238 2032 4293 Gabiencn
2059 4257 2122 4293 eo
2153 4258 2240 4293 ve·

681 4320 820 4373 nisse
836 4359 853 4388 ‚
879 4328 931 4373 et
947 4358 964 4385 ,
993 4336 1160 4390 quum
1187 4317 1426 4391 repulsus
1447 4316 1676 4372 reditum
1704 4318 1760 4371 in
1793 4317 2123 4389 Babyloniam
2157 4320 2238 4372 in-

679 4397 918 4451 stitueret
953 4398 1210 4467 (Maccab.
1249 4414 1300 4464 1,
1332 4401 1385 4463 6,
1413 4398 1444 4450 5
1473 4414 1488 4451 :
1516 4396 1695 4469 ἀπῆρεν
1725 4394 2014 4470 ἀποστρέψαι
2047 4397 2110 4461 εἰς
2136 4398 2233 4452 Βα-

683 4476 924 4550 eumn),
960 4496 1054 4551 per
1091 4478 1314 4532 eandem
1345 4477 1668 4551 provinciam
1700 4494 1810 4530 sese
1847 4476 2098 4547 recepisse
2127 4479 2232 4531 veri

680 4566 761 4611 est
781 4557 1126 4613 simillimum.
1157 4559 1267 4611 Vix
1296 4559 1456 4629 igitur
1479 4556 1643 4621 fallor,
1669 4554 1810 4627 apud
1835 4555 2106 4627 Polybium
2143 4556 2230 4621 31,

2321 4480 2377 4535 in
2402 4481 2665 4535 Persidem
2684 4482 2848 4536 fluere
2872 4492 3049 4537 censet
3066 4524 3083 4552 ‚
3111 4482 3247 4536 sicut
3272 4481 3459 4535 similia
3481 4480 3549 4535 de
3566 4481 3679 4535 aliis
3699 4482 3873 4536 fluviis

2321 4558 2747 4632 perhibebantur.
2768 4562 2875 4615 Ista
2902 4558 2970 4614 de
2997 4560 3235 4633 Choaspe
3260 4558 3433 4613 sabula
3460 4559 3515 4614 in
3538 4576 3691 4613 causa
3715 4557 3873 4613 fuisse

687 4652 773 4703 11,
799 4638 853 4701 3,
877 4637 970 4691 ubi
989 4636 1176 4708 legitur
1197 4653 1212 4691 ε
1235 4635 1503 4709 ἀναχωρῶν
1527 4634 1578 4690 ἓν
1596 4636 1775 4699 'mem
1793 4632 1974 4697 ἐξέλιπε
1996 4634 2080 4689 τὸν
2105 4636 2232 4707 βίον,
2322 4636 2485 4691 videri
2512 4640 2675 4710 possit
2696 4656 2791 4693 cur
2813 4637 3275 4693 Pseudo-Etbicus
3302 4635 3622 4707 Euphratem
3657 4653 3873 4708 quoque

682 4732 782 4788 pro
812 4716 994 4779 Τάὸαις
1027 4713 1394 4787 reponendum
1432 4732 1542 4768 esse
1583 4731 1796 4768 censens
1837 4712 2028 4775 Γάὸαις.
2060 4716 2232 4781 Quam

681 4794 868 4848 urbem
905 4793 1152 4867 Polybius
1185 4804 1240 4848 et
1267 4795 1547 4865 Dionysius
1572 4790 1770 4847 Persidi
1799 4791 2068 4855 tribuunt,
2099 4794 2235 4846 sicut

2322 4717 2376 4769 in
2401 4716 2553 4771 India
2576 4719 2715 4771 nasci
2744 4716 2957 4771 diceret.
2984 4716 3085 4770 Sed
3118 4734 3181 4770 ea
3222 4716 3403 4787 opinio
3436 4715 3611 4785 potius
3644 4731 3677 4768 a
3716 4713 3871 4766 Chri-

2322 4795 2501 4849 stianis
2518 4794 2795 4867 repetenda
2810 4793 2968 4847 suerit
2985 4833 3000 4858 ,
3017 4794 3109 4865 qui
3128 4810 3294 4864 quum
3318 4791 3636 4862 Euphratem
3663 4808 3693 4842 e
3716 4790 3871 4843 Para·

681 4872 738 4925 in
762 4872 1002 4929 Maccab.
1026 4871 1064 4929 l.
1090 4871 1128 4928 l.
1155 4874 1266 4945 ipsa
1293 4873 1458 4927 etiam.
1475 4871 1703 4943 Elymais
1729 4880 1810 4925 est
1837 4868 1886 4925 ἐν
1914 4874 1978 4943 τῇ
2003 4871 2231 4942 Περσίδι,
2322 4871 2438 4927 diso
2463 4874 2624 4927 fluere
2661 4873 3002 4944 accepissent,
3041 4870 3346 4925 Paradisum
3376 4887 3499 4923 vero
3536 4869 3591 4921 in
3619 4870 3871 4923 Armenia

679 4960 734 5002 et
753 4968 840 5022 ap.
861 4952 1201 5006 Ptolemaeum
1221 4950 1302 5004 vel
1318 4951 1672 5005 Massabatene
1696 4948 1898 5004 Persidi
1920 4949 2231 5014 vindicatur,
2322 4950 2659 5021 quarendum
2685 4969 2795 5005 esse
2818 4961 3069 5021 negarent
3084 4992 3098 5015 ,
3130 4949 3347 5003 fluvium
3376 4950 3535 5003 istum
3564 4966 3626 5001 ex
3654 4949 3875 5003 Oriente

677 5032 918 5099 quamvis
945 5031 1002 5085 id
1043 5032 1114 5084 ita
1145 5030 1239 5085 fiat
1263 5041 1324 5085 ut
1361 5028 1430 5083 de
1468 5047 1588 5083 sera
1628 5046 1721 5083 sua
1757 5028 1880 5082 sede
1907 5028 2232 5087 deturbetur.
2324 5029 2665 5085 invisibiliter
2687 5033 2770 5101 (ut
2788 5030 2862 5083 ait
2878 5031 3071 5099 Geogr.
3096 5032 3226 5084 Rav.
3250 5046 3305 5099 p.
3336 5031 3437 5099 744
3478 5026 3566 5082 cd.
3592 5028 3760 5081 Gron.
3765 5032 3785 5095 )
3814 5031 3872 5081 in

674 5107 877 5161 Eadem
923 5108 1052 5162 urbs
1078 5108 1222 5180 apud
1261 5108 1598 5163 Ptolemaeum
1639 5107 1832 5175 Γαὸήνα
1871 5118 2102 5173 vocatur,
2143 5109 2234 5161 sed
2324 5108 2622 5162 Armeniam
2644 5107 2767 5163 ferri
2790 5107 3086 5162 censebant.
3118 5107 3286 5161 Aliam
3315 5105 3542 5161 fabulam
3570 5105 3639 5159 de
3662 5108 3871 5177 naviga-

673 5202 952 5257 perperam
975 5205 1006 5240 a
1030 5186 1190 5241 borea
1217 5186 1502 5260 Elymaidis
1527 5190 1759 5260 ponitur,
1789 5188 1876 5240 vix
1904 5192 2006 5246 400
2029 5186 2096 5240 ab
2135 5189 2232 5241 Ec·
2324 5188 2466 5241 tione
2489 5204 2552 5240 ex
2591 5185 2773 5258 Cydno
2798 5185 2992 5240 Ciliciae
3018 5185 3178 5238 fluvio
3210 5185 3263 5237 in
3298 5184 3589 5257 Choaspcm
3632 5184 3867 5238 instituta

672 5262 878 5320 baianis
903 5265 1103 5319 distans
1127 5266 1314 5323 stadia.
1346 5266 1548 5322 Eodem
1572 5277 1744 5321 autem
1769 5266 1894 5320 vitio
1920 5283 2026 5338 quo
2052 5266 2106 5319 in
2134 5268 2236 5320 Po·
2324 5265 2685 5319 Eratosthenes
2707 5264 2862 5318 refert
2879 5282 2961 5336 ap.
2980 5262 3219 5317 Strabon.
3233 5280 3289 5335 p.
3308 5267 3397 5333 47.
3408 5261 3666 5332 ΙΙ-ιο75.
3680 5263 3739 5315 ἃν
3754 5280 3865 5317 om.

669 5342 800 5399 lvbii
847 5342 996 5399 libris
1051 5344 1212 5406 Τάδας
1269 5346 1474 5415 legitur,
1518 5346 1673 5399 etiam
1714 5346 1924 5399 Curtius
1975 5345 2026 5409 5,
2071 5345 2158 5409 35,
2202 5360 2235 5398 2
2321 5346 2371 5396 E
2377 5343 2683 5409 HLMbdrt
2710 5343 2985 5414 πλευροῖσιν
3012 5346 3088 5406 F,·
3122 5340 3295 5416 tems.
3320 5340 3403 5397 cf.
3426 5339 3622 5394 Plinius
3646 5340 3732 5411 37,
3770 5340 3857 5394 56.
