4584 6284
656 453 824 534 xxxij
1977 459 2557 522 rnonneomsm
2578 545 2591 556 ο

652 585 806 650 tisve
844 605 881 650 e
921 587 1106 651 codd.
1139 590 1190 650 L
1217 593 1283 652 et
1316 588 1403 665 Q,
1435 589 1543 671 qui
1579 589 1662 652 ad
1706 589 1872 654 edita
1921 591 2207 671 proxime

649 675 974 738 accedunt.
990 674 1236 740 Utilitas
1250 677 1388 758 ejus
1409 677 1742 759 perexigua
1761 683 1874 742 est.
1890 678 2089 742 Aliter
2107 698 2207 743 res

646 763 712 826 in
763 762 1018 827 scholiis
1065 762 1256 828 habet
1270 810 1292 842 ,
1324 782 1596 847 quorum
1641 785 1782 848 pars
1832 785 1910 830 ex
1952 767 2208 850 optimis
2318 813 2322 816 -

644 851 920 916 fontibus
975 850 1309 916 conducta.
1345 855 1577 918 Eorum
1621 855 1918 919 nonnulla
1964 874 1998 918 e
2041 855 2208 919 eodi-

642 939 822 1004 cibus
893 939 1196 1004 Parisinis
1251 947 1505 1023 accepta
1577 942 1775 1005 edidit
1834 942 2204 1020 Hudsonus3

639 1028 827 1110 longe
874 1027 1149 1110 plurima
1177 1047 1212 1092 e
1240 1029 1490 1094 schedis
1532 1029 1932 1098 Bredovianis
1963 1031 2209 1096 edenda

638 1117 1368 1268 crdiidavdituglernhardyus,
1399 1119 1626 1204 quibus
1653 1140 1809 1186 nova
1835 1122 2071 1205 passim
2089 1141 2205 1187 nos

639 1224 675 1269 a
767 1227 789 1270 1
924 1225 1020 1270 us.

657 1316 662 1324 ·
717 1295 1077 1360 Eustathius
1123 1295 1189 1359 in
1231 1297 1698 1362 commentariis
1740 1297 1902 1378 suis,
1929 1314 2203 1381 quorum

639 1383 720 1447 de
758 1384 1001 1450 ratione
1045 1383 1181 1466 ipse
1226 1383 1293 1449 in
1338 1383 1664 1465 praemissa
1708 1384 1972 1466 epistola
2015 1402 2202 1466 expo·

637 1473 763 1544 suit
806 1471 907 1557 (1),
951 1491 1078 1537 non
1110 1471 1418 1556 acquievit
1458 1472 1522 1536 in
1557 1473 1892 1537 afferendis
1934 1491 2078 1558 quae
2123 1469 2203 1535 ad

635 1561 1008 1642 penitiorem
1035 1559 1436 1642 Periegeseos
1463 1560 1943 1642 intelligentiam
1989 1578 2202 1624 neces-

635 1647 795 1711 saria
823 1667 958 1712 esse
978 1647 1362 1731 viderentur,
1388 1649 1501 1713 sed
1524 1650 1799 1714 carmine
1825 1648 2201 1731 Dio'nysiano

633 1735 811 1816 quasi
876 1734 1284 1800 fundamento
1343 1735 1541 1800 utitur
1606 1737 1709 1801 cui
1787 1737 2200 1818 largissimam

629 1841 840 1888 rerum
886 1823 1452 1906 geographicarum
1496 1825 1779 1908 copiam,
1821 1845 1857 1888 e
1899 1825 2196 1890 Strabone

628 1911 897 1976 maxime
939 1917 1006 1976 et
1031 1912 1352 1994 Stephano
1391 1913 1716 1996 Byzantio,
1747 1912 1977 1994 partim
2009 1911 2200 1976 etiam

628 2018 708 2062 ex
763 2001 1120 2079 Herodoto,
1177 2001 1481 2076 Arriano,
1535 2001 1876 2066 Ptolemaeo
1935 2000 2198 2083 aliisque

625 2090 945 2155 nonnullis
990 2090 1326 2155 collectam
1344 2137 1361 2170 ,
1409 2095 1898 2173 superstrueret,
1932 2088 2090 2154 adeo
2125 2095 2199 2152 ut

629 2196 789 2260 opus
817 2179 953 2258 ejus
982 2177 1065 2241 sit
1098 2178 1277 2263 quasi
1307 2188 1514 2260 μακρᾶς
1541 2199 1674 2248 τινος
1711 2177 2040 2260 γιωγραφίας
2065 2176 2194 2238 ὑπό·

627 2268 799 2348 κρισίς
835 2292 892 2328 τε
931 2267 1026 2330 καὶ
1061 2269 1320 2342 νόθευσις,
1345 2266 1629 2352 quamvis
1655 2265 1721 2330 id
1748 2265 1956 2350 ipsum
1982 2267 2195 2329 Eusta-

627 2355 799 2420 thius
855 2359 950 2437 (p.
1003 2357 1146 2438 205)
1199 2354 1534 2439 negaverit.
1589 2355 1768 2419 Haud
1829 2360 2193 2418 cunctanter

623 2450 839 2505 tamen
919 2441 1329 2507 concedimus
1400 2461 1654 2526 operam
1725 2441 2188 2507 Eustathianam

627 2529 867 2611 optimo
895 2529 1164 2594 consilio
1200 2536 1553 2613 susceptam
1579 2537 1766 2613 atque
1806 2529 1862 2592 ei
1903 2527 2011 2611 qui
2037 2533 2187 2592 tunc

626 2623 760 2680 erat
798 2619 1123 2683 literarum
1153 2626 1219 2683 et
1245 2618 1523 2684 scientias
1567 2617 1996 2700 geographica
2041 2635 2187 2681 con·

622 2707 846 2773 ditioni
873 2707 1066 2772 fuisse
1084 2705 1821 2772 accommodatissimam.
1839 2703 2021 2769 Unde
2039 2723 2180 2787 quae

619 2796 688 2858 in
727 2813 842 2858 nos
897 2795 1258 2859 etiamnunc
1307 2793 1643 2858 commoda
1693 2790 2082 2868 redundant,
2117 2793 2182 2856 in

616 2900 696 2948 eo
723 2881 995 2948 maxime
1018 2887 1365 2962 versantur,
1399 2881 1571 2968 quod
1610 2881 1972 2945 Eustathius
2014 2887 2182 2944 vetu-

615 2971 838 3036 stiores
892 2971 1172 3055 Dionysii
1213 2970 1586 3054 interpretes
1633 2968 1853 3036 sedulo
1894 2969 2185 3034 adhibuit

613 3066 802 3142 atque
816 3058 1200 3142 Stephanum
1212 3058 1577 3141 Byzantium
1589 3058 1740 3140 legit
1752 3056 2180 3139 integriorem,

615 3147 844 3222 deinde
868 3166 1017 3213 vero
1048 3148 1295 3210 Arriani
1323 3147 1556 3212 scrinta
1574 3164 1742 3211 nunc
1764 3144 2092 3229 deperdita
2113 3145 2179 3209 in
2237 3141 2242 3144 ’

613 3253 768 3298 usus
794 3252 939 3299 suos
969 3234 1290 3298 convertit.

1199 3558 1604 3631 CODICES

637 3759 640 3762 ’
703 3733 1195 3825 DIONYSII
1259 3737 1402 3826 ET
1467 3736 2084 3833 EUSTATHII.
2197 3813 2205 3821 .

993 3915 1040 3977 1.
1083 3914 1404 3979 CODICES
1444 3917 1796 3981 PARISINI.

639 4066 705 4126 -1.
752 4061 826 4123 N.
856 4063 976 4125 388
995 4059 1430 4144 Supplementi
1459 4062 1660 4148 (nobis
1679 4067 1775 4145 A),
1797 4066 1951 4131 olim
1975 4067 2174 4132 codex

765 4147 1170 4226 Mutinensis,
1206 4169 1352 4215 saec.
1382 4153 1460 4220 X.
1495 4154 2044 4238 membranaceus,
2078 4157 2176 4222 fo-

769 4236 998 4300 liorum
1024 4239 1162 4301 112.
1189 4238 1408 4302 Insunt
1433 4259 1450 4301 ε
1473 4243 1532 4303 1.
1562 4243 1652 4304 De
1680 4243 1935 4307 Homeri
1963 4253 2174 4308 cento-

765 4325 971 4389 nibus.
1003 4328 1066 4390 2.
1094 4326 1354 4391 Homeri
1405 4335 1702 4394 centones
1744 4332 1995 4398 Patricii
2041 4334 2172 4417 epi-

771 4414 975 4497 scopi,
1005 4413 1306 4481 Eudociae
1334 4416 1628 4498 Augustas
1657 4424 1723 4482 et
1746 4421 1985 4486 Cosmae
2026 4422 2172 4486 Hie·

769 4503 1218 4586 rosolymitani.
1241 4509 1302 4570 3.
1323 4507 1557 4572 Versus
1583 4507 1662 4571 de
1685 4512 1972 4591 tempore
1998 4511 2169 4594 quod
2209 4517 2219 4576 l

765 4609 979 4656 coram
1009 4597 1327 4657 comatum
1365 4601 1430 4658 et
1454 4614 1492 4660 a
1518 4603 1695 4679 tergo
1722 4597 1967 4662 calvum
1993 4599 2168 4664 effin-

766 4680 952 4760 gitur.
969 4685 1032 4742 4.
1053 4681 1312 4744 Initium
1323 4684 1776 4765 paraphraseos
1793 4689 2170 4768 Perieqeseos

764 4769 1186 4850 Dionysiana,
1217 4788 1405 4833 unam
1441 4773 1666 4836 ‘codicis
1709 4779 1999 4855 paqinam
2028 4775 2162 4858 (sol.

622 4898 629 4909 -
765 4859 847 4920 u
869 4853 996 4941 vso)
1020 4859 1296 4939 implens.
1321 4863 1382 4922 5.
1410 4859 1784 4943 Theognidis
1820 4863 2167 4945 elegiacum

764 4963 1020 5010 carmen
1049 4965 1196 5010 cum
1213 4947 1729 5031 ²interpretatione
1749 4952 1941 5017 latina
1982 4953 2170 5017 inter-

621 5037 634 5052 '
760 5031 1001 5097 lineari.
1035 5036 1096 5098 7.
1128 5033 1376 5099 Coluthi
1409 5055 1664 5101 carmen
1691 5037 1768 5102 de
1816 5047 2000 5123 raptu
2045 5043 2170 5105 He-

659 5199 730 5266 (1)
765 5197 957 5254 Laudat
991 5199 1191 5254 eosdem
1223 5203 1276 5254 in
1311 5204 1641 5258 commentar.
1669 5205 1720 5258 in
1750 5209 1946 5260 Homer.
1986 5209 2161 5276 Odyss.

593 5283 646 5336 p.
683 5274 824 5336 ¹50²,
857 5273 935 5325 24.
971 5276 1112 5338 isse,
1149 5277 1227 5326 ιο.
1261 5278 1402 5341 1711,
1423 5281 1500 5328 eo.
1527 5281 1664 5342 me,
1693 5278 1847 5331 seed.
1869 5282 2009 5332 nom.

2459 590 2639 654 lenae.
2672 593 2730 653 8.
2770 591 2857 652 De
2904 589 3099 669 patria
3138 588 3419 652 Homeri.
3478 592 3537 654 9.
3574 591 3863 668 Dionysii

2458 676 2861 740 Alexandrini
2883 677 3041 738 orbis
3068 676 3386 756 descriptio
3433 693 3570 738 cum
3610 679 3858 738 interli-

2458 772 2636 827 neari
2670 765 3401 852 interpretationestatina.
3428 763 3598 826 Dixit
3624 763 3704 827 de
3734 765 3858 828 hoc

2459 850 2679 916 codice
2698 852 2768 912 E.
2794 850 3017 914 Miller.
3041 850 3107 914 in
3121 853 3318 931 Eloqe
3345 851 3423 913 de
3447 852 3511 913 la
3534 853 3860 918 Chevelurc

2467 939 2683 1022 (Paris,
2715 937 2917 1020 1840),
2951 957 3013 1020 p.
3048 944 3147 1003 14.
3192 937 3468 1020 Dionysii
3500 940 3852 1022 periegesin

2460 1045 2607 1091 cum
2659 1025 2842 1090 editis
2899 1026 3194 1102 contulit,
3246 1027 3572 1110 variasque
3617 1029 3857 1095 codicis

2459 1114 2799 1196 scripturas
2826 1114 3092 1178 enotavit
3116 1115 3229 1178 Th.
3260 1116 3505 1178 Pressel
3552 1115 3616 1179 in
3648 1119 3855 1181 Philo·

2456 1207 2575 1284 109.
2609 1209 2762 1266 tom.
2794 1207 2854 1280 3,
2889 1223 2951 1285 p.
2984 1206 3121 1268 345.

2336 1296 2395 1356 2.
2440 1293 2515 1355 N.
2560 1295 2712 1355 2771
2752 1287 2960 1375 (nobis'
2991 1290 3103 1375 B),
3145 1291 3692 1368 membranaceae,
3740 1311 3857 1358 sae-

2454 1381 2580 1444 culi
2627 1382 2753 1460 xu.
2794 1382 3007 1444 Insunt
3048 1400 3063 1442 τ
3097 1385 3155 1444 1.
3199 1379 3455 1445 Hesiodi
3495 1379 3857 1462 Theogonia

2453 1474 2515 1531 et
2530 1468 2738 1533 Procli
2756 1469 3325 1533 commentarius.2.
3345 1471 3629 1549 Dionysii
3647 1473 3855 1532 Perie-

2450 1563 2612 1638 9esis
2628 1556 2928 1640 usquead
2942 1573 3189 1620 versum
3211 1559 3391 1636 1065,
3406 1574 3552 1619 cum
3572 1556 3849 1621 scholiis.

2452 1645 2603 1709 Inde
2634 1664 2671 1709 a
2695 1664 2878 1710 versu
2908 1647 3029 1710 430
3057 1643 3313 1709 scholiis
3334 1643 3469 1726 iam
3490 1647 3856 1710 rarescenti-

2450 1733 2569 1797 bus
2602 1734 2895 1815 adjuncta
2915 1732 3330 1815 paraphrasis.

2329 1826 2389 1886 3.
2435 1823 2508 1885 Ν.
2540 1825 2696 1886 2723
2728 1820 2932 1906 (nobis
2967 1820 3075 1903 C),
3118 1821 3269 1886 olim
3315 1825 3388 1886 N.
3427 1825 3607 1901 2218,
3660 1840 3859 1887 mem·

2450 1911 2791 1976 branaceus
2838 1910 2905 1974 in
2928 1909 3082 1987 .sol.,
3132 1910 3401 1994 scriptus
3454 1929 3621 1976 anno
3668 1916 3849 1990 1282,

2449 2006 2653 2080 emtus
2680 2017 2844 2063 anno
2892 2002 3067 2064 1668.
3098 1998 3279 2064 Initio
3312 1999 3439 2064 duo
3466 1999 3617 2064 folia
3641 2001 3854 2066 avulsa

2448 2096 2611 2152 sunt.
2638 2088 2885 2153 Folium
2910 2088 3165 2152 tertium
3210 2088 3432 2171 incipit
3473 2088 3681 2156 verbis
3715 2109 3730 2152 ε
3758 2091 3854 2158 Εἰς

2442 2181 2531 2239 τὸν
2579 2179 2891 2261 Δυκοφρόνα
2942 2177 3133 2260 σχόλια
3180 2177 3431 2240 Ἰσαάκου
3476 2182 3851 2260 γραμματικοῦ

2440 2270 2533 2324 τοῦ
2575 2265 2821 2336 Τζίτζου.
2869 2263 3304 2345 Subscriptum
3354 2263 3587 2348 legitur
3632 2285 3647 2328 τ
3693 2265 3851 2328 Ἐτε-

2442 2353 2633 2426 λειώθη
2686 2355 2813 2434 μηνὶ
2862 2353 3069 2436 Ἰουλίῳ
3119 2353 3265 2424 ἔτους
3320 2355 3511 2438 ,ςψᾼ
3560 2355 3849 2418 Ceterum

2438 2440 2688 2505 turbato
2726 2441 3018 2506 foliorum
3050 2442 3275 2506 ordine
3304 2444 3539 2507 accidit
3568 2451 3641 2507 ut
3672 2444 3849 2507 scho-

2436 2527 2538 2590 liis
2566 2529 2702 2592 istis
2722 2529 2949 2595 inserta
2986 2531 3229 2612 legatur
3260 2531 3851 2612 Batrachomyoma-

2433 2615 2595 2679 chia.
2622 2615 2863 2682 Deinde
2890 2627 3238 2702 sequuntur
3264 2619 3409 2699 (fol.
3451 2621 3552 2701 79)
3578 2621 3844 2704 Oppiani

2434 2704 2801 2786 Cynegetica
2860 2723 3005 2770 cum
3064 2705 3323 2770 scholiis
3378 2706 3700 2771 nonnullis
3762 2707 3842 2770 ad

2432 2793 2780 2874 marginem
2823 2793 3077 2870 notatiS,
3123 2802 3187 2858 et
3221 2795 3329 2858 fol.
3373 2798 3455 2859 98
3492 2814 3507 2856 :
3554 2797 3847 2876 Dionysii

2435 2881 2798 2958 Perieyesis,
2828 2881 3005 2962 quus
3034 2880 3296 2962 singulis
3339 2879 3730 2961 segminibus
3772 2881 3838 2945 in

2434 2967 2717 3050 margine
2738 2971 2873 3031 tum
2896 2968 3293 3050 paraphrasis
3315 2969 3573 3033 scholiis
3607 2969 3842 3051 passim

2438 3055 2727 3120 distincta
2773 3063 2908 3120 tum
2984 3056 3290 3121 Eustathii
3344 3057 3841 3122 commentarius

2437 3143 2833 3224 adjiciuntur.

2313 3236 2375 3295 4.
2422 3234 2495 3296 Ν.
2546 3237 2705 3298 2855
2749 3231 2949 3314 (nobis
2996 3235 3279 3315 D),.saec.
3312 3238 3469 3314 XIII,
3506 3236 3839 3320 bombyci-

2438 3340 2575 3385 nuS.
2606 3324 2823 3385 Insunt
2858 3341 2874 3385 ε
2916 3325 2973 3386 1.
3010 3324 3329 3386 Eustachii
3376 3325 3834 3390 commentarii.

2432 3411 2493 3473 2.
2530 3411 2853 3490 Dionysius
2879 3427 3025 3472 cum
3054 3411 3443 3493 paraphrasi.

2314 3499 2373 3561 5.
2415 3497 2488 3561 N.
2538 3499 2697 3562 2852
2746 3495 2951 3579 (nobis
3000 3499 3099 3576 E),
3151 3517 3296 3564 saec.
3348 3501 3485 3563 XIII
3532 3500 3837 3572 ineuntis,
3916 3552 3923 3556 -

2436 3584 2923 3670 bombycinusin
2936 3589 3025 3664 8⁰,
3042 3584 3195 3650 olim
3216 3586 3557 3650 Mediceus.
3574 3589 3793 3653 Insunt
3819 3610 3833 3652 :

2432 3679 2490 3738 1.
2528 3677 2886 3756 Dionysius,
2928 3672 3170 3756 adjecta
3210 3673 3276 3737 in
3323 3675 3605 3756 margine
3656 3695 3839 3758 para-

2430 3763 2680 3845 phrasi,
2714 3763 2814 3827 cui
2846 3763 3133 3827 immixta
3174 3770 3319 3827 sunt
3359 3763 3623 3828 scholia.
3653 3764 3836 3829 Initio

2431 3850 2579 3914 folia
2622 3850 2742 3915 tria
2761 3898 2779 3932 ,
2825 3851 3053 3936 quibus
3099 3850 3380 3935 Dionysii
3414 3870 3629 3916 versus
3683 3857 3841 3918 1-37

2429 3939 2843 4016 continentur,
2878 3939 3107 4002 deinde
3131 3957 3281 4002 vero
3308 3938 3535 4003 folium
3564 3943 3643 4004 13
3672 3939 3843 4021 (Dio-

2428 4042 2562 4104 nys.
2589 4044 2645 4086 v.
2680 4023 2969 4106 198-220)
3003 4031 3069 4088 et
3098 4024 3321 4089 solium
3352 4028 3434 4090 20
3464 4025 3739 4109 (DionyS.
3773 4047 3833 4090 v.

2428 4113 2747 4192 384-416),
2788 4131 2931 4195 quae
2979 4112 3328 4194 perierant,
3378 4131 3572 4179 manu
3614 4133 3833 4179 recen·

2422 4201 2584 4265 tiore
2611 4202 2899 4284 suppleta
2925 4207 3087 4266 sunt.
3112 4235 3195 4250 -
3209 4206 3270 4266 2.
3304 4203 3668 4266 Eustochiae
3700 4202 3831 4288 (fol.

2422 4289 2698 4374 49-166).
2732 4290 3001 4354 Ultimus
3028 4290 3357 4375 quaternio
3386 4290 3648 4368 excidit;
3684 4293 3833 4355 sub-

2425 4378 2677 4442 stitutus
2718 4384 2816 4442 est
2842 4378 3168 4462 quaternio
3198 4397 3615 4462 papyraceus,
3647 4380 3827 4462 cujus

2421 4466 2699 4550 primum
2726 4468 2949 4532 folium
2978 4469 3106 4551 (fol.
3135 4467 3271 4552 166)
3301 4467 3582 4533 continet
3608 4469 3831 4533 ultima

2420 4555 2725 4620 Eustathii
2754 4562 2817 4621 et
2845 4557 2946 4620 his
2975 4557 3287 4638 subjectas
3315 4557 3513 4621 lineas
3540 4561 3645 4639 21,
3684 4577 3833 4641 quae

2422 4644 2849 4708 inscribuntur
2892 4665 2908 4708 2
2950 4644 3301 4726 Πλουτάρχου
3329 4646 3523 4724 ἐκλογὴ
3560 4647 3682 4726 περὶ
3720 4651 3831 4706 τῶν

2420 4733 2712 4794 ἀδυνάτων.
2735 4732 2946 4796 Prima
2966 4731 3156 4796 verba
3187 4753 3203 4794 ε
3234 4733 3392 4795 Κατὰ
3427 4738 3631 4815 πετρῶν
3674 4735 3824 4795 σπεί-

2424 4845 2552 4902 ρεις·
2580 4822 2793 4883 πλίνθον
2829 4821 3064 4890 nidva<-
3088 4823 3281 4902 δικτύῳ
3321 4821 3514 4899 ἄνεμον
3543 4827 3735 4905 Θηρᾷς·
3754 4825 3827 4891 εἰς

2420 4908 2772 4991 τετρυμμένον
2820 4908 2970 4971 πίθον
3021 4910 3254 4978 ἀντλεῗς·
3301 4913 3375 4980 εἰς
3424 4911 3565 4994 ὕδωρ
3609 4911 3825 4994 γράφεις

2422 5002 2542 5060 etc.

2259 5098 2270 5108 ·
2300 5089 2359 5151 6.
2404 5087 2480 5148 Ν.
2503 5089 2661 5152 2562
2688 5086 2889 5167 (nobis
2911 5087 3006 5168 F),
3036 5104 3180 5149 saec.
3204 5087 3360 5163 XIV,
3380 5086 3817 5169 bombycinus.

2418 5176 2635 5238 Insunt
2678 5194 2693 5237 τ
2735 5179 2864 5238 1-4.
2916 5173 3173 5239 Joannis
3219 5174 3425 5257 Glycis
3477 5181 3638 5258 patr.
3683 5193 3819 5239 ora·

2420 5264 2713 5329 tiuncu'lae
2750 5262 3059 5348 quaedam.
3111 5267 3170 5328 5.
3219 5264 3471 5329 Maximi
3520 5263 3823 5329 Planudis
