4584 6284
648 561 721 611 98
1874 548 2222 611 DIONYSII
2264 549 2634 612 BYZANTH

702 684 882 749 Quum
910 690 1084 733 autem
1108 680 1397 735 multorum
1418 680 1623 751 seriptis
1649 678 1937 733 celebretur
1953 676 2203 751 palatium

632 770 903 831 Hermum,
933 785 966 820 e
996 766 1173 821 multis
1206 766 1523 832 nonnullos,
1554 766 1647 839 qui
1683 766 1813 820 mihi
1834 764 1945 837 jam
1992 766 2207 820 veniunt

631 856 684 908 in
732 864 959 908 mentem
982 894 997 919 ,
1039 852 1279 908 asseram.
1373 854 1695 907 Sozomenus
1760 851 1848 924 (7,
1906 850 1974 926 5)
2024 852 2206 907 scribit

626 940 989 995 Theodosium
1032 958 1209 1011 regem
1276 938 1547 994 mandasse
1598 938 1911 1011 Demophilo
1960 939 2205 1011 praesecto

630 1028 871 1082 Arrianis
914 1024 1512 1098 Constantinopolitanis
1526 1064 1541 1090 ,
1586 1034 1643 1078 ut
1680 1034 1886 1079 curaoet
1922 1035 2113 1080 statuta
2144 1026 2200 1079 in

631 1113 859 1169 concilio
897 1114 1115 1167 Nica-no
1150 1130 1359 1167 servare
1378 1150 1394 1177 ,
1432 1122 1485 1165 et
1518 1110 1771 1185 populum
1810 1112 1863 1165 in
1890 1129 2056 1166 unum
2080 1129 2203 1167 con·

632 1221 844 1258 sensum
874 1202 1159 1267 reducere,
1196 1211 1289 1255 aut
1319 1201 1384 1255 ab
1408 1198 1607 1255 aedibus
1638 1202 1795 1254 sacris
1825 1199 2028 1255 cedere.
2100 1202 2203 1255 De·

633 1290 905 1364 mophilus
946 1288 1220 1345 advocavit
1266 1290 1573 1343 concionem
1615 1286 1795 1361 populi
1813 1327 1829 1355 ,
1868 1300 2027 1359 atque
2064 1288 2203 1358 regis

634 1380 948 1434 sententiam
990 1377 1299 1448 declaravit,
1333 1388 1385 1433 et
1417 1377 1681 1432 abstinens
1716 1375 1782 1431 ab
1814 1374 2013 1431 edibus
2056 1375 2203 1430 urbis

634 1468 947 1523 concionem
986 1466 1175 1521 indixit
1208 1468 1263 1521 in
1289 1466 1587 1521 suburbana
1611 1464 1787 1519 Hieria
1814 1474 2113 1537 nuncupata
2137 1466 2161 1511 ⁴
2185 1481 2199 1519 ε

642 1580 664 1601 ι
689 1555 972 1626 quoniam,
1006 1554 1193 1627 inquit,
1225 1553 1303 1607 lex
1334 1552 1567 1627 praecipit
1604 1552 1648 1606 si
1676 1569 1768 1605 vos
1795 1552 2053 1624 persecuti
2090 1550 2199 1605 sue·

632 1644 743 1696 rint
764 1660 829 1696 ex
853 1660 958 1697 una
983 1642 1141 1706 urbe,
1165 1640 1327 1713 sugite
1354 1640 1408 1694 in
1430 1639 1603 1695 aliam.
1634 1664 1656 1687 n
1687 1638 1789 1694 Alii
1816 1639 2055 1693 historici
2097 1649 2205 1694 tra·

633 1728 773 1781 «lunt
827 1728 1225 1783 Constantinum
1255 1726 1661 1781 Iconomachum
1698 1734 1881 1779 contra
1916 1725 2204 1796 imaginum

633 1813 835 1868 cultum
863 1813 1140 1869 concilium
1167 1814 1405 1884 iniquum
1432 1812 1644 1882 triginta
1682 1821 1803 1864 octo
1837 1812 2204 1883 episcoporum

630 1902 877 1956 habuisse
908 1904 961 1956 in
1006 1900 1197 1975 palatio
1222 1901 1431 1954 Hieriae.
1500 1902 1761 1954 Praeterco
1793 1908 2022 1961 ceteros,
2046 1916 2204 1952 unam

630 1987 888 2043 duntaxat
907 1989 1298 2060 inscriptionem
1319 1984 1630 2059 subjungam
1649 2024 1663 2049 ,
1685 2001 1803 2056 quae
1832 1995 1944 2038 erat
1970 1984 2129 2038 incisa
2152 1985 2205 2038 in

628 2074 777 2129 aditu
812 2078 1005 2131 Hierioe
1044 2080 1066 2143 (
1081 2075 1298 2131 Anthol.
1328 2092 1404 2145 gr.
1439 2075 1605 2146 epigr.
1637 2072 1727 2126 lib.
1754 2074 1850 2139 IV,
1880 2091 1925 2129 c.
1956 2076 2050 2141 4.)

792 2205 973 2253 Τοῦτον
992 2200 1315 2255 ’lauert-navo:
1336 2199 1545 2261 ἀγακλέα
1562 2198 1754 2261 δείματα
1781 2206 1934 2265 χῶρον

726 2274 862 2324 ὕδατι
881 2275 963 2323 καὶ
984 2272 1097 2335 γαίῃ
1111 2272 1278 2323 κάλλος
1301 2270 1631 2334 ἐπικρεμάσαε.

632 2461 797 2515 rianae
825 2456 1032 2513 indiciis
1056 2467 1199 2530 patet
1224 2456 1645 2510 luculentissime.
1668 2453 1871 2507 Deinde
1890 2454 2203 2508 Hammerus

636 2540 691 2593 in
734 2542 902 2594 Fener
922 2537 1290 2611 promontorio
1316 2552 1421 2589 non
1456 2534 1709 2599 Junonis,
1738 2532 1829 2585 sed
1872 2534 2095 2587 Veneris
2126 2532 2200 2589 sa·

637 2638 771 2674 num
794 2618 951 2673 fuisse
966 2616 1114 2673 dicit.
1132 2620 1206 2672 At
1226 2616 1328 2670 hoc
1350 2614 1649 2669 testimonio
1667 2612 1844 2684 aliquo
1866 2610 2201 2686 probandum

635 2710 783 2765 erat;
814 2716 935 2753 nam
958 2694 1105 2771 quod
1132 2694 1416 2767 Dionysius
1452 2702 1711 2749 memorat
1739 2692 1962 2747 Veneris
1987 2690 2166 2747 sanum
2182 2734 2198 2760 ,

637 2778 691 2833 id
715 2798 746 2832 a
775 2779 935 2833 borea
950 2773 1291 2832 Chalcedonis
1313 2771 1391 2827 vel
1416 2773 1469 2826 in
1492 2770 1688 2827 boreali
1702 2770 2053 2825 Chalcedonis
2072 2770 2201 2826 sub·

635 2859 795 2914 urbio
840 2869 979 2925 crat3
1026 2854 1169 2910 aliud
1214 2872 1338 2910 vero
1372 2855 1597 2909 Veneris
1632 2850 1813 2906 sanum
1860 2853 1952 2923 qui
2002 2854 2058 2907 in
2100 2853 2204 2908 hoe

634 2950 807 2995 tractu
832 2936 1093 3011 posuerit,
1133 2952 1230 3007 ego
1258 2934 1381 2990 novi
1419 2933 1703 2987 neminem.
1734 2934 1851 3003 Ipse
1890 2932 2205 2988 Hammerus

634 3022 884 3073 Heraeum
909 3016 1089 3071 sanum
1114 3014 1273 3071 fuisse
1292 3024 1447 3089 putat
1471 3014 1527 3069 in
1546 3012 1805 3069 hodierno
1824 3013 2205 3068 Katoak-bour-

634 3116 766 3164 nou,
800 3096 946 3170 quod
971 3095 1398 3169 promontorium
1420 3110 1452 3147 a
1486 3090 1697 3147 Scutari
1720 3090 1854 3145 urbe
1882 3109 2061 3146 versus
2096 3112 2205 3147 me·

635 3174 825 3229 ridiem
846 3192 1012 3247 pauca
1034 3172 1199 3227 stadia
1225 3170 1410 3237 distat;
1434 3180 1649 3241 portum
1672 3186 1799 3222 vero
1822 3168 1991 3221 Heraei
2021 3171 2205 3239 quaerit

636 3256 693 3308 in
730 3254 971 3325 sequenti
1000 3253 1119 3306 sinu
1136 3291 1151 3317 ,
1196 3250 1289 3305 ubi
1319 3266 1463 3303 nunc
1491 3258 1571 3301 est
1609 3246 1791 3300 Paclm
1822 3246 2031 3301 ch'clee·
2060 3248 2207 3302 [ελ-ε-

640 3332 795 3397 lessi,
829 3342 883 3385 et
915 3332 1253 3400 Hermagorae
1288 3328 1407 3381 fons
1433 3346 1463 3381 a
1490 3326 1747 3397 Dionysio
1772 3324 2077 3381 collocatur.
2116 3329 2209 3380 Ni-

641 3413 839 3463 mirum
866 3426 983 3479 quae
1010 3408 1297 3479 Procopius
1325 3406 1441 3473 (De
1468 3402 1569 3457 ted.
1596 3406 1654 3467 Ι,
1686 3420 1743 3457 11
1765 3407 1783 3471 )
1805 3402 1946 3457 dicat
1971 3401 2039 3456 de
2058 3403 2210 3458 litore

644 3490 892 3560 abrupto,
917 3505 1103 3541 saxoso
1120 3497 1175 3541 et
1201 3483 1445 3539 fluctibus
1464 3500 1641 3548 exeso,
1666 3500 1726 3536 ea
1744 3480 1811 3535 ad
1844 3482 2039 3535 Καιναί·
2061 3482 2211 3537 bour·

647 3586 750 3621 nou
777 3568 951 3639 aptius
972 3564 1155 3619 referri
1180 3565 1442 3619 existimat
1464 3580 1621 3634 quam
1660 3560 1723 3615 ad
1762 3566 1925 3616 Fene-r
1950 3562 2206 3630 bom-nou,

647 3646 792 3721 quod
812 3648 880 3701 sit
896 3647 1109 3721 planum
1133 3643 1579 3717 promontorium.
1601 3644 1671 3697 At
1688 3642 1971 3714 Procopius
1986 3642 2082 3697 ista
2104 3661 2209 3697 non

646 3727 806 3793 dicit;
860 3723 1154 3783 laudandus
1182 3733 1295 3778 erat
1322 3721 1701 3776 Demosthenes
1745 3722 1838 3793 qui
1872 3720 1959 3787 τὴν
1998 3720 2211 3795 *Ιῐραίαν

646 3808 801 3879 ἄκραν
816 3805 1091 3879 τρηχουσαν
1104 3816 1157 3859 et
1166 3800 1507 3859 πολυπιλάδα
1517 3819 1629 3855 esse
1640 3799 1816 3865 tradit;
1828 3800 1882 3855 id
1896 3819 2018 3855 vero
2027 3800 2213 3856 cadere

648 3890 807 3943 etiam
826 3888 880 3941 in
908 3892 1069 3941 βασι·
1099 3886 1330 3940 boumou
1350 3882 1605 3955 expressis
1624 3880 1793 3935 verbis
1810 3880 1966 3935 <locet
1983 3880 2204 3953 Gyllius,

650 3968 985 4043 peninsulam
1006 3964 1186 4020 dicens
1212 3961 1449 4036 undique
1466 3958 1821 4035 crepidinibus
1847 3959 2123 4031 abruptam
2158 3971 2210 4014 et

646 4066 887 4103 saxosam
913 4064 1051 4113 esse,
1076 4054 1293 4118 excepta
1324 4044 1526 4097 cervice
1546 4058 1664 4113 quae
1686 4040 1755 4094 sit
1778 4039 1931 4113 plana
1952 4050 2006 4093 et
2028 4038 2215 4094 humil·

648 4130 789 4184 lima.
821 4128 1062 4199 Denique
1082 4126 1398 4180 Hammerus
1423 4139 1570 4176 suam
1592 4119 1662 4175 de
1681 4120 1853 4175 Heraei
1881 4122 1983 4174 situ
2012 4131 2214 4175 senten-

646 4210 772 4263 tiam
795 4205 1096 4261 confirmari
1124 4204 1373 4277 opinatur
1389 4200 1639 4273 Stephani
1659 4200 1751 4269 (ν.
1775 4198 2039 4267 Χαλκῗτις)
2064 4198 2207 4264 loeo;

645 4306 708 4342 ex
736 4305 801 4341 eo
822 4286 964 4341 enim
984 4293 1163 4356 patere
1178 4284 1425 4337 Heraeum
1443 4281 1600 4334 etiam
1628 4279 1795 4351 Hyrin
1820 4288 2061 4334 vocatum
2078 4297 2207 4343 ase,

646 4378 803 4439 atque
828 4384 946 4437 quae
971 4362 1169 4419 ibidem
1190 4370 1403 4417 notetur
1423 4361 1561 4414 inter
1584 4358 2078 4431 Acritam,et1·Iyrin
2112 4376 2135 4413 1
2149 4377 2211 4414 10

648 4444 938 4498 stadiorum
967 4441 1246 4506 distantia,
1278 4457 1393 4494 eam
1420 4457 1451 4493 a
1478 4442 1642 4495 Fencr
1665 4438 1893 4493 boumont
1919 4436 1987 4491 ad
2010 4438 2211 4492 Kawak

652 4526 883 4579 bom-nou
915 4523 1177 4595 pertinere
1197 4522 1288 4575 ait.
1312 4524 1385 4577 At
1407 4521 1504 4575 ista
1534 4518 1777 4574 distantia
1794 4558 1809 4583 ,
1839 4534 1957 4590 quae
1984 4534 2008 4571 1
2023 4534 2087 4573 ιο
2108 4528 2211 4572 sta-

649 4603 863 4658 diorum
888 4620 999 4657 esse
1028 4601 1274 4666 deberet,
1315 4618 1384 4653 ne
1421 4603 1491 4664 40
1529 4596 1743 4671 quidem
1772 4596 2060 4651 stadiorum
2098 4607 2207 4663 est3

649 4693 702 4739 et
729 4700 848 4755 quae
874 4681 941 4736 de
962 4681 1093 4753 Hyri
1116 4680 1479 4751 promontorio
1500 4688 1617 4751 post
1642 4677 1866 4731 Acritam
1893 4674 2010 4748 πρὸς
2037 4670 2211 4748 εὖρον

650 4762 754 4814 sito
798 4772 851 4815 et
888 4758 1121 4833 Pityodae
1154 4758 1334 4812 insulze
1358 4758 1531 4811 vicino
1556 4756 1847 4829 Stephanus
1868 4754 2055 4821 habet,
2089 4772 2212 4810 cum

652 4842 925 4894 Hammeri
970 4838 1227 4894 sententia
1278 4836 1542 4891 conciliari
1586 4844 1851 4907 nequeunt
1888 4834 1973 4907 (v.
2012 4833 2206 4905 inii-a).

648 4922 837 4992 Itaque
857 4938 1023 4993 quum
1054 4919 1186 4974 nihil
1211 4918 1324 4972 sani
1350 4918 1661 4972 Hammcrus
1681 4914 1983 4988 protulerit,
2024 4932 2121 4969 nos
2149 4914 2213 4969 iis

648 5002 1031 5072 acquiescimus
1064 5017 1181 5072 quae
1214 5017 1245 5053 e
1290 5006 1409 5055 vett.
1453 4998 1763 5070 scriptorum
1801 4995 2009 5049 indiciis
2048 5006 2101 5049 et
2140 4997 2211 5049 ci·

647 5088 839 5135 sternae
863 5081 1187 5152 moliumque
1204 5079 1371 5133 ruinis
1396 5078 1643 5147 sagaciter
1663 5076 1797 5128 eruit
1820 5074 2039 5146 Gyllius.

720 5164 774 5223 4.
807 5165 876 5216 In
902 5160 1206 5216 suburbana
1228 5156 1419 5214 Hier-ia
1435 5154 1774 5230 nuncupata]
1802 5153 2003 5227 Gyllius
2032 5155 2211 5208 vitiato

645 5240 875 5294 Socratis
911 5236 1094 5295 codice
1121 5256 1249 5292 usus
1274 5254 1385 5292 esse
1410 5234 1635 5289 videtur.
1668 5234 1902 5289 Socrates
1935 5252 1991 5306 p.
2018 5250 2141 5303 709,
2168 5234 2211 5287 C

646 5318 717 5372 ita
736 5316 895 5373 habet
918 5336 932 5373 τ
964 5319 993 5373 ό
1014 5318 1067 5373 δί
1093 5318 1151 5373 τδ
1172 5317 1361 5386 πλῆθος
1382 5314 1699 5389 συγκαλέσας,
1729 5310 1814 5381 τὴν
1844 5312 2079 5384 βασιλέως
2102 5312 2213 5379 ἐδή-

644 5400 777 5453 λωσε
819 5400 1028 5472 γνώμην
1048 5418 1060 5429 ·
1105 5397 1190 5451 καὶ
1222 5396 1288 5461 εἰς
1322 5393 1413 5465 τὴν
1446 5394 1699 5467 ὑστεραίαν
1736 5391 1841 5462 (εἷς
1876 5391 1965 5459 τὴν
2015 5390 2209 5464 ‘lipsiam

2419 680 2656 744 Κοίρανοι,
2676 679 2896 743 (νμετίρην
2921 679 3084 745 ἀρετὴν
3101 678 3269 744 κάρτος
3287 698 3336 732 τε
3359 684 3442 733 και·
3464 684 3578 747 ἔργα

2419 752 2614 811 αὐδήσει
2636 750 2799 815 χρόνος
2821 750 2921 801 αῐδν
2937 752 3027 809 ἔως
3044 752 3188 809 πόλος
3209 752 3404 817 ἀστερκς
3425 756 3564 804 ἕλκει.

2360 875 2481 927 Jam
2499 881 2561 925 ut
2577 870 2782 944 planius
2807 870 3124 941 intelligatur
3140 869 3272 925 situs
3288 873 3638 944 promontorii
3661 873 3858 938 Heraei,

2289 970 2348 1012 et
2385 976 2455 1012 an
2491 956 2665 1024 idem,
2708 956 2856 1029 quod
2893 956 3055 1029 aliqui
3079 957 3472 1023 existimarunt,
3517 959 3762 1013 Hereum
3804 968 3860 1015 et

2291 1048 2494 1103 Eurion
2513 1055 2566 1102 et
2584 1046 2765 1118 Hyris,
2792 1044 3084 1101 desa-ibam
3107 1062 3263 1101 oram
3285 1045 3626 1111 maritimam,
3648 1046 3716 1101 ab
3738 1064 3860 1103 aera

2288 1138 2321 1188 J
2323 1134 2509 1188 oannis
2527 1132 2783 1189 Calamoti
2809 1149 2977 1204 usque
2998 1131 3066 1187 ad
3086 1132 3314 1204 aliquem
3337 1130 3518 1188 linem.
3591 1134 3852 1188 Promon-

2292 1224 2491 1277 torium
2527 1220 2906 1277 Calamoticum
2963 1221 3186 1276 circuitu
3229 1220 3596 1293 complectitur
3636 1221 3864 1293 amplius

2290 1320 2414 1364 octo
2435 1308 2604 1363 stadia
2623 1327 2638 1372 3
2657 1305 2769 1379 ejus
2785 1307 2961 1363 cervix
2987 1305 3218 1362 efficiens
3241 1306 3494 1361 isthmum
3521 1324 3630 1361 non
3654 1306 3859 1361 excedit

2289 1395 2623 1450 latitudinem
2664 1393 3012 1449 ducentorum
3052 1411 3328 1468 passuum3
3373 1412 3522 1449 urnae
3558 1393 3861 1451 similitudi-

2290 1502 2414 1537 nem
2454 1482 2613 1554 gerit,
2643 1499 2736 1535 seu
2759 1481 2873 1535 011ae
2889 1500 2904 1545 ς
2951 1499 3072 1535 nam
3099 1490 3159 1537 ut
3192 1480 3292 1535 olla
3325 1492 3402 1536 est
3438 1480 3574 1536 collo
3599 1494 3824 1553 angusto
3842 1525 3863 1551 ,

2294 1570 2365 1623 ita
2414 1568 2541 1623 illud
2592 1567 2848 1621 cervicem
2877 1566 3036 1621 babet
3079 1577 3352 1639 angustam
3372 1607 3388 1634 ,
3432 1567 3626 1622 deinde
3673 1567 3860 1624 dilata·

2292 1666 2401 1720 tur,
2434 1655 2836 1726 intumescitque
2867 1654 2920 1707 in
2949 1653 3205 1708 ambitum
3251 1654 3459 1709 circiter
3492 1665 3616 1709 octo
3655 1655 3860 1711 stadio·

2292 1760 2414 1796 rum
2432 1784 2447 1806 ,
2490 1739 2583 1797 sed
2610 1742 2710 1807 ita,
2741 1752 2802 1796 ut
2822 1738 3057 1813 undique
3085 1742 3150 1795 sit
3173 1740 3529 1813 crepidinibus
3571 1746 3862 1817 praeruptis

2295 1837 2346 1881 et
2373 1828 2570 1881 saxosis
2589 1863 2604 1887 ,
2633 1836 2978 1898 praeterquam
3008 1843 3038 1880 a
3063 1827 3290 1891 cervice,
3317 1844 3436 1898 quae
3465 1829 3536 1882 ita
3563 1827 3720 1901 plana
3746 1839 3854 1895 est,

2297 1926 2356 1969 ut
2405 1934 2470 1969 ex
2535 1924 2762 1985 utroque
2813 1914 2989 1967 littore
3050 1914 3354 1986 aspicientes
3405 1921 3594 1970 mutuo
3643 1926 3860 1988 aspectu

2300 2002 2562 2059 fruantur.
2638 2004 2835 2057 Forsan
2859 2002 2929 2056 ita
2957 2002 3202 2057 Heraeum
3225 2003 3649 2073 promontorium
3685 2003 3863 2077 appel-

2294 2092 2457 2147 latum
2481 2102 2560 2146 est
2578 2074 2744 2163 Εὗρον
2767 2090 2836 2145 ab
2865 2089 2966 2144 olla
2989 2089 3194 2145 defossa
3219 2088 3263 2145 ⁸.
3289 2092 3375 2146 Sic
3400 2093 3540 2147 enim
3566 2093 3866 2165 Stephanus

2295 2176 2366 2231 ait
2396 2192 2409 2228 :
2453 2199 2476 2223 ι
2516 2174 2946 2229 Promontorium
2981 2174 3224 2229 Heraeum
3263 2185 3449 2230 contra
3481 2175 3862 2231 chalcedonem

2296 2264 2480 2330 situm,
2505 2262 2652 2335 quod
2681 2262 2767 2317 alii
2798 2244 2961 2334 Εὗρον
2984 2264 3092 2317 sive
3117 2251 3301 2335 Εὗριον
3324 2262 3666 2337 appellarunt,
3695 2265 3751 2319 hi
3772 2267 3866 2337 qui

2294 2456 2496 2528 Gyllius
2521 2455 2667 2528 legit)
2689 2456 2782 2529 πρὸ
2805 2462 2901 2511 τῶν
2918 2462 3096 2528 τειχῶν
3117 2456 3455 2526 ἐκκλησιάζειν
3479 2464 3862 2533 προηγόρευσεν.

2363 2538 2417 2599 4.
2467 2538 2600 2603 Quae
2644 2536 2698 2589 in
2740 2536 3076 2607 sequentibus
3108 2552 3296 2609 parum
3324 2548 3467 2593 recte
3505 2538 3860 2613 disputantur,

2290 2609 2504 2665 duobus
2545 2612 2672 2667 locis
2711 2615 3010 2669 innituntur
3046 2615 3293 2688 Stephani
3329 2618 3591 2689 Byzantii,
3635 2636 3865 2691 quorum

2294 2693 2524 2747 rationes
2563 2692 2767 2765 Gyllius
2802 2712 2909 2748 non
2947 2695 3228 2769 perspexit.
3267 2696 3528 2752 Videlicet
3566 2698 3866 2771 Stephanus

2295 2773 2364 2826 ita
2387 2772 2580 2827 habet:
2611 2773 2873 2838 Χαλκΐτις,
2907 2778 3052 2842 νῆσος
3080 2773 3278 2847 ἀντικρὺ
3309 2775 3642 2845 Χαλκηδόνος,
3679 2778 3865 2851 ἔχουσα

2289 2850 2484 2920 χαλκοῦ
2518 2850 2783 2923 μέταλλον.
2823 2850 3165 2924 Ἀρτεμίδωρος
3204 2850 3251 2905 ἐν
3279 2850 3521 2925 ἑνδεκάτῳ
3551 2874 3867 2927 γεωγραφου-

2296 2930 2455 3001 μένων
2471 2951 2482 2962 ·
2523 2954 2546 2981 ι
2587 2928 2700 2985 Ἀπὸ
2731 2930 2784 2985 δὲ
2822 2929 3036 3003 Ἀκρίτου
3071 2931 3464 3003 παραπλεύσαντι
3507 2932 3681 3007 [πρὸς]
3723 2930 3864 3007 εὖρον

2294 3010 2468 3063 στάδια
2493 3008 2667 3063 ἕκατον
2686 3010 2802 3064 δέκα
2820 3010 2944 3083 ἄκρα
2962 3012 3122 3065 κεῖται
3150 3008 3282 3082 εΥρῖς
3299 3012 3596 3085 καλουμένη,
3619 3014 3701 3067 καὶ
3719 3018 3867 3083 νῆσος

2295 3088 2422 3161 αὗτῇ
2469 3089 2754 3162 παράκειται
2799 3089 3050 3159 Πιτυώδης
3093 3089 3178 3144 καὶ
3215 3090 3345 3159 ἄλλη
3391 3095 3536 3159 νῆσος
3581 3092 3859 3167 καλουμένη

2295 3168 2530 3231 Χαλκῗτις
2549 3168 2632 3222 καὶ
2646 3168 2778 3237 ἄλλη
2791 3168 2971 3242 Πρῶτα
2991 3169 3258 3242 λεγομένη.
3271 3167 3380 3224 Ἀπὸ
3404 3170 3456 3224 δὲ
3482 3171 3658 3239 ταύτης
3677 3172 3744 3237 εἰς
3765 3171 3855 3242 τὴν

2296 3246 2532 3302 Χαλκῗτιν
2574 3248 2647 3319 (i.
2679 3266 2728 3305 e.
2759 3247 3180 3321 Chalcedonem)
3215 3248 3490 3323 λεγομένην
3518 3250 3664 3306 πόλιν
3691 3254 3864 3308 στάδια

2297 3329 2679 3398 τεσσαράκοντα.
2705 3330 2770 3381 In
2797 3326 2878 3383 his
2905 3339 2958 3381 et
2982 3347 3065 3383 res
3083 3338 3137 3383 et
3157 3327 3315 3383 verba
3347 3327 3540 3384 docent
3557 3342 3677 3384 aute
3701 3350 3756 3385 ν.
3788 3327 3868 3385 εὗ-

2297 3422 2381 3473 ρον
2429 3402 2681 3457 excidisse
2714 3405 3132 3477 praepositionem
3161 3404 3243 3459 ἰπὶ
3281 3406 3360 3459 vel
3401 3406 3517 3477 πρὸς
3553 3424 3711 3477 quam
3747 3426 3869 3480 sup-

2295 3485 2456 3555 plevit
2482 3483 2801 3539 Holstenius.
2830 3487 2910 3539 De
2933 3484 3048 3540 loeo
3071 3497 3124 3540 et
3143 3482 3299 3557 Εὗρον
3321 3496 3375 3539 et
3410 3484 3541 3558 Ὑρίς
3563 3484 3705 3542 dicto
3727 3490 3868 3559 cogi-

2297 3565 2394 3617 tari
2425 3564 2623 3636 nequit.
2651 3563 2813 3633 Quod
2854 3562 3048 3619 deinde
3084 3566 3239 3619 etiam
3271 3565 3480 3619 tertium
3508 3564 3742 3637 ejusdem
3767 3566 3867 3621 loci

2297 3661 2521 3709 nomen,
2565 3641 2758 3716 Εὔριον,
2808 3642 3045 3712 affertur,
3071 3644 3126 3699 id
3157 3645 3310 3699 fluxit
3331 3662 3396 3699 ex
3433 3645 3597 3700 altero
3619 3646 3868 3719 Stephani

2298 3722 2449 3789 loco,
2479 3723 2571 3777 ubi
2599 3740 2614 3777 ε
2657 3722 2920 3795 Ἥραια,
2950 3723 3074 3795 ἄκρα
3111 3724 3263 3786 οὕτως
3283 3721 3532 3796 λεγομένη
3569 3726 3860 3796 καταντικρὺ

2301 3801 2637 3874 Καλχηδόνος·
2669 3804 2860 3871 Ταύτην
2889 3804 2934 3856 δ’
2963 3802 3013 3857 ἐν
3040 3807 3104 3875 τῇ
3121 3802 3350 3873 συνηθείᾳ
3375 3801 3571 3875 Ἧερίαν
3598 3805 3718 3875 φασί
3742 3824 3869 3868 τινες

2299 3888 2481 3946 κακῶς·
2526 3882 2677 3937 ἄλλοι
2714 3885 2767 3937 δε
2810 3882 3011 3954 Ἦρίον
3041 3882 3251 3956 (Εὔριον
3287 3884 3490 3955 Gyllius
3520 3882 3599 3937 vel
3639 3885 3871 3957 repperit

2300 3963 2380 4017 vel
2399 3964 2626 4032 intulit),
2651 3963 3036 4037 μυθολογοῦντες
3052 3964 3118 4027 ὡς
3137 3962 3295 4017 ἐκεῖσε
3313 3962 3564 4035 ὀρύξαντες
3584 3964 3760 4035 τάφους
3775 3965 3870 4037 χό-

2298 4060 2412 4112 τρας
2435 4037 2571 4113 εὗρον
2591 4043 2674 4095 καὶ
2691 4042 2832 4096 ὀστᾶ.
2850 4040 2942 4098 Cf.
2965 4039 3202 4096 Codinus
3219 4059 3274 4113 p.
3305 4058 3424 4113 117,
3452 4060 3506 4113 9,
3539 4040 3628 4097 ed.
3655 4041 3825 4097 Bonn.
3850 4059 3865 4098 ι

2311 4120 2561 4195 Ἡραῖον
2585 4121 2638 4175 δὲ
2663 4121 2868 4191 ἐκλήθη,
2904 4122 2981 4176 ὅτι
3006 4120 3159 4175 πάλαι
3180 4124 3268 4189 τῆς
3286 4119 3445 4193 Ἥρας
3466 4114 3528 4188 ἦν
3553 4120 3582 4174 ὁ
3601 4120 3715 4183 ναὸς
3741 4119 3864 4188 ἐκεῖ,

2299 4201 2331 4269 ἢ
2367 4200 2558 4274 Ἦρίον,
2589 4202 2666 4255 ὅτι
2695 4201 2752 4255 τὸ
2779 4200 2988 4257 παλαιὸν
3018 4200 3126 4255 ἐκεῖ
3152 4201 3419 4257 ἔθάπτοντο
3445 4200 3494 4255 οἱ
3518 4198 3754 4255 πολῖται·
3784 4202 3869 4254 καὶ

2301 4281 2460 4349 δηλοῖ·
2495 4284 2641 4337 τοῦτο
2685 4280 2748 4335 τὰ
2787 4278 2954 4337 πολλὰ
2999 4282 3281 4354 μαρμάρινα
3319 4280 3559 4352 κιὸοόρια.
3611 4282 3867 4335 Praeterea

2299 4362 2600 4417 Holstenius
2639 4380 2704 4417 ex
2731 4362 2913 4417 codice
2942 4379 3040 4418 ms.
3082 4362 3275 4433 reginas
3311 4360 3589 4415 Christinae
3627 4361 3865 4415 enotavit

2301 4442 2416 4497 haec
2443 4460 2458 4497 ·.
2487 4441 2605 4497 Ὅτι
2641 4443 2699 4496 τὸ
2734 4445 2821 4510 τῆς
2856 4439 3174 4509 Χαλκηδόνος
3210 4438 3511 4513 ἀκρωτήριον
3560 4440 3618 4494 τὸ
3651 4440 3868 4496 παλαιὸν

2308 4520 2478 4593 Ἦρίον
2505 4522 2590 4576 καὶ
2617 4522 2676 4575 ὃν
2695 4521 2779 4574 καὶ
2807 4522 3080 4593 λεγόμενον
3099 4540 3111 4553 ·
3138 4522 3337 4592 ταφεῗον
3362 4518 3458 4593 γὰρ
3478 4514 3538 4589 ἦν
3565 4524 3652 4587 τῆς
3679 4520 3872 4582 πόλεως

2296 4600 2632 4670 Χαλκηδόνος.
2683 4600 2742 4655 ‘0
2798 4600 2884 4671 μὲν
2939 4596 3279 4660 Ἰουστινιανδς
3327 4596 3605 4670 ἀνασκάψας
3643 4597 3701 4652 τὸ
3745 4598 3870 4651 ὅλον

2302 4678 2608 4753 ἀκρωτήριον
2649 4680 2732 4734 καὶ
2775 4679 3078 4751 ἀνακαθάρας
3117 4680 3203 4733 τὸν
3242 4678 3394 4733 τόπον
3439 4677 3665 4749 βασίλεια
3707 4676 3870 4731 ἔκτισε

2301 4768 2686 4831 περιφανέστατα
2705 4799 2720 4827 ,
2781 4760 2863 4813 καὶ
2923 4756 3094 4830 Ἦερία
3147 4758 3176 4812 ὁ
3224 4758 3369 4821 τόπος
3419 4756 3776 4831 μετωνομάσθη
3835 4755 3868 4823 ἢ

2307 4836 2480 4911 ’Aspim
2507 4844 2622 4894 Jam
2655 4837 2802 4912 quod
2822 4840 2981 4893 situm
3007 4838 3241 4893 locorum
3266 4838 3478 4904 attinet,
3517 4836 3720 4891 Acritas
3745 4852 3872 4907 pro·

2300 4923 2624 4975 montorium
2640 4960 2655 4985 ,
2683 4919 2827 4992 quod
2853 4924 2923 4974 60
2957 4916 3122 4972 stadia
3146 4936 3179 4971 a
3201 4916 3530 4972 Chalcedone
3553 4916 3732 4970 abesse
3751 4916 3868 4970 Me·

2301 5000 2500 5072 nippus
2526 4998 2712 5063 tradit,
2749 4996 3054 5072 ponendum
3083 5008 3160 5051 est
3187 5014 3353 5068 prope
3379 4995 3698 5049 hodiernum
3727 4993 3872 5050 Mal·

2308 5091 2452 5154 tepe,
2501 5098 2658 5153 quem
2701 5079 2872 5133 locum
2915 5076 3118 5149 Gyllius
3157 5094 3252 5129 sua
3298 5087 3447 5129 aetate
3493 5075 3718 5129 Abriam
3757 5074 3872 5127 sive

2302 5158 2520 5212 Obricaem
2561 5158 2667 5212 diei
2705 5156 2913 5231 prodit3
2953 5174 3053 5209 nec
3085 5154 3238 5226 longe
3273 5154 3342 5208 ab
3381 5154 3555 5209 Abria
3590 5152 3867 5207 meridiem

2300 5256 2480 5293 versus
2497 5237 2734 5293 dissitum
2758 5234 3176 5310 promontorium
3195 5235 3494 5289 etiamnunc
3508 5234 3742 5288 Acritam
3759 5232 3867 5285 dici

2301 5328 2537 5374 testatur.
2575 5319 2732 5391 Hyris
2765 5327 2938 5373 autem
2973 5332 3137 5387 quum
3152 5354 3167 5382 ,
3195 5313 3532 5370 Artemidoro
3555 5323 3712 5379 teste,
3739 5330 3868 5367 cen·

2301 5407 2414 5451 tum
2436 5409 2488 5453 et
2515 5397 2695 5452 decem
2717 5395 2889 5453 stadia·
2906 5396 2974 5451 ab
3001 5396 3178 5452 Acrita
3201 5395 3458 5450 orientem
3481 5410 3661 5449 versus
3683 5391 3852 5448 distet
