4584 6284
640 556 716 609 68

1117 679 1342 741 LIBER
1379 680 1724 743 TERTIUS.

672 837 750 888 De
770 834 986 908 scopulo
1024 845 1328 908 nuncupato
1354 834 1535 889 Colone
1558 846 1608 888 et
1632 834 1695 889 de
1730 835 1907 891 Rheba
1940 836 2171 903 flumine.

702 980 823 1033 Huc
854 996 1025 1051 usque
1045 977 1117 1033 de
1150 978 1329 1033 littore
1362 978 1582 1051 Bospori
1604 978 1874 1053 Europaeo
1900 991 1955 1035 et
1984 979 2053 1036 de
2076 984 2210 1055 Cya-

632 1067 744 1121 neis
770 1066 1045 1138 Europaeis
1060 1106 1077 1130 ,
1111 1082 1274 1138 quas,
1318 1065 1625 1138 priusquam
1659 1076 1845 1120 nactus
1870 1083 2037 1121 essem
2066 1071 2209 1123 Ana-

630 1152 778 1227 plum
826 1153 1098 1227 Dionysii,
1153 1169 1504 1225 praeceperam
1556 1170 1623 1207 ex
1659 1151 1921 1208 Strabone
1969 1153 2210 1211 tradente

630 1242 863 1315 Cyaneas
886 1248 1065 1313 petras
1087 1256 1201 1294 esse
1218 1236 1350 1295 duas
1368 1237 1617 1293 insululas
1636 1240 1691 1293 in
1718 1242 1877 1294 Ponti
1897 1241 2035 1296 ostio
2060 1244 2203 1310 sitas,

628 1326 1019 1382 alterasvicinas
1047 1328 1281 1401 Europae
1319 1326 1641 1394 continenti,
1678 1326 1869 1381 alteras
1898 1328 2058 1383 Asiae.
2096 1331 2209 1384 Eu-

628 1432 831 1489 ropaeas
860 1413 1010 1470 facile
1035 1412 1485 1488 deprehenderam
1510 1432 1574 1469 ex
1598 1432 1663 1469 eo
1685 1414 1833 1487 quod
1858 1415 1983 1470 solae
2016 1418 2124 1472 sint
2150 1418 2205 1472 in

626 1500 934 1575 longissimo
960 1512 1133 1557 tractu
1158 1502 1347 1559 littoris
1370 1501 1616 1557 Thracici
1654 1520 1667 1557 ε
1695 1512 1752 1559 at
1797 1504 2052 1559 Asiaticas
2080 1523 2203 1577 cog-

622 1588 743 1644 nitu
768 1588 924 1661 longe
955 1588 1277 1644 difficiliores
1311 1600 1557 1661 expertus
1581 1606 1727 1644 eram
1746 1628 1763 1655 ,
1807 1589 1879 1644 ob
1904 1589 2203 1645 multitudi-

624 1694 745 1730 nem
769 1675 1111 1749 scopulorum
1156 1692 1172 1731 ι
1202 1694 1335 1749 quos
1374 1694 1500 1731 cum
1537 1694 1604 1731 ex
1627 1676 1825 1732 vertice
1874 1678 2204 1750 Cyanearum

624 1762 1001 1836 Europoearum
1043 1763 1301 1831 intuerer,
1342 1762 1644 1818 discerncre
1690 1781 1724 1818 a
1768 1765 2061 1820 continenti
2091 1782 2201 1819 non

624 1860 861 1923 poteram
884 1852 986 1904 nisi
1013 1849 1149 1905 duos
1170 1850 1391 1923 Cyaneis
1410 1851 1685 1923 Europaeis
1700 1852 1973 1924 oppositos
1992 1852 2059 1908 ab
2077 1864 2198 1908 ortu

627 1938 978 2011 aequinoctiali
992 1978 1007 2003 ,
1036 1940 1288 1993 distantes
1326 1939 1537 1994 circiter
1574 1940 1842 2012 sexaginta
1869 1939 2053 1997 stadia.
2094 1943 2200 1997 Eos

632 2027 795 2097 igitur
825 2026 1043 2099 propius
1068 2037 1130 2081 ut
1154 2026 1513 2098 explorarem,
1540 2025 1857 2099 adnavigare
1894 2045 2194 2100 aggressus,

625 2115 903 2188 repentina
930 2116 1091 2169 maris
1123 2124 1427 2189 tempestate
1461 2133 1527 2170 ex
1573 2114 1751 2170 medio
1785 2134 1944 2171 cursu
1976 2115 2199 2188 rejectus

624 2220 746 2257 sum
772 2199 843 2256 ad
881 2203 1085 2257 Fanum
1116 2202 1297 2268 Jovis,
1326 2200 1471 2256 unde
1506 2199 1731 2275 pedibus
1770 2220 1867 2275 per
1901 2202 2062 2259 saltus
2100 2202 2195 2260 de-

627 2298 797 2344 sertos
816 2300 869 2344 et
896 2288 1033 2349 male
1056 2287 1194 2345 fidos
1220 2290 1407 2344 accessi
1446 2287 1513 2343 ad
1541 2288 1680 2362 ipsos
1702 2289 1946 2362 scopulos
1968 2292 2102 2347 mihi
2128 2310 2195 2347 ex

625 2378 820 2431 vertice
837 2377 1167 2450 Cyanearum
1189 2385 1309 2430 ante
1338 2385 1641 2448 prospectos
1660 2416 1676 2445 ,
1716 2392 1948 2448 quorum
1969 2376 2193 2434 alterum

620 2466 783 2521 situm
812 2464 949 2520 ultra
992 2464 1231 2520 Rhebam
1252 2476 1268 2502 ¹
1318 2480 1527 2519 amnem
1577 2464 1785 2519 circiter
1827 2465 1930 2520 tria
1969 2466 2194 2524 miliaria

618 2554 791 2609 Graeci
817 2551 978 2626 hujus
1018 2552 1183 2609 etatis
1217 2552 1495 2607 nominant
1529 2551 1857 2627 Atmparion
1905 2575 1926 2610 .-
1964 2554 2191 2613 alterum

616 2642 777 2698 situm
828 2642 969 2697 inter
1011 2640 1247 2701 Rhebam
1288 2649 1341 2695 et
1386 2641 1685 2713 Bosporum
1721 2641 1987 2714 appellant
2014 2646 2189 2699 Crom-

616 2748 765 2803 myon
781 2753 803 2797 ,·
841 2732 886 2786 is
906 2730 1037 2785 mihi
1080 2730 1257 2803 potius
1289 2730 1495 2803 Cyanea
1534 2730 1758 2785 Asiatica
1800 2730 2081 2787 videbatur
2122 2750 2190 2788 ex

612 2818 831 2892 Orpheo
856 2827 909 2872 et
934 2816 1237 2891 Apollonio,
1260 2815 1590 2871 tradentibus
1612 2818 1789 2872 statim
1812 2829 1933 2891 post
1949 2820 2187 2894 Cyaneas

612 2903 851 2960 Rhebam
890 2903 1056 2959 fluere
1100 2903 1156 2958 in
1196 2905 1429 2959 Pontum
1477 2923 1491 2958 ι
1540 2902 1634 2958 sed
1673 2904 1819 2977 quod
1865 2916 2002 2961 esset
2051 2907 2189 2963 ultra

608 2993 1034 3067 promontorium
1050 3034 1071 3065 ,
1091 2991 1237 3065 quod
1260 2990 1435 3047 fauces
1453 2994 1676 3065 Bospori
1701 2993 1963 3065 stringere
1977 2994 2185 3069 incipit,

608 3081 741 3136 mihi
769 3079 1079 3136 nonnullam
1105 3077 1492 3134 dubitationem
1522 3077 1777 3134 afferebat
1807 3096 1822 3135 ε
1857 3097 2043 3135 verum
2069 3099 2185 3137 eam
2246 3116 2253 3121 -

608 3166 1223 3239 extenuabatDionysius
1238 3164 1380 3221 orbis
1390 3166 1740 3239 conscriptor,
1758 3184 1883 3221 cum
1897 3166 1971 3221 ait
1990 3168 2013 3237 (
2027 3168 2153 3239 795)
2171 3185 2185 3223 :

611 3246 815 3319 Ῥήὸας
856 3246 911 3312 ὃς
963 3243 1193 3307 Πόντοιο
1235 3243 1382 3325 παρὰ
1404 3243 1758 3321 στομάτεσσιν
1801 3244 1968 3305 ὁδεύει
1984 3291 2002 3317 ,
2044 3254 2191 3327 quod

612 3336 759 3416 παρὰ
786 3344 1163 3417 interpretarer
1186 3340 1352 3417 apud,
1382 3360 1490 3397 non
1520 3354 1696 3397 autem
1718 3361 1904 3418 prope,
1935 3354 1994 3398 ut
2022 3344 2187 3398 inter·

614 3428 935 3501 pretandum
960 3446 1075 3482 esse
1100 3438 1279 3501 postea
1306 3430 1550 3500 cognovi.
1582 3426 1943 3495 Quamobrem
1970 3428 2190 3500 diligen-

618 3525 700 3571 ter
725 3515 873 3571 hunc
898 3515 1177 3588 scopulum
1210 3528 1231 3553 ²
1260 3514 1593 3571 considerare
1618 3533 1903 3589 coeperam.
1926 3516 2191 3572 OErotun·

620 3604 723 3659 dus
774 3614 854 3660 est
900 3614 955 3659 et
988 3603 1176 3659 similis
1202 3598 1278 3677 τῷ
1326 3594 1585 3680 κρομμύῳ
1603 3639 1621 3669 ,
1692 3602 1846 3676 cujus
1906 3622 1973 3659 ex
2018 3603 2193 3661 forms

620 3694 905 3768 piscatores
950 3703 1140 3767 putant
1178 3692 1512 3767 appellatum.
1555 3692 1779 3750 Ambitu
1804 3702 2057 3766 quattuor
2094 3695 2197 3750 cir-

618 3784 753 3839 citer
786 3781 954 3837 stadia
1006 3782 1393 3855 complectitur.
1432 3783 1721 3854 Fastigium
1771 3782 1989 3855 planum
2031 3782 2193 3839 habet

618 3872 813 3928 sensim
842 3872 898 3925 in
925 3870 1089 3926 clivos
1112 3869 1400 3938 devexum,
1437 3869 1599 3926 latera
1624 3870 1864 3944 undique
1897 3890 2051 3927 saxea
2068 3912 2084 3937 ,
2119 3872 2187 3928 ab

618 3960 824 4015 oriente
844 3955 1062 4031 quidem
1078 3956 1585 4031 etseptentrionibus
1606 3968 1871 4031 praerupta
1901 3967 1955 4013 et
1967 3957 2186 4027 directa,

618 4059 679 4103 ut
704 4046 921 4103 ascendi
946 4056 1241 4119 nequeant,
1268 4056 1322 4102 at
1346 4064 1413 4101 ex
1438 4044 1661 4100 meridie
1680 4056 1733 4101 et
1758 4064 1949 4102 occasu
1981 4048 2188 4103 mitiora

614 4146 669 4189 et
691 4151 811 4206 quae
834 4132 1074 4188 ascensui
1108 4142 1352 4206 pateant,
1390 4130 1625 4204 denique
1660 4140 1802 4187 totus
1842 4149 2031 4187 saxeus
2072 4144 2181 4201 est,

612 4222 708 4275 etsi
732 4218 921 4293 jugum
944 4217 1135 4274 herbas
1153 4216 1339 4284 habet,
1364 4217 1422 4273 in
1448 4234 1557 4290 quo
1586 4217 1801 4289 vestigia
1830 4218 2077 4274 vida-tur
2091 4238 2186 4274 an·

611 4306 882 4380 tiquorum
908 4304 1273 4361 edificiorum.
1328 4304 1463 4360 Cum
1494 4300 1571 4360 est
1594 4322 1785 4376 magna
1807 4306 1965 4361 maris
1986 4316 2187 4381 tempe·

611 4404 733 4462 stas,
763 4392 998 4466 undique
1014 4393 1148 4447 mari
1166 4390 1445 4458 clauditur,
1474 4401 1527 4447 et
1552 4410 1585 4448 a
1606 4392 1899 4447 continenti
1917 4403 2187 4466 separatur

612 4482 797 4557 euripo
822 4492 1034 4537 centum
1049 4482 1311 4553 sexaginta
1334 4497 1582 4555 passuum
1593 4501 1611 4549 ς
1640 4498 1766 4537 cum
1790 4491 1869 4537 est
1890 4481 2183 4555 tranquilli-

615 4582 693 4627 tas
706 4610 723 4639 ,
749 4570 961 4644 euripus
984 4570 1273 4625 exsiccatur
1296 4579 1350 4625 et
1374 4568 1519 4625 velut
1539 4570 1717 4626 cervix
1742 4569 1805 4625 fit
1822 4610 1838 4638 ,
1860 4588 1967 4643 qua
1992 4568 2183 4625 adnec-

616 4660 745 4720 titur
780 4657 1101 4724 continenti,
1146 4666 1257 4712 tota
1289 4654 1559 4725 sabulosa,
1594 4656 1747 4732 larga
1771 4658 2037 4732 octoginta
2072 4676 2185 4731 pas-

616 4764 723 4812 sus,
743 4746 897 4818 longa
916 4756 1129 4801 centum
1155 4744 1448 4816 sexaginta3
1474 4741 1601 4799 inde
1625 4762 1719 4799 ora
1741 4746 2004 4800 maritima
2029 4745 2183 4819 plana

688 4922 737 4961 1.
764 4903 1029 4976 Rhebam]
1054 4900 1347 4973 legebatur
1368 4901 1429 4958 h.
1448 4900 1487 4956 1.
1518 4912 1571 4956 et
1586 4901 1709 4959 alibi
1732 4902 2072 4959 chbuntem.

686 5002 737 5041 ο.
771 4986 930 5038 Hunc
955 4981 1259 5056 scopulum]
1282 4984 1357 5039 V.
1388 4979 1689 5055 Andreossy
1722 4982 1759 5037 l.
1784 4981 1822 5037 l.
1848 5000 1906 5055 p.
1933 4987 2022 5053 96,
2054 4982 2173 5047 105,

612 5066 751 5130 308;
783 5063 1037 5117 Hammer
1061 5059 1099 5115 1.
1124 5059 1163 5115 1.
1191 5078 1246 5127 a,
1271 5060 1327 5117 d.
1354 5080 1477 5135 277.
1504 5063 1713 5132 Κολώνη
1734 5060 1999 5135 scopulus,
2032 5079 2179 5116 nunc

610 5144 899 5217 Κρόμμυον,
921 5140 990 5195 ad
1016 5138 1292 5195 occiduam
1322 5154 1525 5215 partem
1547 5142 1696 5218 parvi
1721 5157 1988 5207 recessus,
2018 5158 2177 5214 quem

606 5222 805 5278 Rhebae
840 5222 1039 5277 ostium
1068 5220 1262 5288 efficit,
1283 5223 1412 5277 situs
1431 5234 1542 5290 est,
1568 5240 1667 5278 nec
1688 5218 1851 5275 modo
1878 5217 2178 5275 conforma-

604 5303 749 5356 tione
770 5320 866 5356 sna
885 5299 1245 5356 memorabilis
1262 5312 1358 5367 est,
1378 5302 1471 5359 sed
1496 5320 1561 5359 eo
1586 5302 1761 5367 etiam,
1781 5298 1928 5371 quod
1949 5300 2059 5355 saxi
2086 5318 2178 5353 na·

602 5392 721 5438 tura
735 5401 763 5436 a
779 5382 947 5437 litoris
963 5380 1187 5455 rupibus
1200 5379 1397 5437 differt.
1410 5384 1507 5438 11ae
1524 5385 1664 5439 enim
1682 5398 1848 5453 quum
1862 5380 2011 5434 sinte
2033 5381 2178 5436 vario

602 5460 775 5535 lapide
802 5460 1211 5533 conglomerata!
1225 5502 1241 5528 ,
1281 5462 1525 5535 scopulus
1552 5462 1633 5515 illc
1664 5479 1693 5514 c
1718 5477 1857 5533 puro
1890 5470 2023 5534 puto
2042 5460 2177 5533 pho·

1892 547 2235 611 moNst
2278 551 2640 615 BYZANTll

2301 691 2356 736 et
2380 682 2637 753 sabulosa,
2659 691 3031 763 aptapanagris
3052 695 3272 764 retibus,
3296 697 3452 772 longa
3467 702 3625 774 paulo
3641 705 3867 780 amplius

2303 770 2514 828 duobus
2539 773 2828 831 miliaribus
2853 781 3087 836 excurrit
3120 800 3288 857 usque
3313 786 3379 841 ad
3404 794 3827 860 promontorium
3840 833 3860 863 ,

2301 874 2410 930 quo
2440 858 2586 915 littus
2611 860 2830 917 tendens
2850 864 2918 919 ad
2943 883 3188 924 occasum
3213 868 3378 928 ferme
3411 876 3822 948 equinoctialem
3837 920 3856 949 ,

2301 946 2528 1003 flectitur
2555 948 2621 1003 ad
2642 968 2884 1007 occasum
2905 952 3219 1015 brumalem.
3291 958 3398 1015 Ubi
3423 960 3568 1017 hunc
3587 966 3857 1039 scopulum

2299 1036 2373 1090 ita
2395 1037 2772 1111 explorassem,
2803 1042 3070 1115 profectus
3101 1062 3220 1100 sum
3236 1046 3305 1102 ad
3334 1048 3598 1117 Rhebam,
3627 1064 3689 1109 ut
3713 1054 3856 1111 vide·

2299 1141 2411 1178 rem
2436 1142 2644 1181 ainnem
2666 1129 2995 1186 nobilitatum
3027 1150 3058 1186 a
3080 1142 3160 1189 tot
3181 1136 3411 1209 antiquis
3443 1138 3705 1197 nobilibus
3727 1146 3860 1198 scri·

2297 1213 2553 1284 ptoribus.
2627 1218 2678 1270 Is
2712 1218 2852 1272 enim
2899 1237 2932 1274 a
2953 1220 3208 1295 Dionysio
3248 1223 3608 1283 Alexandrino
3653 1229 3856 1287 Rhebas

2299 1300 2618 1369 nominatur,
2644 1302 2710 1359 ab
2732 1304 2945 1377 Orpheo
2971 1304 3144 1381 (716)
3163 1308 3420 1366 Rhebaeus
3433 1352 3448 1379 ,
3488 1311 3558 1366 ab
3576 1315 3860 1388 Apollonio

2297 1386 2506 1443 Rhodio
2553 1407 2694 1445 nunc
2719 1392 2922 1447 Rhebas
2949 1396 2972 1465 (
2987 1410 3040 1461 2,
3080 1395 3203 1467 349.
3236 1396 3390 1469 650),
3420 1417 3568 1455 nunc
3597 1401 3680 1476 (α,
3712 1407 3854 1475 789)

2295 1475 2550 1532 Rhebams
2569 1479 2853 1552 appellatur
2875 1480 2921 1548 3,
2942 1479 3054 1553 jam
3080 1501 3113 1537 a
3146 1486 3343 1541 Graecis
3377 1488 3534 1543 etiam
3569 1492 3854 1561 agrestibus

2295 1575 2510 1618 vocatur
2537 1553 2763 1631 Ῥῆὅας,
2790 1585 2950 1639 quem
2972 1570 3229 1627 Arrianus
3253 1573 3479 1647 (Peripl.
3505 1578 3536 1645 5
3568 1580 3668 1649 ι7)
3695 1578 3854 1634 tradit

2291 1648 2483 1706 distare
2496 1669 2528 1706 a
2550 1651 2670 1707 sano
2687 1656 2720 1707 J
2719 1655 2832 1708 ovis
2847 1655 2966 1710 Urii
2985 1658 3269 1729 nonaginta
3285 1661 3470 1715 stadia.
3491 1662 3684 1718 Nonne
3707 1683 3855 1721 aver-

2288 1754 2377 1791 sus
2390 1755 2421 1791 a
2435 1740 2600 1793 Musis
2609 1756 2794 1807 essem,
2811 1745 2854 1795 si
2873 1741 3113 1799 instituto
3126 1754 3311 1800 nostro
3325 1748 3472 1818 operi
3493 1758 3600 1803 tam
3619 1750 3852 1807 vicinum

2288 1824 2508 1879 fluvium
2556 1827 2874 1898 pretet-irem
2887 1868 2902 1893 ,
2955 1846 3113 1902 quem
3167 1834 3526 1904 pretermissis
3568 1835 3856 1908 majoribus

2234 1886 2245 1975 Ι
2287 1908 2592 1965 fluminibus
2628 1921 2707 1966 tot
2731 1912 2952 1969 illustres
2989 1916 3270 1988 scriptores
3297 1918 3589 1975 honorifice
3623 1940 3852 1979 comme·

2287 1998 2594 2054 mox-arunt?
2611 2000 2893 2074 Dionysius
2914 2002 3087 2079 (794)
3108 2003 3326 2077 quidem
3340 2007 3522 2063 scribit
3533 2006 3647 2081 ejus
3659 2028 3848 2084 aquam

2283 2086 2558 2143 ainabilem
2585 2098 2636 2143 et
2661 2088 3067 2161 pulcherrimam
3092 2109 3222 2149 esse.
3296 2095 3501 2150 Nomen
3539 2094 3651 2168 ejus
3676 2098 3846 2154 tribus

2284 2172 2518 2255 versibus
2535 2176 2797 2230 continuis
2820 2186 2902 2231 ter
2917 2179 3125 2251 repetit,
3139 2178 3282 2235 velut
3301 2192 3436 2236 esset
3459 2185 3630 2237 amnis
3655 2202 3846 2257 magno

2280 2280 2525 2318 sermone
2549 2261 2740 2335 dignus
2757 2307 2774 2329 ‚
2795 2284 2917 2320 cum
2939 2268 3007 2321 sit
3027 2285 3223 2340 parvus
3237 2310 3254 2334 ,
3289 2269 3440 2342 cujus
3467 2272 3662 2327 ostium
3682 2292 3844 2349 parva

2279 2349 2537 2405 duntaxat
2572 2352 2773 2425 navigia
2810 2354 2866 2407 in
2893 2356 3116 2410 statione
3141 2353 3392 2413 admittit.
3433 2360 3556 2414 Non
3597 2358 3749 2432 longe
3773 2362 3845 2419 ab

2278 2436 2390 2509 ejus
2419 2438 2563 2495 fonte
2597 2458 2686 2495 rex
2715 2444 3007 2498 otomanus
3036 2442 3218 2499 hortos
3255 2444 3534 2517 diligenter
3557 2448 3724 2504 cultos
3757 2450 3846 2507 ha-

2278 2524 2386 2582 bet.
2438 2528 2623 2582 Oritur
2651 2528 2856 2584 Rhebas
2894 2531 2951 2584 in
2975 2532 3222 2604 Bithynia
3248 2532 3389 2588 inter
3422 2535 3651 2589 Pontum
3683 2538 3846 2594 Euxi-

2277 2631 2410 2668 num
2445 2624 2498 2669 et
2543 2616 2935 2689 Propontidem.
3009 2621 3192 2691 Itaque
3226 2618 3286 2673 iit
3301 2658 3318 2687 ,
3363 2631 3424 2675 ut
3453 2621 3553 2676 nisi
3598 2636 3843 2697 expertus

2274 2718 2442 2757 essem
2482 2702 2538 2756 in
2563 2702 2738 2758 multis
2761 2704 3096 2759 Eustathium
3132 2704 3266 2761 nibil
3303 2705 3470 2761 solere
3506 2708 3735 2763 scribere
3770 2711 3841 2767 de

2273 2806 2394 2857 suo,
2419 2787 2514 2845 sed
2538 2808 2601 2845 ex
2621 2790 2800 2847 alienis
2815 2792 3138 2858 auctoribus,
3161 2792 3310 2848 valde
3327 2796 3567 2865 mirarer,
3589 2797 3732 2853 unde
3753 2818 3840 2855 ac·

2274 2879 2472 2951 ceperit
2495 2878 2728 2934 Rhebam
2751 2897 2962 2935 manare
2983 2880 3051 2935 ab
3069 2881 3296 2954 Olympo
3327 2884 3497 2955 Mysio
3513 2923 3529 2950 ,
3555 2902 3675 2939 cum
3705 2886 3841 2943 inter

2274 2964 2482 3021 fontem
2524 2965 2718 3021 Rhebae
2756 2978 2810 3022 et
2845 2968 3130 3041 Olympum
3175 2967 3286 3024 duo
3321 2970 3658 3042 Propontidis
3691 2972 3836 3029 sinus

2276 3052 2634 3120 intercedant,
2674 3056 2922 3108 nimirum
2967 3058 3253 3110 Astacenus
3291 3066 3346 3109 et
3370 3057 3600 3112 Cioticus
3619 3098 3636 3125 ,
3669 3078 3838 3133 neque

2277 3159 2368 3196 cos
2399 3142 2544 3195 sinus
2566 3142 2784 3196 circuire
2810 3141 2936 3196 vidi.
2966 3142 3101 3197 Nam
3123 3142 3190 3197 ab
3211 3143 3400 3199 intimo
3425 3145 3548 3201 sinu
3575 3149 3832 3206 Astaceno

2277 3247 2374 3300 per
2408 3228 2674 3302 planitiem
2705 3232 2966 3303 utrinque
3001 3231 3271 3287 montibus
3315 3232 3546 3289 clausam
3575 3235 3838 3309 profectus

2276 3311 2344 3365 ad
2373 3314 2678 3383 Sangarium
2697 3352 2712 3379 ,
2741 3312 2944 3369 nullum
2981 3316 3156 3370 iuva-i
3184 3334 3391 3372 amnem
3421 3318 3735 3394 abOlympo
3768 3322 3837 3378 ad

2277 3399 2510 3453 Pontum
2555 3410 2855 3471 penetrare,
2901 3419 3074 3474 neque
3095 3401 3232 3457 inter
3275 3404 3538 3460 Cioticum
3571 3406 3747 3465 sinum
3783 3418 3837 3463 et

2278 3484 2449 3538 lacum
2491 3486 2772 3541 Ascanium
2790 3527 2806 3551 ,
2853 3504 3009 3560 quem
3035 3485 3194 3543 hodie
3227 3489 3500 3544 Nicoenum
3543 3491 3800 3565 appellant
3815 3532 3832 3561 ,

2277 3572 2538 3627 altissimis
2555 3572 2999 3629 intercedentibus
3019 3574 3316 3643 montibus,
3351 3575 3509 3631 nullis
3549 3576 3768 3633 vallibus
3801 3598 3830 3635 a

2276 3660 2450 3714 Ponto
2466 3659 2547 3715 -ad
2585 3659 2864 3735 Olympum
2901 3661 3294 3734 penetrantibus
3335 3672 3527 3735 praeter
3559 3680 3676 3719 eam
3692 3705 3707 3728 ,
3739 3682 3846 3739 per

2276 3766 2436 3820 quam
2463 3747 2719 3804 delabitur
2735 3748 3029 3821 Sangarius.
3047 3746 3148 3803 Sed
3167 3748 3296 3821 quid
3320 3749 3607 3824 longinqua
3633 3762 3834 3825 πορείᾳ,

2276 3858 2400 3895 cum
2422 3840 2614 3896 Rhebae
2631 3840 2748 3897 sons
2769 3859 2876 3897 non
2901 3840 3062 3895 multa
3085 3841 3305 3898 miliaria
3324 3841 3482 3898 distet
3507 3861 3538 3897 a
3557 3860 3654 3899 suo
3675 3846 3830 3900 ostio.

2272 3934 2394 3987 Jam
2422 3928 2600 3985 Rheba
2627 3940 2680 3985 et
2705 3930 2922 4004 scopulo
2957 3931 3244 4002 Crommyo
3281 3930 3606 4003 perlustratis
3631 3931 3845 4006 conjec—

2274 4018 2450 4073 tabam
2477 4016 2796 4090 Crommyon
2813 4034 2924 4071 esse
2949 4016 3210 4090 Cyaneam
3227 4016 3507 4072 Asiaticam
3522 4057 3539 4081 .
3561 4034 3684 4073 cum
3702 4036 3837 4074 non-

2271 4104 2405 4160 dum
2427 4104 2593 4160 ullum
2610 4103 2770 4158 alium
2797 4120 2860 4158 ex
2883 4103 3096 4176 Europa
3113 4102 3322 4157 intuens
3351 4104 3628 4177 scopulum
3649 4106 3835 4161 Asiati-

2271 4211 2394 4248 cum
2420 4188 2874 4265 deprehendissem
2903 4190 3036 4244 mari
3058 4188 3463 4245 circumdatum.
3491 4190 3594 4247 Sed
3621 4193 3840 4266 Apollo·

2270 4279 2392 4335 nius
2406 4317 2425 4346 ,
2475 4278 2838 4351 Argonautica
2899 4274 3239 4350 profectionis
3293 4294 3447 4332 verus
3513 4278 3797 4352 explicator
3812 4320 3828 4346 ,

2270 4383 2444 4422 meam
2465 4364 2816 4438 conjecturam
2839 4363 3128 4419 infirmavit
3141 4406 3158 4431 ,
3195 4364 3538 4421 introducens
3573 4366 3840 4424 Phineum·

2268 4454 2618 4527 alloquentem
2666 4457 3010 4523 Argonautas.
3061 4452 3140 4505 Ita
3175 4451 3319 4506 enim
3356 4453 3529 4525 inquit
3571 4453 3796 4509 Phineus
3811 4497 3828 4523 ,

2268 4545 2373 4614 (2,
2403 4542 2526 4613 3¹7·
2562 4541 2736 4612 34⁵):

2393 4685 2574 4750 nicea<
2597 4683 2680 4748 μὲν
2707 4683 2991 4747 πάμπρωτον
3008 4718 3024 4745 ²
3042 4683 3373 4749 ἀφορμηθέντες
3395 4684 3556 4751 ἐμεῖο,

2398 4756 2609 4811 Κυανέας
2625 4752 2794 4819 &lesda
2817 4753 2914 4804 δῦω
2933 4754 3042 4813 ἁλὸς
3060 4755 3108 4805 ἐν
3128 4756 3428 4819 ξυνοχῇσιν...

2272 4903 2478 4958 nolitho
2499 4942 2515 4969 ,
2555 4920 2712 4974 quem
2756 4912 2973 4967 vocant,
3005 4912 3224 4957 constat.
3260 4903 3496 4956 Humum
3525 4902 3738 4956 nonnisi
3775 4902 3832 4956 in

2268 4982 2470 5037 fissuris
2509 4981 2663 5036 habet
2681 5021 2697 5047 ,
2737 4982 2791 5035 in
2835 4980 3028 5053 quibus
3065 4980 3243 5036 sethin
3287 4980 3566 5046 minorem,
3615 4980 3830 5035 Alceam

2265 5064 2552 5133 vulgarem,
2575 5063 2762 5118 Sea-elin
2783 5074 2836 5137 et
2852 5061 3097 5117 Staticem
3125 5061 3409 5116 tatae-icam
3430 5062 3674 5116 flor-emes
3699 5062 3832 5119 vidit

2266 5143 2650 5215 Andreossyus.
2679 5142 2819 5197 Olim
2841 5141 3085 5214 scopulus
3118 5139 3288 5195 insula
3318 5139 3418 5195 suit
3440 5180 3456 5206 ,
3483 5158 3628 5195 nunc
3649 5158 3837 5195 amna-—

2266 5242 2390 5279 rum
2409 5225 2604 5279 isthmo
2615 5223 2830 5295 junctus
2856 5233 2938 5277 est
2954 5223 3267 5277 continenti.

2338 5305 2392 5369 3.
2423 5304 2659 5378 Rhebas]
2689 5303 2841 5359 Adde
2864 5301 3006 5375 quod
3025 5302 3223 5357 Plinius
3248 5306 3300 5367 6,
3338 5319 3386 5367 1,
3427 5318 3449 5354 1
3481 5310 3666 5356 notat.
3693 5299 3833 5356 alee-

2266 5386 2388 5440 bam
2403 5426 2419 5450 ,
2443 5402 2588 5458 quem
2607 5383 2841 5439 noumelli
2863 5383 3079 5438 Rhesum
3104 5381 3308 5438 dicunt.
