4584 6284
1764 404 2113 468 ANAt‘Lus
2156 399 2478 463 Bosvom
2517 395 2860 457 Tflssacn.

3835 400 3900 449 41

710 547 1031 621 ¹¹1³1²Ulisstein
1046 548 1222 601 finum
1236 542 1526 615 ⁸¹¹bj0⁰²¹¹¹¹¹
1538 541 1635 596 δώ
1652 541 1914 613 Phnfflem
1930 540 2026 591 vicl
2041 534 2267 591 Μὶὼίθ·
2353 548 2462 600 sius
2487 544 2638 616 ponit
2663 532 2757 601 τὰς
2785 532 2989 605 Χηλάς.
3032 542 3096 595 In
3123 538 3268 593 collis
3285 556 3495 594 summo
3523 537 3718 591 vertice
3748 545 3917 591 exstat

718 631 802 685 ¹505
844 646 1005 701 ‘lm
1046 625 1361 700 ⁸1³P¹i0⁰3³³0
1402 620 1469 677 “d
1508 622 1679 693 il²⁸l¹¹¹¹
1726 620 2147 691 Pr⁰¹¹²⁰¹¹⁸⁰r3¹²¹¹¹
2184 619 2281 673 3¹¹¹·
2352 630 2611 687 luculenta
2652 629 2873 682 cisterna
2886 667 2902 693 ,
2947 626 3170 679 lateritio
3207 642 3366 697 opere
3419 623 3554 678 facta
3567 662 3586 687 ‚
3627 640 3916 696 perennem

717 726 1053 791 P⁰f2¹²0⁸¹¹¹¹¹0
1094 717 1177 769 Ε*
1216 710 1493 767 ὓῦῑθᾶἷθῑῖὅ
1521 709 1629 780 5⁸⁰²
1658 707 1989 761 mmisoemm
2022 716 2129 769 Μ»
2160 722 2283 778 ΡΝ·
2362 721 2716 793 optimamque
2754 717 2908 769 etiam
2949 731 3092 769 nunc
3129 728 3316 783 aquam
3341 712 3616 765 continens
3649 711 3704 764 in
3729 708 3917 763 mediis

716 806 1041 860 montorium
1066 801 1273 857 Hfflfiffi
1295 816 1406 853 &⁵0
1425 797 1477 851 id
1490 838 1506 862 ›
1529 794 1595 849 *d
1614 792 1757 867 quod
1778 792 2011 848 defertur
2030 790 2281 847 flucmuffl
2355 804 2829 861 substructionibus
2851 801 3052 872 antiqui
3076 798 3279 853 edificii
3304 796 3512 852 dudum
3536 796 3732 863 diruti,
3771 798 3915 853 unde

717 892 1001 949 *ebanem
1042 891 1285 945 3¹¹OEssOE
1302 926 1320 954 2
1362 903 1521 959 quem
1562 884 1731 939 (ζωοὶ
1768 878 1925 953 hujm
1964 880 2125 935 ‘³⁸¹3'
2160 882 2285 953 μίῖα
2359 893 2570 947 videtur
2594 902 2706 945 tota
2751 890 2860 944 fere
2897 888 3205 962 Propontis,
3230 896 3284 941 et
3309 886 3574 957 Bosporus
3600 902 3633 939 a
3667 886 3918 957 Byzantio

722 971 891 1050 ῥεῦμα
925 975 1144 1050 proprie
1182 971 1443 1045 appellant
1464 988 1495 1025 a
1520 971 1746 1024 maximo
1771 970 1933 1023 fluctu
1960 969 2119 1024 totius
2166 982 2271 1020 orte

721 1066 995 1135 Europaeoe
1011 1100 1025 1125 ,
1058 1060 1149 1131 qui
1176 1060 1271 1113 etsi
1304 1058 1663 1131 promontorio
1688 1054 1992 1127 refringitur
2014 1054 2271 1125 longeque

721 1161 776 1205 et
796 1148 1031 1203 valenter
1052 1144 1319 1219 repellitur
1342 1146 1396 1198 in
1424 1144 1733 1198 contrariam
1758 1154 1955 1217 partem
1971 1180 1991 1211 ,
2018 1158 2155 1213 sepe
2180 1157 2271 1193 au·

726 1248 835 1290 tem
860 1232 1133 1307 repulsus,
1170 1232 1355 1303 saepius
1394 1248 1572 1284 rursus
1608 1230 1905 1302 impellitur,
1952 1238 2271 1299 urgeturque

726 1318 1241 1379 contravenientibus
1278 1318 1547 1382 fluctibus,
1576 1329 1634 1372 ut
1658 1316 1963 1373 eorumdem
1991 1333 2024 1370 a
2064 1314 2267 1378 fronte,

728 1428 761 1463 a
787 1418 964 1477 tergo,
1009 1424 1039 1459 a
1075 1403 1319 1459 lateribus
1358 1402 1683 1475 repulsorum
1710 1400 2005 1455 colluctatio
2030 1398 2273 1472 quaedam

733 1495 987 1549 verticosa
1024 1492 1282 1555 videatur,
1312 1491 1467 1545 etiam
1494 1488 1647 1543 nullis
1678 1488 1922 1543 flantibus
1952 1486 2147 1553 ventis,
2179 1486 2271 1559 qui

731 1582 907 1653 aliquo
950 1578 1311 1653 promontorio
1350 1575 1669 1649 repercussi,
1700 1584 1857 1647 atque
1884 1574 1939 1627 in
1978 1591 2034 1627 se
2060 1572 2275 1627 volutati

731 1669 899 1724 faeere
924 1666 1091 1721 solent
1124 1665 1345 1719 vortices
1376 1681 1485 1718 non
1514 1662 1675 1717 modo
1702 1662 1759 1715 in
1797 1672 1935 1717 terra
1952 1701 1968 1727 ,
1998 1659 2093 1716 sed
2118 1660 2275 1715 etiam

728 1758 785 1811 in
820 1755 947 1809 mari
969 1774 984 1809 ε
1012 1762 1185 1807 tamen
1214 1750 1301 1804 bic
1319 1760 1463 1804 tanta
1487 1750 1561 1802 vis
1580 1760 1654 1804 est
1672 1746 1923 1802 decursus
1944 1747 2274 1821 precipitan-

726 1847 791 1899 tis
816 1842 1061 1919 Bospori,
1090 1851 1151 1894 ut
1178 1838 1365 1913 rapido
1396 1854 1555 1892 cursu
1580 1854 1786 1911 semper
1812 1835 2059 1891 deorsum
2092 1854 2277 1891 secun—

718 1932 851 1987 dum
878 1929 1302 2005 promontorium
1339 1925 1556 1991 fetatur,
1587 1937 1650 1982 ut
1676 1925 2037 1997 navigantibus
2064 1943 2275 1979 sursum

726 2035 904 2073 rmus
944 2017 1137 2091 partim
1170 2015 1239 2068 sit
1276 2014 1333 2067 in
1362 2022 1556 2067 terram
1600 2011 2024 2067 descendendum
2042 2052 2058 2079 ,
2109 2012 2277 2065 navis-

724 2122 829 2177 que
854 2102 1068 2158 funibus
1102 2099 1386 2165 trahenda,
1414 2100 1607 2172 partim
1642 2100 1801 2153 remis
1839 2096 2183 2153 adnitendum
2211 2096 2277 2151 ad

722 2208 931 2245 saxeam
957 2189 1117 2243 maris
1146 2204 1315 2241 oram.
1390 2186 1573 2257 Neque
1596 2182 1757 2239 modo
1782 2184 1983 2239 cancris
2008 2184 2111 2239 iter
2134 2183 2279 2256 pedi·

723 2278 823 2333 bus
844 2275 1237 2349 suscipiendum
1254 2313 1271 2339 ,
1296 2270 1391 2327 sed
1423 2273 1579 2327 etiam
1604 2271 1711 2325 vidi
1736 2271 2031 2326 hamiarum
2056 2272 2281 2344 piscium

728 2366 929 2437 impetu
970 2362 1235 2416 fluctuoso
1272 2356 1611 2429 gaudentium
1640 2356 1952 2411 celeritatem
1988 2356 2279 2421 retardari;

729 2452 821 2522 qui
862 2449 956 2503 etsi
996 2448 1183 2501 hamos
1222 2444 1453 2499 maxime
1492 2444 1843 2497 internoscere
1876 2442 2045 2497 solent
2060 2482 2077 2507 ,
2110 2452 2281 2497 tamen

728 2553 991 2609 nusquam
1040 2535 1219 2589 minus
1262 2532 1547 2588 bannorum
1594 2528 1809 2586 insidias
1852 2530 2250 2605 deprehendunt
2264 2570 2281 2596 ,

730 2642 889 2697 quam
926 2622 1013 2677 bic
1056 2620 1317 2675 fluetibus·
1344 2618 1585 2692 impediti
1601 2638 1617 2684 ς
1663 2619 1838 2689 itaque
1883 2616 2287 2690 frequentissimi

726 2710 921 2766 ibidem
983 2710 1286 2781 capiuntur,
1344 2706 1773 2779 reliquorumque
1822 2706 2048 2777 piscium
2112 2724 2289 2778 greges

726 2800 875 2853 fluxu
902 2794 1151 2851 retardati
1180 2796 1330 2867 pig-re
1349 2793 1663 2861 ascendunt,
1684 2802 1747 2847 ut
1769 2792 2037 2847 interdum
2066 2805 2288 2848 exterra

724 2882 897 2957 lapide
921 2894 1015 2937 aut
1031 2880 1219 2935 bacillo
1241 2891 1336 2935 aut
1358 2890 1519 2935 conto
1562 2898 1653 2934 eos
1678 2896 1743 2933 ex
1770 2896 1901 2933 nave
1928 2879 2082 2934 ferias
2110 2899 2171 2935 ac
2202 2898 2287 2935 ca-

728 2974 859 3045 pias.
934 2976 1011 3025 Ac
1036 2970 1079 3023 si
1110 2978 1189 3022 tot
1222 2979 1277 3023 et
1300 2978 1469 3023 tantas
1491 2966 1655 3021 molas
1689 2958 1893 3021 rersare
1916 2977 2125 3039 posset,
2154 2985 2289 3039 quos

728 3057 1003 3114 moletrina
1034 3054 1277 3109 collocari
1303 3065 1517 3128 possent
1533 3051 1684 3124 juxta
1703 3054 2053 3124 promontorii
2090 3052 2288 3108 radices

728 3146 915 3201 orienti
932 3140 1181 3213 objectas,
1202 3152 1377 3196 tamen
1400 3159 1507 3196 non
1526 3140 1868 3205 collocantur,
1889 3157 1958 3193 ne
1972 3138 2289 3212 impediatur

730 3231 1007 3301 navigatio.
1021 3228 1325 3282 Nullaenim
1344 3218 1491 3281 naris
1502 3227 1773 3281 silentibus
1788 3228 1953 3281 ventis
1970 3244 2177 3281 sursum
2198 3246 2289 3281 na-

732 3316 905 3385 vigare
918 3322 1108 3387 potest,
1124 3314 1225 3367 nisi
1238 3332 1305 3367 ex
1318 3324 1457 3379 terra
1476 3311 1690 3367 funibus
1712 3311 1965 3377 trahatur,
1984 3323 2077 3366 aut
2102 3313 2287 3367 valenti

732 3402 1071 3471 remigatione
1094 3398 1405 3469 impellatur.
1428 3399 1673 3452 Ceterum
1708 3398 2007 3451 Hestiacum
2040 3414 2290 3469 promon-

734 3490 929 3545 torium
946 3528 963 3555 ,
996 3486 1141 3561 quod
1164 3498 1335 3543 tantos
1373 3486 1563 3541 fluctus
1586 3483 1779 3549 efficit,
1806 3482 2043 3558 profecto
2080 3502 2189 3538 non
2212 3494 2290 3539 est

732 3579 789 3632 in
814 3592 1057 3648 magnam
1093 3586 1187 3629 aut
1211 3572 1537 3629 altitudinem
1562 3572 1793 3639 editum,
1836 3582 1928 3626 aut
1962 3570 2289 3627 latitudinem

734 3676 1059 3738 protensum,
1080 3662 1171 3719 sed
1198 3662 1417 3727 humile,
1444 3680 1551 3716 non
1578 3661 1729 3716 latius
1756 3660 2149 3731 quadringentis
2176 3678 2290 3732 pas-

736 3750 883 3805 sibus
910 3766 1079 3821 neque
1104 3750 1349 3804 trecentis
1384 3747 1633 3802 excelsius
1646 3786 1659 3809 ‚
1700 3763 1873 3817 neque
1915 3746 2141 3801 circuitu
2172 3757 2291 3801 octo

738 3834 1032 3891 stadiorum
1049 3833 1323 3906 'patentius
1337 3870 1354 3899 ,
1382 3830 1517 3885 duos
1542 3831 1687 3884 sinus
1722 3830 1983 3896 claudens,
2022 3830 2241 3886 alterum
2264 3850 2294 3886 a

739 3920 992 3987 meridie,
1022 3918 1246 3973 alterum
1270 3936 1303 3971 a
1326 3915 1795 3989 septentrionibus,
1828 3915 1954 3969 illud
1988 3917 2159 3989 ipsum
2198 3916 2296 3972 d'u-

738 4006 863 4080 plici
913 4004 1041 4061 valle
1074 4004 1340 4067 clausum,
1387 4000 1548 4055 altera
1590 4000 1893 4055 Michaelica
1931 4001 2079 4074 (quae
2132 4001 2298 4057 multo

740 4095 945 4164 longior
991 4110 1153 4165 quam
1204 4090 1632 4163 promontorium
1682 4090 1853 4161 ipsum
1876 4091 1930 4159 ),
1989 4088 2149 4143 altera
2192 4100 2296 4145 tam

740 4181 895 4249 longa
922 4196 1082 4250 quam
1118 4176 1175 4231 id
1210 4176 1429 4247 longum
1466 4175 1685 4232 exsistit.
1760 4173 1845 4229 Ab
1888 4172 2000 4245 ejus
2036 4174 2300 4230 radicibus

738 4268 929 4323 orienti
958 4263 1179 4337 objectis
1208 4264 1263 4319 in
1287 4262 1669 4334 longitudinem
1696 4263 1871 4317 minus
1892 4262 2298 4333 quingentorum

739 4372 985 4429 passuum
998 4352 1260 4427 protem-is
1278 4352 1398 4406 clivi
1416 4352 1557 4405 saxei
1570 4350 1880 4405 attolluntur
1897 4350 1953 4403 in
1972 4348 2300 4405 altitudinem

740 4444 857 4517 plus
884 4444 1055 4497 minus
1077 4440 1429 4495 ducentorum
1458 4439 1725 4509 octoginta
1746 4454 2023 4509 passuum3
2064 4436 2188 4493 inde
2212 4437 2300 4510 ju·

746 4547 871 4603 gum
896 4530 1109 4603 planum
1150 4546 1260 4583 non
1295 4526 1555 4582 excedens
1596 4526 2009 4597 quingentorum
2054 4544 2300 4599 passuum

746 4614 1123 4688 longitudinem
1140 4635 1157 4682 ς
1186 4614 1242 4668 in
1261 4631 1369 4687 quo
1392 4614 1675 4667 constituta
1692 4622 1815 4666 sunt
1835 4610 2111 4665 moletrina
2137 4612 2302 4667 ventis

750 4705 1023 4759 versatilis.
1094 4703 1373 4775 Reliquum
1406 4700 1827 4775 promontorium
1855 4708 2029 4755 totum
2068 4699 2303 4773 undique

749 4792 979 4865 proclive
1003 4800 1081 4845 est
1096 4831 1113 4858 ,
1150 4802 1363 4863 excepta
1388 4791 1587 4843 cervice
1610 4789 1765 4863 plana
1787 4787 2023 4861 quidem,
2051 4788 2144 4842 sed
2172 4807 2300 4861 qua-

750 4888 1025 4931 ternorum
1058 4892 1307 4949 passuum
1334 4875 1659 4929 latitudinem
1686 4892 1793 4930 non
1832 4872 2117 4929 excedente
2134 4916 2149 4940 ,
2197 4892 2300 4947 qua

748 4962 971 5032 assurgit
996 4963 1049 5015 in
1079 4961 1339 5015 excelsum
1369 4960 1553 5014 collem
1579 4961 1767 5033 triplici
1800 4960 1933 5014 clivo
1960 4960 2294 5032 depressum,

752 5050 805 5104 in
850 5065 1097 5121 passuum
1144 5046 1473 5101 altitudinem
1515 5048 1703 5101 elatum
1740 5049 1944 5101 circiter
1972 5046 2139 5099 duum
2182 5046 2298 5101 mil-

749 5138 896 5201 lium,
910 5137 1145 5192 clausum
1166 5134 1370 5190 duabus
1391 5136 1625 5201 vallibus,
1638 5152 1741 5189 una
1757 5132 2025 5190 desinente
2044 5135 2099 5188 in
2122 5136 2294 5189 sinum

751 5222 1107 5277 Michaelicum
1126 5262 1141 5289 ,
1183 5222 1343 5276 altera
1376 5222 1433 5276 in
1468 5222 1643 5277 sinum
1672 5218 1723 5275 i'n
1753 5239 1859 5293 quo
1892 5232 2073 5294 postea
2100 5222 2298 5293 Diony-

2359 980 2426 1036 ad
2462 978 2720 1051 Daphnen
2747 980 3023 1041 insanam,
3057 990 3164 1027 non
3205 970 3524 1045 impediente
3551 972 3757 1026 excelso
3795 989 3917 1045 pro-

2361 1068 2626 1123 montorio
2655 1066 2896 1119 Hermaeo
2911 1103 2926 1129 ,
2957 1080 3068 1136 quo
3089 1060 3173 1115 ille
3197 1058 3448 1115 excelsior
3474 1060 3694 1115 exsistit.

2689 1216 2785 1267 XI.
2827 1218 2904 1267 De
2933 1211 3061 1267 Iocis
3086 1208 3371 1264 noniinatt‘s
3401 1208 3584 1265 Chelis.

3011 1364 3106 1419 Fr.
3157 1368 3252 1421 34.

2435 1510 2638 1563 Deinde
2683 1509 2922 1580 adjungit
2966 1508 3248 1580 Dionysius
3275 1523 3288 1561 :
3327 1511 3382 1559 A
3413 1506 3774 1580 promontorio
3816 1512 3924 1562 He·

2361 1596 2534 1651 scinco
2552 1598 2730 1667 flexus
2756 1595 2874 1667 jam
2907 1593 3292 1662 'levigationem
3315 1592 3548 1665 quietam
3584 1593 3926 1667 stabilemque

2362 1702 2389 1733 e
2433 1682 2544 1735 ecit.
2584 1685 2716 1736 Post
2740 1678 2958 1735 Hestias
2973 1692 3099 1734 sunt
3141 1671 3318 1743 Χηλαὶ
3341 1690 3658 1752 nuncupate
3679 1697 3715 1733 a
3730 1678 3926 1733 simili-

2365 1769 2544 1823 tudine
2550 1768 2742 1841 figurae
2758 1791 2778 1832 ,·
2798 1767 2984 1821 harum
3003 1765 3206 1839 quidem
3227 1766 3406 1819 αἶαν-ω
3433 1764 3690 1820 breviores
3706 1804 3722 1831 ,
3744 1765 3926 1821 altem

2363 1858 2600 1929 majores,
2619 1856 2785 1911 aniboe
2805 1872 2926 1909 vero
2935 1864 3125 1929 portu-t
3138 1852 3436 1915 exsistunt,-
3457 1851 3608 1927 apud
3626 1850 3774 1926 ipsas
3798 1864 3926 1907 tem-

2359 1944 2508 2017 plum
2529 1955 2610 1997 est
2629 1942 2820 1997 Diana·
2849 1940 3141 2010 Dico-m.

2437 2030 2554 2083 Hoc
2577 2028 2695 2082 loco
2713 2026 2998 2099 Dionysius
3023 2025 3183 2079 scalas
3201 2025 3309 2079 sive
3341 2023 3496 2079 molis
3519 2024 3734 2077 brachia
3755 2024 3928 2098 appel-

2367 2108 2440 2163 lat
2477 2098 2660 2171 Χηλὰς
2688 2123 2721 2160 a
2745 2102 3088 2159 similitudine
3115 2103 3376 2177 sorcipum
3403 2103 3514 2157 sive
3550 2102 3922 2165 brachiorum,

2369 2194 2562 2267 quibus
2585 2201 2838 2267 portuum
2873 2189 3036 2246 moles
3065 2188 3316 2262 scalaeque
3353 2188 3548 2244 similes
3583 2208 3696 2243 esse
3719 2190 3924 2257 solent,

2368 2282 2476 2335 sive
2499 2281 2605 2333 sint
2646 2288 2781 2332 rates
2805 2277 2860 2331 in
2897 2294 3041 2331 mare
3076 2274 3320 2349 projecta
3343 2276 3452 2329 sive
3481 2294 3604 2331 saxa
3639 2277 3694 2331 in
3729 2276 3928 2332 vadum

2371 2365 2598 2437 abjecta,
2625 2363 3017 2439 ponticulorurn
3043 2364 3208 2416 vicem
3245 2363 3544 2435 praestantia
3559 2400 3575 2427 ,
3615 2379 3734 2434 quoe
3763 2363 3933 2417 Helle-

2375 2472 2466 2508 nes
2489 2472 2520 2507 a
2545 2454 2725 2524 figurae
2749 2448 3090 2505 similitudine
3114 2441 3284 2521 χηλάς
3321 2451 3536 2522 proprie
3569 2447 3926 2522 appellarunt,

2375 2542 2570 2616 posteri
2591 2541 2762 2595 Graeci
2791 2530 2982 2611 βάθρα,
3013 2536 3186 2593 Latini
3211 2535 3385 2589 scalas
3409 2553 3502 2589 seu
3523 2534 3724 2604 gmdus
3759 2538 3933 2591 nomi·

2375 2638 2570 2683 narunt
2608 2625 2676 2679 ab
2711 2642 2812 2680 usu
2835 2626 3012 2698 potius
3045 2640 3204 2697 quam
3242 2640 3274 2675 a
3297 2620 3640 2676 similitudine
3673 2622 3931 2677 scalarum

2377 2717 2734 2770 nauticarum.
2806 2714 2901 2767 Hie
2919 2751 2934 2778 ,
2961 2711 3028 2766 ab
3065 2708 3364 2765 scandendo
3395 2708 3578 2775 dictae,
3623 2710 3756 2764 nibil
3788 2712 3932 2765 aliud

2375 2812 2498 2855 sunt
2516 2817 2676 2873 quam
2697 2798 2872 2853 trabes
2893 2798 3008 2853 latae
3029 2797 3302 2863 inclinatae,
3329 2797 3383 2849 in
3407 2794 3702 2867 gradusque
3720 2814 3928 2870 exaspe-

2376 2897 2500 2943 ratoe
2515 2925 2532 2953 ,
2571 2885 2669 2940 illae
2697 2902 2820 2939 vcro
2861 2884 3030 2957 planae
3058 2882 3378 2938 collocantur
3403 2891 3456 2935 et
3487 2880 3646 2954 plano
3671 2882 3806 2954 pede
3832 2882 3928 2937 ad-

2376 2982 2590 3027 euntur.
2664 2970 2766 3025 Sed
2797 2980 2972 3024 tamen
2997 2988 3062 3023 ex
3089 2968 3186 3023 illis
3213 2966 3280 3022 ad
3303 2984 3458 3021 nava
3487 2967 3614 3039 quia
3651 2967 3793 3022 velut
3819 2987 3934 3039 gra-

2379 3055 2481 3111 dus
2501 3055 2716 3129 jacitur,
2746 3055 2866 3109 ideo
2894 3052 3208 3125 jamdudum
3235 3053 3522 3105 inveterata
3545 3053 3936 3109 'consuetudine

2377 3143 2534 3197 etiam
2585 3140 2734 3196 scslae
2771 3141 3131 3205 nominantur,
3174 3137 3450 3209 depravate
3487 3136 3724 3208 quidem.
3796 3140 3934 3193 Nam

2377 3227 2609 3299 primum
2633 3217 2829 3296 χηλαί,
2853 3222 3045 3279 deinde
3071 3216 3233 3295 χαλαί
3268 3241 3299 3276 a
3321 3222 3516 3277 Grecis
3535 3220 3648 3293 jam
3685 3225 3933 3292 ignoran-

2377 3314 2548 3379 tibus,
2576 3310 2706 3384 quid
2732 3310 3022 3382 significent
3041 3301 3236 3381 χηλαί,
3264 3306 3456 3361 deinde
3485 3307 3624 3377 vulgi
3651 3320 3932 3363 consuetu·

2376 3398 2526 3465 dine,
2573 3416 2690 3472 quae
2737 3398 2910 3451 literas
2955 3394 3238 3468 depravare
3279 3394 3408 3449 solet
3425 3433 3440 3459 ,
3480 3393 3628 3447 scalae
3664 3410 3678 3447 ε
3727 3406 3788 3449 ut
3821 3395 3934 3467 jam

2378 3488 2688 3543 Graecorum
2731 3482 2914 3555 vulgus
2959 3485 3160 3555 ignoret
3175 3524 3192 3551 ,
3231 3482 3360 3557 quid
3407 3482 3508 3537 sibi
3547 3482 3706 3537 velint
3737 3476 3932 3556 χηλαί,

2377 3575 2506 3649 quid
2534 3568 2720 3649 βάθρα,
2747 3572 2840 3629 sed
2860 3572 3116 3629 duntaxat
3137 3574 3286 3627 novit
3307 3571 3484 3626 scalas.
3560 3575 3736 3640 Quam
3757 3586 3934 3629 autem

2379 3664 2604 3719 celebres
2631 3662 2758 3717 olim
2785 3672 2956 3715 essem
2979 3660 3059 3715 hae
3085 3660 3254 3715 Chelae
3280 3658 3376 3732 [ad
3402 3658 3532 3713 hod.
3563 3658 3727 3715 Bebek
3747 3660 3932 3733 sitae1,

2379 3750 2642 3804 declarant
2662 3749 2972 3821 piscatores,
2994 3748 3086 3819 qui
3115 3766 3178 3801 ex
3203 3757 3280 3801 tot
3306 3764 3414 3801 orae
3439 3746 3734 3817 Bosporicae
3761 3748 3935 3801 nomi·

2385 3840 2538 3893 nibus
2549 3840 2647 3900 uix
2679 3836 2900 3910 paucula
2927 3834 3162 3907 quadam
3189 3835 3469 3887 retinentes
3485 3872 3500 3897 ,
3527 3833 3762 3887 medium
3789 3835 3936 3889 sinus

2383 3928 2582 3981 fluxum
2618 3926 2861 3978 Hestiaco
2900 3932 2952 3976 et
2990 3921 3230 3973 Hermaeo
3280 3918 3658 3991 promontoriis
3701 3918 3935 3975 clausum

2383 4014 2536 4066 etiam
2561 4028 2705 4066 nunc
2725 4008 2981 4081 appellant
3003 4006 3199 4069 chalus,
3221 4006 3366 4078 quasi
3385 3998 3555 4077 χηλάς
3568 4041 3586 4070 ,
3617 4024 3742 4060 cum
3761 4016 3937 4061 tamen

2386 4102 2439 4153 in
2470 4099 2571 4153 boc
2601 4098 2722 4152 sinu
2759 4095 2901 4150 nulla
2941 4105 3123 4169 portus
3161 4092 3403 4158 brachia,
3446 4090 3604 4147 nullae
3643 4091 3791 4147 scalae
3831 4096 3938 4149 sint

2385 4184 2624 4257 publice,
2649 4183 2750 4235 nisi
2775 4181 2958 4236 breves
2980 4180 3156 4251 paucis
3169 4176 3402 4231 trabibus
3420 4188 3724 4250 compactae,
3748 4196 3938 4255 parum

2387 4274 2440 4325 in
2465 4272 2626 4324 altum
2653 4268 2896 4343 projectae
2912 4308 2928 4333 ,
2957 4278 3010 4321 et
3035 4284 3152 4338 quae
3176 4269 3412 4340 excipere
3438 4266 3694 4321 duntaxat
3719 4278 3939 4339 possunt

2389 4375 2544 4431 parva
2567 4356 2788 4426 navigia,
2815 4354 3008 4428 quibus
3022 4372 3112 4407 rex
3135 4354 3374 4425 regisque
3393 4352 3604 4408 olitores
3622 4353 3939 4410 doecendero

2387 4444 2550 4498 sdent
2587 4444 2644 4496 in
2680 4442 2863 4496 hortos
2887 4440 3155 4514 proximos
3200 4438 3431 4494 fontibus
3459 4436 3779 4512 perennibus
3817 4441 3938 4499 irri-

2387 4548 2545 4603 guos,
2569 4530 2794 4583 virentes
2819 4526 2958 4580 silvis
2995 4544 3352 4599 cupressorum
3387 4524 3680 4597 plantisque
3709 4525 3941 4580 fructife-

2391 4620 2492 4687 ris,
2532 4617 2658 4670 sitos
2685 4614 2875 4686 partim
2908 4613 2964 4666 in
3009 4611 3114 4665 ima
3141 4610 3284 4665 vallis
3320 4608 3536 4681 planitie
3571 4610 3842 4666 desinente
3881 4612 3936 4666 in

2391 4700 2621 4757 medium
2649 4700 2795 4753 sinus
2821 4698 3014 4754 flexum
3033 4738 3049 4765 ,
3077 4698 3265 4769 partim
3293 4696 3346 4748 in
3376 4693 3488 4765 ejus
3525 4695 3670 4749 clivis
3700 4698 3937 4751 eminen-

2386 4790 2523 4842 tibus
2545 4804 2702 4859 supra
2726 4788 2898 4841 sinum
2929 4786 3148 4839 circuitu
3168 4783 3398 4837 terrestri
3420 4793 3500 4837 ter
3516 4783 3654 4837 mille
3671 4794 3724 4838 et
3743 4785 3938 4856 septin-

2388 4885 2568 4945 gentos
2597 4893 2778 4947 passus
2809 4872 3231 4945 complectentem
3245 4911 3261 4935 ,
3281 4888 3312 4925 e
3333 4872 3526 4943 quibus
3559 4871 3700 4925 mille
3728 4881 3781 4924 et
3805 4890 3937 4943 qua-

2385 4961 2687 5030 dringentos
2733 4968 2988 5029 occupant
3034 4958 3158 5027 regii
3209 4956 3385 5024 horti,
3436 4956 3748 5013 maritimam
3787 4974 3939 5009 oram

2386 5048 2715 5118 attingentes.
2741 5046 2895 5101 Scalae
2911 5055 3002 5099 aut
3019 5044 3167 5098 molis
3181 5043 3405 5109 brachia
3421 5049 3513 5109 hie
3531 5044 3810 5099 constituta
3831 5060 3940 5096 non

2385 5134 2598 5189 suerunt
2620 5132 2686 5188 ad
2711 5130 3087 5207 protegendum
3109 5142 3328 5203 portum
3355 5159 3392 5201 a
3411 5132 3579 5199 renfiss
3600 5130 3762 5195 (nam
3776 5129 3946 5180 utrin-

2383 5240 2486 5292 que
2509 5222 2722 5277 excelsis
2744 5220 3008 5275 montibus
3032 5216 3333 5299 clauditur,
3361 5214 3732 5309 Qumgmibns
3750 5210 3958 5281 quidem
