4584 6284
1915 454 2483 517 PROLEGOMENA

602 591 795 673 Ῥώμῃ
844 593 1197 674 βιὸλιοθηκῶν
1235 594 1522 673 ῥωμαϊκῶν
1566 589 1660 648 καὶ
1695 590 1983 661 ἑλληνικῶν
1999 633 2019 666 ,
2063 586 2151 647 καὶ
2244 589 2646 670 consequitur
2691 595 2799 652 aut
2830 592 3087 654 Hunnos
3116 591 3302 655 etiam
3340 600 3673 677 antequam
3700 598 3793 661 hi-

601 682 692 742 ἐπὶ
717 686 809 754 τῆς
833 681 1076 749 παιδείας
1101 681 1370 764 Ἀδριανοῦ
1411 679 1676 737 ἐπιστολή
1699 682 1789 736 τοῦ
1818 677 1973 738 αὐτοῦ
2002 678 2154 737 etto·
2245 677 2436 740 storia
2452 676 2851 753 innotuerint,
2880 697 2915 740 a
2938 676 3292 761 geographo
3304 690 3789 750 commemorari

597 770 862 851 κράτορος.

2245 766 2523 846 potuisse
2535 811 2551 840 ,
2577 771 2682 829 aut
2698 784 2735 830 a
2762 765 3015 831 librario
3033 769 3225 833 seculi
3249 773 3451 852 quarti
3469 775 3564 838 vel
3590 776 3792 858 quinti

678 859 974 940 Superest
997 866 1071 922 ut
1097 857 1368 922 aliorum
1401 852 1479 917 de
1506 835 1784 934 Dionysii
1813 859 1990 917 aetate
2017 869 2159 914 sen·
2245 853 2636 918 notissimum
2675 859 2824 917 tunc
2864 857 3227 920 Hunnorum
3268 877 3500 924 nomen
3537 863 3604 926 in
3632 864 3792 930 alius

597 948 819 1011 tentias
841 960 1442 1012 commemoremus.
1475 945 1642 1006 Inter
1663 961 1770 1006 eos
1797 941 2154 1023 longissime

595 1055 630 1099 a
659 1035 890 1099 nostris
919 1031 1267 1099 rationibus
1297 1029 1538 1094 recedit
1559 1029 2019 1113 Bernhardyu5‚
2047 1027 2154 1110 qui

595 1123 988 1205 Periegetam
1039 1117 1366 1202 scripsisse
1402 1124 1617 1182 censet
1643 1123 1902 1182 exeunte
1941 1117 2154 1182 seculo

593 1216 780 1281 tertio
806 1216 905 1278 vel
931 1215 1189 1277 ineunte
1230 1217 1472 1294 quarto.
1499 1213 1633 1274 Hoc
1652 1229 1798 1274 vero
1826 1215 1896 1275 ut
1909 1210 2002 1274 vir
2032 1209 2156 1273 exi-

596 1302 764 1367 mius
792 1302 913 1366 sibi
937 1299 1364 1384 persuaderet,
1387 1316 1517 1382 prae
1544 1296 1766 1362 ceteris
1791 1299 2154 1360 Hunnorum

597 1391 767 1475 apud
795 1388 1164 1471 Dionysium
1183 1387 1418 1452 mentio
1440 1385 1704 1450 induxit.

687 1501 719 1541 α
768 1479 891 1544 Sed
943 1483 1365 1553 momentum,
1410 1475 1645 1558 inquit,
1687 1475 1926 1558 praehet
1959 1495 2153 1541 unum

598 1565 1074 1634 stabilissimum
1111 1567 1484 1630 Hunnorum
1522 1562 1791 1642 mentio,
1818 1581 1940 1646 qua
1971 1562 2155 1644 pleri-

600 1674 723 1739 que
747 1654 1250 1738 defungehantur
1271 1671 1462 1736 opera
1483 1650 1736 1730 leviore,
1759 1651 1928 1731 quod
1957 1669 2151 1733 popu·

597 1745 734 1808 lum
759 1743 842 1808 ad
863 1762 1037 1808 mare
1059 1743 1353 1826 Caspium
1371 1739 1683 1804 Vitiorum
1704 1738 1770 1802 in
1791 1738 1937 1802 sede
1956 1757 2014 1802 v.
2035 1743 2153 1804 730

593 1833 882 1898 viderant
903 1831 1270 1915 repositum.
1295 1832 1375 1893 At
1397 1827 1567 1893 unde
1586 1875 1604 1905 ,
1627 1845 1842 1910 quaeso
1859 1873 1876 1904 ,
1903 1845 2154 1910 compe-

596 1929 768 1986 rerat
791 1921 1016 1985 Noster
1047 1919 1127 1983 de
1163 1937 1238 1983 ea
1263 1924 1476 2000 gente,
1519 1933 1708 1999 quam
1730 1915 1972 1996 primus
1996 1934 2034 1979 a
2052 1935 2152 1980 ru-

595 2026 774 2072 more
793 2007 1068 2092 quodam
1085 2012 1406 2090 acceptam
1417 2007 1687 2070 Zonaras
1699 2003 1978 2066 exhibuit
1997 2004 2150 2068 Caro

595 2103 895 2178 regnante
936 2093 1293 2179 provenisse
1308 2139 1325 2170 ,
1371 2092 1555 2156 bellis
1594 2091 1906 2172 cognitam
1949 2093 2148 2177 quarti

594 2184 852 2248 demum
893 2181 1110 2247 saeculi
1147 2181 1481 2265 scriptores
1522 2179 1916 2257 describunt,
1949 2198 2150 2262 neque

591 2271 864 2352 vulgaris
905 2269 1304 2352 geographiae
1335 2269 1632 2349 magister
1657 2267 1860 2350 potuit
1887 2265 2004 2334 nisi
2031 2285 2148 2331 usu

593 2358 1030 2442 longinquiore
1059 2365 1270 2422 notam
1308 2356 1524 2421 libello
1562 2353 1963 2438 consignare?
1990 2356 2143 2418 Nam

590 2449 966 2512 Ptolemaeus
1001 2445 1256 2528 quidem
1306 2463 1465 2528 quos
1503 2442 1750 2507 Chunos
1792 2443 1990 2518 novit,
2037 2461 2144 2507 eos

588 2535 672 2600 ad
715 2535 1035 2618 regionem
1068 2532 1382 2598 transtulit
1414 2531 1596 2613 longe
1640 2529 2136 2594 diversissimam.

588 2625 700 2688 His
719 2625 948 2688 Alanos
972 2621 1162 2698 adde,
1188 2637 1345 2704 quos
1384 2619 1778 2684 annotatione
1797 2618 1879 2682 ad
1906 2638 1993 2681 vs.
2022 2622 2142 2684 308

584 2719 878 2777 tractatos
915 2711 1135 2775 eadem
1177 2711 1244 2771 in
1273 2725 1454 2772 causa
1489 2707 1720 2772 versari
1746 2724 1998 2770 necesse
2022 2711 2134 2770 est.

581 2801 888 2865 l'raeclare
915 2799 1104 2880 igitur
1122 2807 1187 2862 et
1211 2795 1547 2859 liberaliter
1567 2795 1667 2875 agi
1685 2802 1974 2877 putamus
1992 2814 2138 2860 cum

578 2890 909 2972 Dionysio,
963 2888 1014 2951 si
1057 2887 1244 2950 tantis
1292 2902 1624 2967 oppressus
1658 2881 1904 2947 indiciis
1947 2883 2139 2948 finem

576 2982 744 3046 tertii
773 2979 969 3044 seculi
1008 2975 1106 3040 vel
1139 2972 1395 3038 exordia
1421 2971 1625 3054 quarti
1665 2977 1852 3053 queat
1879 2971 2039 3034 tueri
2067 2990 2140 3034 ac

577 3070 895 3153 propriam
923 3071 1172 3130 aetatem
1201 3062 1504 3126 obtinere.
1530 3083 1561 3120 a

657 3160 808 3222 Haec
859 3155 1049 3234 igitur
1113 3147 1416 3231 temporis
1465 3147 1699 3213 notatio
1743 3146 1959 3211 nititur
2000 3144 2141 3211 loco

576 3249 834 3309 Zonarae
865 3246 1005 3322 (12,
1051 3245 1153 3314 20,
1193 3245 1348 3301 tom.
1381 3241 1440 3313 1,
1489 3257 1553 3318 p.
1585 3237 1703 3299 638
1731 3233 1964 3312 Bonn.)
1983 3279 2001 3312 ,
2029 3231 2138 3297 ubi

579 3335 774 3397 Carus
810 3329 1156 3411 imperator
1189 3323 1534 3388 secundum
1577 3320 1914 3386 nonnullos
1947 3319 2009 3382 in
2038 3337 2142 3382 ex-

582 3417 906 3501 peditione
933 3413 1221 3490 Hunnica
1247 3410 1492 3476 occisus
1521 3427 1661 3473 esse
1688 3405 1972 3492 proditur
1997 3409 2017 3488 (
2033 3425 2133 3469 an.

580 3510 724 3584 283,
757 3525 819 3588 p.
863 3505 907 3567 C
922 3505 990 3582 .),
1023 3501 1178 3565 dum
1207 3497 1571 3581 Eutropius,
1611 3496 1894 3572 Orosius,
1924 3496 2139 3559 Sextus

579 3595 800 3675 Rufus,
829 3591 1139 3673 Vopiscus
1166 3593 1230 3653 et
1247 3587 1383 3671 ipse
1403 3588 1672 3651 Zonaras
1698 3584 2137 3668 imperatorem

578 3687 648 3750 in
672 3681 1066 3767 expeditione
1089 3684 1308 3743 contra
1331 3679 1550 3741 Persas
1583 3675 1711 3740 sive
1747 3673 2006 3740 Parthos
2031 3691 2141 3739 oc-

579 3773 872 3839 cubuisse
895 3786 1021 3834 uno
1048 3785 1158 3832 ore
1177 3765 1508 3830 affirmant.
1532 3767 1672 3829 Jam
1687 3781 1836 3830 vero
1856 3763 1909 3828 si
1929 3761 2138 3828 seculo

579 3859 960 3925 duodecimo
997 3858 1267 3920 Zonaras
1299 3853 1366 3916 in
1403 3849 1730 3916 annalibus
1768 3848 2136 3933 quibusdam

580 3950 838 4011 Hunnos
865 3945 931 4008 in
956 3947 1290 4008 Persarum
1316 3940 1528 4004 locum
1569 3936 1928 4002 substitutos
1961 3954 2138 4019 repe-

579 4036 694 4112 rit,
726 4051 914 4097 nemo
961 4032 1026 4096 in
1062 4030 1326 4093 his-non
1359 4025 1642 4108 agnoscit
1678 4023 1991 4108 Byzantini
2021 4024 2135 4087 aevi

580 4127 1011 4187 commentum
1041 4117 1328 4200 ejusdem
1355 4114 1537 4198 plane
1566 4113 1828 4178 levitatis
1855 4117 2036 4194 atque
2062 4112 2136 4174 il-

579 4209 689 4274 lud
711 4227 838 4293 quo
854 4207 1020 4290 apud
1049 4202 1519 4269 Constantinum
1533 4203 1800 4264 Manass.
1827 4199 1892 4262 in
1915 4201 2128 4281 Comp.

579 4297 867 4362 Chronol.
917 4314 979 4377 p.
1012 4298 1088 4357 12
1130 4295 1392 4356 Hunnos
1410 4337 1427 4366 ‚
1462 4288 1615 4355 olim
1651 4286 2010 4354 Sesostridis
2038 4305 2134 4352 so-

581 4385 745 4460 cios,
777 4388 990 4467 postea
1017 4381 1278 4444 Parthos
1301 4384 1552 4442 vocatos
1579 4395 1712 4440 esse
1741 4375 1997 4459 quidam
2021 4375 2134 4439 ha-

573 4472 982 4537 -riolabantur.
1029 4466 1214 4551 Apud
1259 4464 1418 4531 fidos
1446 4465 1778 4548 scriptores
1821 4463 2029 4528 Hunni
2065 4465 2131 4527 in

571 4559 960 4642 populorum
1011 4554 1272 4620 historia
1311 4555 1587 4637 primum
1635 4559 1934 4634 apparent
1969 4572 2130 4618 anno

570 4652 722 4713 ³375.
747 4646 1075 4730 Dionysius
1091 4644 1300 4724 igitur,
1326 4641 1378 4705 si
1405 4661 1512 4706 eos
1527 4640 1774 4705 nonnisi
1792 4641 2129 4724 longinquo

579 4755 702 4800 usu
719 4741 899 4799 notos
917 4747 1412 4818 commemorare
1431 4729 1750 4810 potuisset,
1763 4727 2128 4808 relegandus

562 4824 743 4888 ‚foret
783 4823 849 4886 in
893 4820 1178 4886 seculum
1220 4818 1508 4901 quintum
1548 4817 1647 4881 vel
1695 4816 1897 4900 quarti
1933 4815 2126 4880 seculi

578 4932 776 4979 annos
805 4919 1156 4996 postremos
1173 4956 1191 4989 ,
1223 4908 1383 4972 adeo
1418 4914 1488 4971 ut
1514 4907 1726 4989 junior
1760 4911 1924 4972 esset
1947 4908 2126 4972 Festo

583 5001 813 5066 Avieno
831 5047 848 5077 ,
879 4999 988 5082 qui
1029 4997 1242 5063 seculo
1286 5003 1508 5080 quarto
1546 4994 1898 5076 Periegesin
1940 4995 2130 5076 magi-

554 5089 904 5170 ²stellorum
953 5084 1142 5167 longo
1189 5085 1326 5165 Jam
1369 5101 1487 5146 usu
1539 5082 1747 5146 tritam
1793 5099 2130 5163 eorumque

570 5175 867 5241 ludibriis
902 5173 1138 5256 passim
1158 5172 1294 5253 jam
1322 5170 1715 5254 depravatam
1742 5171 2012 5236 carmine
2040 5169 2130 5235 la-

568 5265 705 5330 tino
735 5265 1013 5329 imitatus
1043 5268 1156 5326 est.
1186 5260 1256 5325 Id
1291 5279 1436 5326 vero
1459 5279 1653 5345 quum
1680 5261 1816 5327 fieri
1839 5266 2124 5344 nequeat,
2141 5335 2155 5343 ⁶

2245 939 2459 1021 populi
2486 940 2696 1006 locum
2726 960 2861 1006 esse
2886 941 3279 1007 substitutum
3298 992 3315 1018 ,
3342 945 3637 1034 ideoque,
3663 952 3790 1018 sive

2242 1027 2364 1091 hoc
2388 1029 2515 1091 sive
2542 1028 2700 1092 illud
2724 1030 3020 1094 malueris
3034 1077 3051 1108 ,
3079 1032 3320 1098 nullum
3342 1035 3619 1119 Dionysii
3651 1041 3791 1107 loco

2242 1114 2444 1179 inesse
2468 1122 2855 1182 momentum
2878 1118 3405 1202 chronologicum.
3524 1183 3533 1194 .

2322 1205 2687 1270 Ammianus
2713 1206 3107 1272 Marcellinus
3130 1212 3245 1288 (31,
3272 1215 3331 1290 2,
3356 1213 3504 1293 {lin
3530 1215 3791 1282 historia

2243 1294 2388 1356 anni
2414 1296 2530 1358 375
2556 1294 2636 1358 de
2662 1294 2905 1358 Hunnis
2928 1313 3147 1376 agens,
3182 1305 3415 1378 peritam
3434 1321 3565 1366 eam
3582 1324 3793 1368 monu-

2242 1389 2456 1446 mentis
2479 1385 2777 1447 veteribus
2804 1386 3013 1448 leviter
3041 1391 3261 1463 notura,
3293 1407 3420 1454 non
3444 1410 3591 1458 vero
3614 1393 3791 1476 igno·

2244 1481 2370 1537 tam
2387 1519 2404 1550 ,
2440 1491 2575 1536 esse
2604 1472 2777 1537 dicit.
2818 1474 3259 1540 Recentiorum
3296 1481 3579 1548 nonnulli
3621 1486 3793 1548 Hun-

2243 1579 2357 1626 nos
2385 1566 2727 1642 agnoscunt
2748 1561 2814 1624 in
2832 1563 3067 1626 Chunis
3094 1563 3259 1646 apud
3288 1565 3561 1630 Plinium
3583 1573 3660 1648 (6,
3684 1578 3791 1650 22,

2241 1651 2353 1732 55)
2374 1652 2551 1732 juxta
2566 1651 2877 1716 Tocharos
2905 1649 2969 1714 in
2990 1651 3134 1715 Asia
3156 1649 3525 1734 degentibus
3552 1655 3650 1736 (1),
3675 1681 3791 1726 nec

2241 1757 2367 1802 non
2400 1738 2465 1802 in
2490 1740 2720 1804 Chunis
2745 1758 2903 1823 quos
2933 1741 3307 1805 Ptolemaeus
3346 1761 3543 1826 prope
3562 1745 3793 1811 Maeoti-

2243 1827 2386 1891 dem
2418 1828 2709 1910 paludem
2741 1827 2807 1891 in
2834 1827 3138 1893 Sarmatia
3166 1829 3470 1912 Europaea
3503 1833 3798 1900 collocat..

2240 1913 2416 1990 Quod
2464 1915 2572 1998 qui
2613 1914 2966 1996 probaverit
2980 1963 2998 1992 ,
3048 1915 3205 1980 nihil
3251 1935 3400 1982 sane
3466 1919 3795 1989 mirabitur

2203 2023 2209 2028 ·
2239 2001 2517 2066 medium
2534 2003 2693 2067 inter
2702 2003 2851 2069 istos
2862 2004 3071 2070 locum
3093 2023 3286 2088 prope
3309 2023 3483 2071 mare
3500 2009 3791 2092 Caspium

2235 2090 2477 2154 Hunnis
2506 2092 2806 2174 assignari
2846 2111 2885 2157 a
2929 2093 3223 2176 Dionysio
3259 2101 3443 2160 aetate
3491 2115 3601 2160 sua
3632 2097 3794 2163 inter

2235 2176 2507 2240 Plinium
2550 2184 2612 2242 et
2648 2180 3059 2245 Ptolemaeum
3098 2180 3328 2246 medio.
3366 2183 3490 2246 Sed
3514 2201 3594 2246 ne
3633 2201 3793 2267 opus

2237 2265 2495 2347 quidem
2523 2271 2615 2330 est
2646 2275 2716 2330 ut
2742 2285 2819 2331 eo
2854 2267 3316 2350 confugiamus;
3346 2285 3492 2332 nani
3532 2271 3791 2336 Hunnos

2236 2354 2570 2436 quosdam,
2604 2355 2728 2418 sive
2771 2355 3053 2437 ejusdem
3096 2354 3304 2439 stirpis
3347 2374 3492 2420 cum
3525 2356 3602 2421 iis
3630 2377 3789 2442 quos

2233 2442 2494 2512 historia
2532 2443 2730 2510 novit.
2786 2443 2915 2506 sive
2968 2442 3155 2516 alius,
3204 2443 3270 2506 in
3319 2444 3575 2523 regione
3627 2447 3792 2512 inter

2230 2531 2498 2594 Pontum
2524 2530 2836 2594 Euxinum
2864 2538 2929 2594 et
2950 2548 3121 2593 mare
3146 2531 3439 2612 Caspium
3468 2532 3791 2613 interjecta

2231 2618 2357 2700 jam
2394 2618 2691 2684 Herodoti
2732 2626 3016 2701 tempore
3069 2619 3429 2683 consedisse
3473 2620 3675 2703 liquet
3714 2641 3791 2686 ex

2231 2707 2633 2790 inscriptione
2660 2707 2939 2784 Persica,
2972 2725 3114 2790 quae
3140 2707 3210 2770 in
3233 2726 3500 2772 recensu
3529 2711 3791 2790 populo·

2229 2814 2368 2859 rum
2393 2797 2598 2859 Persis
2622 2796 3050 2878 subjectorum
3068 2797 3245 2878 juxta
3264 2797 3547 2876 Saspires
3574 2801 3789 2878 Arme-

2230 2883 2351 2947 nioe
2388 2882 2578 2946 etiam
2625 2885 2844 2945 Hunos
2880 2883 3099 2958 habet,
3144 2901 3299 2966 quos
3342 2901 3470 2947 non
3512 2883 3789 2951 diversos

2229 2990 2366 3035 esse
2397 2990 2434 3034 a
2461 2970 2772 3052 Scythinis
2799 2970 3229 3052 Xenophontis
3252 2971 3490 3054 (Anab.
3523 2976 3585 3048 4,
3620 2976 3680 3048 ’1,
3711 2974 3784 3058 8)

2231 3061 2393 3125 cum·
2434 3057 2726 3122 Lassenio
2807 3065 3020 3122 censet
3085 3059 3354 3124 Ritterus
3414 3061 3791 3138 (Erdlcrmde

2228 3154 2379 3212 tom.
2409 3150 2469 3223 8,
2502 3167 2565 3229 p.
2599 3151 2676 3210 92
2704 3144 2894 3229 sqq.).
2922 3145 3047 3210 Sed
3070 3145 3209 3212 haec
3232 3166 3483 3231 quoque
3512 3166 3629 3229 ego
3649 3150 3790 3231 qui-

2231 3237 2378 3301 dem
2407 3236 2600 3299 missa
2621 3235 2912 3310 fecerim,
2942 3241 3004 3298 et
3044 3237 3286 3301 adhoc
3311 3236 3517 3319 potius
3555 3240 3789 3302 attendi

2227 3325 2413 3388 velim
2431 3371 2448 3400 ‚
2483 3322 2653 3405 quod
2676 3327 2891 3402 gentes
2919 3323 3111 3386 maris
3138 3324 3338 3406 Caspii
3361 3324 3592 3389 accolae
3620 3327 3789 3409 apud

2227 3409 2590 3493 Dionysium
2614 3408 2837 3473 eodem
2852 3409 3043 3472 modo
3066 3409 3477 3494 disponuntur
3492 3432 3617 3495 quo
3640 3415 3801 3480 inde-

2227 3500 2309 3562 ab
2336 3497 2749 3563 Eratosthene
2790 3497 3069 3561 ordinari
3114 3498 3427 3576 solebant,
3460 3500 3581 3564 nisi
3618 3505 3787 3586 quod

2227 3585 2557 3668 Dionysius
2568 3585 2771 3656 Οὗνους
2787 3586 2887 3649 vel
2907 3584 3139 3656 Οὔννους
3150 3586 3400 3651 exhibet
3418 3605 3496 3652 eo
3516 3587 3659 3655 loco
3676 3591 3798 3656 ubi·

2229 3675 2420 3740 ceteri
2444 3673 2781 3757 geographi
2795 3671 3033 3738 habent
3051 3673 3291 3744 Οὐιτίους
3308 3675 3589 3758 (Strabo),
3620 3677 3789 3742 Ueios

2227 3764 2483 3844 Scythas
2515 3760 2699 3843 (Tab.
2736 3761 3252 3844 Peut.)‚.Futmos
3282 3763 3445 3845 (Jul.
3478 3762 3712 3830 Honor.
3734 3772 3781 3847 ),

2227 3849 2404 3920 Obsce.-
2431 3849 2664 3930 (Pron),
2688 3849 2919 3913 Udiuos
2936 3849 3193 3930 Scythas
3210 3849 3423 3934 (Varro
3443 3870 3542 3934 ap.
3570 3852 3801 3934 Plin.)..

2226 3939 2384 4003 Vide
2411 3944 2540 4003 not.
2569 3937 2651 4002 ad
2686 3955 2777 4001 vs.
2808 3941 2948 4016 730,
2978 3956 3043 4019 p.
3086 3941 3222 4003 149.
3266 3939 3446 4016 Quod
3472 3944 3795 4022 reputanti·

2226 4027 2511 4092 omnium
2550 4024 3079 4090 verisimillimum
3124 4043 3259 4089 esse
3296 4024 3611 4090 videbitur
3636 4046 3791 4092 eun-

2227 4115 2371 4180 dem
2416 4114 2721 4198 populum
2772 4114 3133 4197 Scythicum
3186 4114 3353 4196 apud
3418 4115 3801 4196 Dionysium·

2223 4221 2473 4286 quoque
2531 4201 3007 4281 intelligendum
3072 4219 3245 4277 esse,
3314 4207 3501 4286 atque
3560 4202 3805 4274 ΟὕΝους.

2223 4310 2258 4354 a
2297 4291 2549 4354 librario
2592 4288 2789 4353 seculi
2829 4289 3032 4374 quinti
3068 4306 3185 4371 pro
3223 4289 3441 4360 ΟὔΔους
3482 4289 3785 4374 scriptun.

2228 4397 2361 4443 esse
2380 4425 2396 4456 ,
2425 4377 2523 4442 vel
2565 4377 2755 4442 etiam
2792 4377 3002 4461 ipsum
3034 4376 3399 4459 Dionysium
3426 4397 3541 4462 pro
3582 4381 3782 4444 OI'A‘r

2225 4489 2338 4535 νους
2356 4485 2391 4530 e
2416 4465 2634 4531 codice
2656 4466 2880 4532 vitioso
2900 4471 2964 4532 et
2982 4465 3394 4531 condonando
3415 4465 3547 4531 fere
3569 4485 3805 4534 errore·

2226 4555 2471 4620 dedisse
2496 4557 2799 4630 ΟΥΝνους,
2828 4531 3013 4619 ἔὶοιιιί
3036 4552 3188 4618 alibi
3211 4555 3319 4633 (vs,
3343 4558 3519 4634 1069)
3540 4556 3803 4626 Totam.

2224 4643 2473 4707 exhibet
2509 4661 2624 4725 pro
2670 4642 2939 4715 Ταόκους,
2974 4639 3255 4722 aliosque
3284 4641 3614 4707 nominum
3651 4643 3800 4707 for--

2221 4751 2356 4797 mas
2378 4737 2702 4812 corruptas
2720 4731 2939 4810 habet,
2964 4747 3119 4812 quas
3155 4747 3359 4810 neque
3381 4729 3781 4797 librariorum

2223 4820 2621 4902 negligentiae
2643 4818 2959 4884 vindicare
2986 4816 3209 4900 possis,
3244 4835 3451 4901 neque
3478 4817 3634 4900 legis
3652 4837 3785 4883 me-

2225 4910 2399 4973 tri'cae
2422 4907 2759 4973 necessitas
2786 4913 3055 4970 excusat.
3078 4908 3387 4971 Hactenus
3407 4905 3487 4972 de
3512 4908 3775 4973 Hunnis.

2223 4998 2396 5075 Quod
2426 4997 2655 5061 Alanos
2677 4995 2923 5075 attinet,
2947 4994 3025 5057 de
3054 4994 3131 5058 iis
3157 4993 3486 5076 Dionysius
3513 5014 3793 5060 consen--

2284 5203 2352 5269 (1)
2380 5207 2441 5257 v.
2471 5205 2599 5257 carl.
2629 5202 2927 5257 mullenhorr
2958 5202 3119 5255 vaber
3143 5201 3227 5254 die
3244 5201 3516 5255 Weltkarte
3533 5199 3623 5255 des
3638 5202 3785 5254 Kat-

2221 5289 2335 5329 sers
2361 5279 2625 5342 Διιςιιεττιε
2646 5273 2803 5343 (Kiel,
2842 5275 2997 5339 1856)
3024 5286 3073 5338 p.
3094 5275 3166 5326 14.
