4584 6284
1070 506 1569 613 INCIPIT
1650 508 2041 609 LIBER
2126 507 2746 613 JUNIORIS
2829 510 3644 617 PHILOSOPHI

1320 732 1411 801 {N
1463 731 1635 817 Quo
1684 729 2203 803 commui-un
2250 730 2539 801 ‘forms
2587 729 2828 801 omns
2875 723 3382 803 nssscmp‘no.

685 1128 722 1181 Α
832 1132 881 1171 x.
911 1117 1037 1169 Post
1064 1130 1247 1167 omnes
1272 1110 1655 1166 admonitiones
1671 1127 1796 1181 quas
1823 1109 1917 1163 tibi
1943 1106 2304 1163 commendavi

754 1200 823 1254 de
847 1197 1026 1254 studio
1046 1200 1163 1253 vitae
1178 1209 1281 1252 tuae
1297 1238 1313 1263 ,
1343 1198 1603 1251 carissime
1620 1195 1711 1260 fili,
1737 1195 1988 1267 incipiens
2014 1212 2157 1249 nunc
2185 1194 2304 1248 volo

756 1288 852 1342 tibi
868 1304 1129 1360 exponere
1158 1285 1399 1340 historias
1434 1285 1679 1357 plurimes
1706 1293 1758 1337 et
1782 1281 2107 1337 admirabiles
2124 1322 2139 1348 ,
2173 1300 2303 1355 qua-

760 1393 882 1429 rum
924 1373 1138 1448 quidem
1174 1372 1367 1446 aliquas
1406 1371 1513 1425 vidi
1530 1410 1547 1438 ,
1591 1381 1781 1425 ceteras
1821 1388 1947 1425 vero
1984 1370 2052 1424 sb
2082 1369 2303 1425 eruditis

757 1458 943 1515 auditu
960 1460 1193 1533 percepi,
1227 1456 1476 1530 quasdem
1500 1456 1720 1513 lectione
1740 1454 1925 1513 didici.
1990 1456 2115 1511 Haec
2142 1458 2304 1528 igitur

757 1546 995 1601 sensibus
1031 1542 1471 1617 comprehendens
1503 1562 1611 1597 non
1643 1542 1811 1597 solum
1851 1540 2011 1596 multa
2036 1542 2183 1596 utilia
2215 1560 2305 1595 co-

756 1651 985 1705 gnosces,
1002 1631 1153 1686 sedet
1172 1642 1311 1686 tuam
1332 1649 1519 1686 ornere
1535 1632 1837 1704 sapientiam
1849 1649 1915 1684 ex
1932 1629 2301 1701 hujuscemodi

752 1736 929 1773 rerum
958 1718 1290 1773 varietatibus
1314 1717 1635 1790 praevslebis.
1682 1720 1759 1787 (2)
1797 1719 2105 1786 Qum-entes
2130 1725 2304 1769 sutem

750 1806 973 1859 scribens
991 1845 1006 1870 ,
1028 1804 1279 1858 debemus
1316 1802 1490 1857 dicere
1508 1804 1739 1876 primum
1771 1800 2041 1874 quomodo
2074 1800 2306 1856 mundus

749 1909 779 1945 a
803 1890 905 1947 deo
932 1891 1091 1946 fuerit
1112 1892 1407 1955 institutus,
1441 1890 1635 1945 dehinc
1658 1908 1774 1962 quse
1808 1898 1985 1960 gentes
2020 1887 2089 1943 ab
2107 1890 2309 1944 oriente

750 1998 917 2053 usque
938 1978 1006 2035 ad
1030 1978 1354 2034 occidentem
1383 1979 1677 2033 constitute
1690 1978 1793 2031 sint
1811 2018 1826 2039 ,
1855 1986 1975 2049 post
1998 1976 2101 2030 hoc
2115 1985 2309 2049 quanta

751 2068 857 2119 sint
873 2084 1062 2138 genera
1086 2066 1435 2119 barbarorum
1450 2104 1465 2130 ,
1486 2062 1679 2119 deinde
1698 2081 1907 2118 omnem
1944 2066 2306 2119 Romanorum

753 2164 945 2206 terram
958 2193 973 2215 ,
998 2162 1129 2223 quot
1148 2151 1329 2205 sintin
1348 2151 1493 2204 omni
1520 2150 1721 2204 mundo
1739 2150 2019 2223 provincie
2036 2190 2054 2217 ,
2084 2149 2163 2204 vel
2180 2168 2310 2223 qus-

753 2239 827 2292 les
847 2241 903 2293 in
922 2238 1211 2293 substantie
1234 2256 1297 2293 ac
1320 2249 1602 2311 potestate,
1628 2257 1745 2311 quae
1769 2240 1999 2293 civitates
2020 2240 2075 2293 in
2094 2239 2309 2309 singulis

754 2327 1039 2399 provinciis
1065 2326 1373 2391 habeantur,
1394 2335 1451 2380 et
1469 2324 1600 2398 quid
1625 2327 1679 2380 in
1702 2342 2017 2397 unaqueque
2036 2326 2311 2398 provincis

757 2423 848 2467 aut
875 2412 1083 2467 civitate
1105 2413 1269 2483 possit
1294 2428 1405 2465 esse
1438 2413 1793 2483 precipuum3
1832 2409 2137 2465 munificum
2167 2411 2307 2467 enim

757 2499 862 2553 hoc
884 2516 1019 2572 opus
1040 2508 1091 2552 ct
1114 2497 1406 2552 studiosum
1435 2499 1564 2551 mihi
1588 2516 1695 2551 esse
1726 2496 1947 2555 videtur.

830 2658 965 2722 Quas
983 2664 1293 2725 sequuntur,
1320 2654 1563 2708 tnnslntn
1584 2664 1707 2707 sunt
1726 2672 1759 2708 e
1780 2672 1948 2725 greco
1988 2672 2146 2725 opere
2166 2672 2310 2707 nunc

758 2730 1060 2803 deperdito,
1086 2732 1231 2804 quod
1275 2731 1489 2803 quidem
1540 2732 1831 2787 Antiochia
1867 2732 1945 2787 vel
1980 2731 2309 2787 Alexandrioe

752 2812 891 2865 inter
913 2828 1081 2867 annos
1109 2808 1213 2865 350
1231 2821 1285 2864 et
1310 2810 1409 2863 353
1433 2822 1555 2883 post
1574 2811 1841 2866 Christum
1873 2822 2060 2865 natum
2084 2828 2308 2882 oompo-

752 2898 945 2945 suerat.
971 2889 1429 2961 Interpretntiones
1446 2889 1681 2960 opusculi
1703 2888 1833 2943 duas
1851 2888 2135 2955 habemus3
2162 2889 2308 2961 prio‘

750 2985 862 3020 rem
880 2985 911 3022 e
927 2966 1109 3023 codice
1126 2968 1300 3022 nescio
1318 2984 1427 3039 quo
1444 2965 1717 3041 descripsit
1732 2968 2037 3023 Franciscus
2067 2970 2302 3033 Juretus,

751 3046 1167 3136 descriptamque
1192 3047 1413 3115 Claudio
1440 3046 1655 3115 tradidit
1680 3048 1959 3129 Sslmasio
1985 3072 2014 3116 a
2035 3070 2143 3137 quo
2159 3072 2306 3115 acce·

756 3146 835 3223 pit
871 3143 1098 3205 Iacobus
1140 3144 1523 3220 Gothosredus,
1566 3146 1765 3226 primus
1789 3145 1945 3207 libelli
1982 3144 2095 3227 eius
2135 3146 2310 3210 editor

757 3234 951 3305 (Vetus
988 3231 1132 3292 orbis
1165 3232 1473 3315 descriptio,
1512 3233 1673 3309 greci
1702 3234 2005 3332 scriptoris,
2035 3236 2134 3294 sub
2181 3240 2307 3295 Con·

754 3318 958 3377 stantia
984 3332 1034 3376 et
1063 3323 1337 3378 Constatm
1364 3318 1553 3399 impp„
1584 3338 1721 3377 nunc
1736 3320 1995 3398 primum,
2010 3334 2140 3401 post
2165 3320 2310 3378 mille

761 3414 1007 3460 trecentos
1048 3404 1207 3473 ferme
1232 3424 1427 3474 annos,
1454 3404 1646 3461 edita:
1682 3424 1799 3461 cum
1828 3404 2033 3484 duplici
2070 3406 2306 3464 versione

764 3496 815 3538 et
843 3485 983 3539 notis
1023 3487 1208 3542 Jacobi
1233 3486 1538 3559 Gothosredi
1565 3490 1657 3544 Ic.
1680 3517 1751 3531 —
1776 3492 2021 3556 Genevoe,
2051 3507 2117 3544 ex
2155 3500 2300 3565 typo-

761 3563 986 3638 graphia
1028 3566 1173 3619 Petri
1204 3566 2041 3641 chouee.s!.oc.xx7111);
2088 3569 2304 3624 alterum

763 3644 1243 3715 interpretationem
1291 3644 1487 3717 praebet
1528 3644 1659 3699 liber
1698 3648 1731 3701 J
1734 3664 1933 3699 umoris
1973 3647 2302 3741 philosophi,

769 3738 927 3792 quem
952 3740 983 3775 e
1004 3721 1183 3776 codice
1209 3724 1421 3777 Curensi
1454 3724 1667 3795 passim
1704 3724 1892 3779 mutilo
1916 3727 2113 3797 primus
2138 3726 2307 3781 edidit

768 3799 962 3872 Angelo
1002 3800 1111 3855 Mai
1153 3801 1333 3870 (Closs.
1366 3810 1527 3857 nuctt.
1568 3811 1699 3859 tom.
1730 3803 1783 3870 3,
1804 3820 1861 3877 p.
1889 3803 1989 3875 387
2014 3809 2180 3878 sqq.),
2210 3824 2308 3859 nos

768 3897 898 3934 vero
934 3879 1239 3937 exhibemus
1276 3900 1343 3936 ex
1372 3882 1651 3953 integriore
1682 3881 1861 3937 codice
1885 3884 2120 3939 Parisino
2145 3889 2304 3954 7418,

765 3958 857 4012 sol.
888 3963 993 4025 264
1020 3977 1138 4033 sqq.
1161 3962 1454 4034 Utramque
1483 3961 1815 4033 scriptionem
1832 4004 1848 4026 ,
1876 3961 2085 4017 alteram
2112 3964 2213 4018 sub
2237 3966 2311 4019 al·

766 4050 877 4093 tere
893 4078 910 4105 ,
939 4050 1291 4113 apponentes,
1317 4040 1465 4095 litera
1490 4044 1545 4097 A
1563 4039 1878 4110 signabimus
1907 4042 2138 4095 Iunior-is
2165 4042 2312 4097 libel·

764 4115 907 4185 lum,
935 4116 1083 4171 litera
1121 4122 1167 4170 B
1202 4118 1530 4173 Juretianum
1568 4117 1941 4191 apographum.
1970 4120 2210 4173 Ceterum
2239 4119 2310 4174 cf.

762 4194 1161 4265 Prolegomena.

830 4280 862 4346 ς
902 4296 955 4334 1.
1004 4282 1085 4333 Bt
1117 4278 1457 4336 admirabiles
1496 4299 1602 4336 om.
1654 4280 1821 4335 codex
1868 4281 2130 4336 cavensis.
2177 4282 2199 4351 11
2244 4310 2314 4323 --

763 4372 989 4426 quarum
1013 4354 1243 4429 quidem]
1266 4376 1493 4429 quarum
1517 4356 1743 4429 ejusdem
1769 4354 1891 4411 cod.
1914 4356 2063 4420 Cum,
2094 4374 2316 4429 quarum

767 4433 983 4506 ipsemet
1014 4434 1085 4488 de
1103 4453 1201 4490 suo
1220 4434 1369 4490 dedit
1394 4438 1523 4491 Mei.
1554 4438 1578 4507 fl
1606 4466 1679 4479 —-
1700 4434 1913 4506 auditu]
1950 4433 2168 4488 auditas
2189 4435 2315 4491 Cav.

772 4511 793 4577 ΙΙ
826 4540 898 4551 -
921 4527 1191 4579 cognosces
1224 4513 1363 4577 Mai,
1407 4512 1732 4581 cognoscebis
1766 4511 1927 4567 codd.
1974 4513 1996 4582 ΙΙ
2035 4542 2110 4555 -
2134 4513 2231 4567 sed
2266 4526 2321 4568 et

766 4589 929 4656 tuam]
946 4586 1213 4643 sedetiam
1234 4590 1360 4645 Cuv.
1394 4592 1515 4661 11—-
1530 4594 1561 4660 S
1584 4606 1639 4648 2.
1664 4590 1917 4664 quomodo
1933 4589 2159 4646 mundus
2172 4610 2210 4645 a
2224 4591 2320 4646 deo

750 4664 928 4732 feeerit
956 4665 1253 4740 institutus]
1280 4671 1360 4723 De
1379 4668 1541 4723 bisin
1560 4687 1675 4741 sqq.
1698 4669 1831 4723 nihil
1851 4669 2058 4739 legitur.
2082 4670 2189 4740 ΙΙ-
2211 4669 2314 4738 33.

761 4763 797 4794 α
823 4747 1041 4814 Moyse?
1068 4764 1189 4800 nam
1207 4750 1415 4820 priores
1439 4765 1551 4803 om.
1576 4748 1702 4806 Cav.
1738 4751 1862 4801 «In
1890 4764 2098 4802 summo
2137 4746 2320 4802 codice

764 4840 945 4878 versus
966 4824 1165 4917 aliquot
1192 4826 1407 4882 madore
1432 4827 1856 4885 extnbuemnt.-
1887 4830 2048 4891 Max..
2072 4816 2165 4899 qui
2192 4843 2342 4899 ,up--

759 4900 964 4969 plevit:
994 4903 1107 4958 nisi
1139 4904 1257 4975 [abs
1292 4906 1592 4961 Iuda-orum
1618 4907 1809 4962 libris?
1839 4925 2057 4980 namque
2086 4906 2316 4960 aliarum

756 4978 989 5038 arntiam
1032 4981 1320 5057 historieiJ,
1348 4986 1445 5057 qui
1482 4985 1547 5040 de
1582 4986 1669 5039 his
1700 4986 1921 5040 scriben-
1954 4984 2158 5056 conani
2190 4996 2318 5039 sunt

756 5056 897 5110 nihil
914 5058 1197 5135 sincemm]
1231 5063 1398 5118 dicem
1430 5075 1729 5138 potuer-emt.
1764 5068 1892 5119 Mox
1930 5064 2087 5119 verbu
2130 5064 2317 5119 divino

755 5135 957 5207 spiritu
988 5150 1081 5194 eut
1113 5141 1343 5197 desunt·
1328 5162 1381 5197 in
1403 5142 1522 5201 cod.
1549 5145 1697 5208 Cav„
1719 5155 1811 5198 aut
1836 5143 2059 5215 neglexit
2083 5147 2151 5201 A.
2180 5146 2310 5199 Mai.

764 5215 785 5283 ΙΙ
812 5242 883 5254 -
900 5218 1034 5270 Post
1058 5218 1195 5274 hunc
1210 5220 1274 5275 de
1291 5220 1609 5295 provinciis]
1636 5226 1715 5277 De
1728 5240 2025 5295 proruens
2050 5240 2165 5277 vero
2182 5224 2309 5280 Cnv.

952 5324 1127 5367 (3806.-
1158 5334 1207 5371 ΙΙ.

2473 1110 2524 1165 3.
2566 1108 2724 1162 Unde
2759 1126 2882 1179 engo
2921 1126 3016 1163 nos
3052 1107 3256 1182 oportet
3279 1110 3508 1181 incipere
3535 1110 3633 1163 nisi
3667 1128 3700 1165 ιι
3725 1114 3940 1200 Moyse?

2395 1214 2515 1250 nam
2556 1197 2755 1269 priores
2779 1196 2870 1268 qui
2899 1194 2968 1250 de
3000 1195 3082 1250 his
3121 1195 3276 1251 rebus
3310 1196 3538 1250 scribere
3563 1183 3752 1253 consti
3782 1212 3934 1267 sunt,

2395 1284 2658 1355 aliquantu
2682 1281 2858 1337 dicere
2881 1292 3196 1355 potuerunt,
3228 1282 3369 1337 solus
3405 1294 3582 1338 autem
3604 1285 3828 1357 Moyses,
3851 1286 3934 1341 di-

2399 1369 2522 1421 vino
2561 1368 2752 1440 spiritu
2789 1367 2970 1441 plenus
3008 1366 3310 1422 ludaeorum
3351 1370 3631 1441 propheta,
3672 1371 3814 1443 quod
3859 1382 3938 1425 est

2395 1466 2594 1510 certum
2621 1456 2843 1529 stu-ipsit.
2881 1457 3004 1510 Post
3041 1456 3181 1510 hunc
3203 1453 3270 1509 de
3293 1457 3577 1528 provinciis
3601 1467 3653 1512 et
3689 1461 3936 1531 tempori·

2393 1540 2494 1595 bus
2535 1542 2804 1615 sequentia
2845 1540 2985 1595 dixit
3017 1542 3267 1607 Berosus,
3309 1541 3670 1597 Chsldaeorum
3708 1543 3938 1617 philoso-

2391 1627 2559 1700 phus,
2586 1627 2734 1699 cujus
2769 1626 2939 1681 literss
2967 1629 3128 1681 secuti
3160 1637 3280 1681 sunt
3309 1628 3624 1693 Manethon,
3667 1629 3938 1703 Egyptius

2392 1716 2671 1790 propheta,
2699 1724 2754 1769 et
2781 1715 3117 1787 Apollonius,
3157 1714 3393 1769 similiter
3419 1716 3782 1788 Egyptiorum
3819 1716 3938 1789 phi·

2395 1802 2672 1877 losophus,
2695 1802 2954 1874 Josephus
2986 1820 3220 1875 quoque,
3245 1804 3328 1856 vir
3363 1804 3566 1875 sapiens
3583 1844 3600 1869 ,
3626 1803 3934 1859 iudeorum

2395 1900 2699 1963 preceptor,
2742 1890 2833 1960 qui
2860 1898 3038 1959 captus
3075 1906 3108 1943 ιι
3139 1890 3384 1943 Romanis
3423 1890 3628 1962 scripsit
3654 1890 3931 1945 Iudaicum

2396 1976 2606 2031 bellum.
2630 1976 2758 2030 Post
2792 1976 2916 2028 istos
2935 1992 3056 2027 vero
3081 1973 3366 2030 Menander
3407 1976 3665 2049 Ephesius
3685 1988 3740 2031 et
3763 1978 3934 2032 Hero·

2395 2063 2552 2118 dotus
2569 2074 2620 2117 et
2642 2060 2973 2135 Thucydides
2993 2061 3177 2116 similia
3211 2064 3663 2137 conscripserunt,
3699 2063 3791 2119 sed
3827 2083 3934 2120 non

2398 2147 2546 2203 vslde
2574 2147 2640 2201 de
2663 2148 2908 2219 antiquis.
2979 2144 3042 2200 Et
3067 2144 3180 2200 hnc
3199 2146 3414 2219 quidem
3439 2147 3535 2202 illi.
3623 2150 3738 2219 Ego
3763 2158 3936 2203 nutem

2399 2234 2467 2289 de
2492 2234 2684 2307 quibus
2707 2234 2974 2288 memorati
2998 2232 3347 2307 scripserunt,
3371 2236 3610 2307 experiar
3633 2235 3730 2289 tibi
3763 2235 3934 2289 brevi-

2399 2333 2482 2378 ter
2499 2340 2773 2395 exponere.

2475 2416 2528 2473 4.
2580 2412 2774 2466 Gentes
2821 2408 2968 2481 ajunt
3004 2427 3114 2463 esse
3165 2410 3560 2464 camerinorum
3601 2411 3656 2463 in
3700 2408 3938 2481 partibus

2405 2496 2618 2553 orientis
2632 2536 2647 2560 ,
2685 2494 2835 2567 cujus
2872 2506 3060 2549 terram
3085 2496 3286 2567 Moyses
3310 2494 3460 2549 Eden
3497 2494 3820 2549 nominando
3845 2494 3937 2548 de·

2403 2654 2426 2721 ΙΙ
2457 2682 2528 2693 -
2554 2654 2704 2723 cujus
2725 2652 2907 2705 literas
2925 2650 3090 2706 secuti
3101 2662 3224 2711 sunt
3245 2650 3544 2721 Manethon]
3561 2649 3936 2704 Manethonem

2397 2728 2607 2785 annales
2641 2747 2764 2785 suos
2789 2731 3048 2802 scripsisse
3085 2728 3210 2784 κατὰ
3243 2730 3448 2802 μίμησιν
3477 2730 3746 2800 Βηρῶσσου
3779 2727 3938 2783 trudit

2399 2807 2662 2881 syncellus
2679 2826 2732 2882 p.
2761 2812 2846 2872 14,
2869 2806 2929 2863 B.
2949 2806 3030 2863 Cf.
3051 2808 3256 2879 Fragm.
3271 2809 3468 2863 Histor.
3492 2817 3622 2861 tom.
3656 2807 3710 2877 3,
3730 2824 3784 2880 p.
3811 2808 3932 2861 ⁵11.

2397 2886 2706 2961 Apollonius
2749 2886 3111 2961 AEgjptiorum
3140 2886 3503 2961 philosophus]
3547 2910 3570 2932 ι
3607 2887 3729 2941 Sine
3773 2885 3938 2941 dubio

2397 2964 2701 3038 Apollonius
2727 2965 2812 3020 ille
2835 2964 3136 3038 Egyptian,
3162 2983 3315 3038 quem
3355 2975 3620 3020 auctorem
3664 2964 3744 3018 bis
3787 2982 3932 3019 com-

2398 3058 2652 3113 memorat
2671 3044 2989 3135 Theophilus
3011 3044 3079 3111 sd
3109 3044 3347 3135 Autolyc.
3375 3044 3464 3113 lib.
3493 3046 3545 3123 3,
3571 3066 3621 3113 c.
3653 3050 3717 3110 16
3744 3057 3797 3111 et
3840 3052 3929 3125 26,

2397 3144 2592 3227 quique
2633 3142 2833 3226 ajebat,
2877 3156 3022 3207 aetste
3053 3164 3146 3207 sus
3169 3143 3272 3227 jam
3312 3144 3572 3207 effluxisse
3607 3158 3728 3229 post
3751 3146 3934 3211 orbem

2396 3232 2666 3292 conditum
2688 3235 2948 3312 myrisdas
2965 3253 3220 3292 annorum
3253 3234 3552 3311 quindecim
3577 3248 3632 3293 et
3653 3238 3752 3295 tris
3777 3238 3935 3297 millia

2393 3338 2550 3397 supra
2571 3318 2894 3395 septuaginta
2913 3319 3143 3395 quinque
3175 3336 3358 3374 annos.
3397 3318 3560 3373 Ταῦτα
3593 3317 3680 3393 μὲν
3715 3313 3823 3387 οὖν,
3850 3320 3932 3375 in·

2393 3405 2511 3479 quit
2553 3402 2905 3479 Theophilus,
2937 3400 3251 3468 Ἀπολλώνιος
3294 3400 3324 3456 ὁ
3363 3400 3628 3475 Αἰγύπτιος
3669 3402 3870 3477 ἱστορεῖ.
3903 3428 3926 3455 ι

2391 3490 2521 3543 Mn.
2557 3486 2676 3559 11-—
2701 3490 2822 3555 Ego
2847 3497 3018 3540 autem
3045 3485 3170 3559 etc]
3194 3486 3386 3541 Praeter
3411 3484 3538 3540 illud
3560 3484 3761 3558 qunds
3795 3490 3830 3552 l.
3869 3486 3938 3541 de

2394 3578 2642 3642 quattuor
2658 3565 2887 3647 peradisi
2907 3566 3076 3621 fluviis
3104 3584 3170 3621 ex
3203 3567 3386 3637 Moyse
3411 3566 3780 3637 interponitur,
3805 3564 3938 3619 nihil

2394 3648 2597 3703 libellus
2633 3656 2810 3701 noster
2833 3644 2988 3700 habet
3024 3644 3163 3717 quod
3186 3663 3217 3698 e
3253 3643 3594 3716 scriptoribus
3625 3644 3785 3699 modo
3823 3664 3934 3699 me-

2397 3728 2610 3781 moratis
2631 3724 2810 3781 afferri
2833 3722 3146 3779 censendum
3169 3724 3254 3778 sit.
3279 3726 3512 3778 Omnino
3535 3740 3661 3779 vero
3681 3723 3938 3796 praesstio-

2397 3807 2592 3861 tionem
2634 3804 2773 3860 hunc
2799 3802 2868 3859 de
2905 3822 3002 3859 suo
3032 3821 3170 3877 penu
3216 3818 3441 3875 suosque
3482 3801 3536 3855 in
3581 3819 3707 3855 usus
3747 3804 3938 3857 Junior

2397 3886 2494 3941 iste
2530 3884 2872 3959 philosophus
2907 3882 3183 3957 opusculo,
3211 3881 3354 3956 qnod
3385 3900 3452 3936 ex
3491 3899 3650 3955 opere
3687 3882 3938 3955 ampliore

2398 3966 2670 4039 excerpsit,
2689 3964 2968 4040 prefixisse
2993 3962 3292 4018 videturJn
3318 3964 3435 4035 ipso
3456 3961 3599 4016 sonte
3618 3980 3786 4033 graeco
3811 3982 3938 4035 prae·

2400 4042 2526 4099 fatio
2563 4054 2750 4117 prater
2787 4044 2886 4098 alia
2931 4043 3222 4098 exhibuerit
3261 4060 3454 4097 nomen
3488 4044 3714 4096 auctoris
3741 4061 3802 4097 ex
3831 4062 3938 4117 quo

2399 4124 2629 4195 priorem
2653 4122 2775 4176 libri
2801 4132 3026 4195 penem,
3056 4139 3172 4195 quse
3189 4132 3266 4177 est
3296 4120 3368 4175 de
3387 4120 3516 4175 Asiae
3543 4120 3751 4195 populis
3770 4122 3839 4176 ab
3860 4124 3939 4177 ul-

2403 4204 2533 4257 timo
2563 4200 2763 4256 oriente
2800 4218 2962 4272 usque
2993 4198 3062 4255 nd
3095 4200 3518 4273 Mesopotamiam
3553 4200 3938 4273 imperiumque

2402 4285 2693 4336 Romanum
2713 4278 3062 4334 habitantibus
3077 4319 3092 4341 .
3115 4288 3296 4334 auctor
3319 4288 3584 4333 mutuatus
3608 4280 3692 4332 sit.
3714 4276 3777 4332 Id
3793 4280 3936 4333 enim

2403 4360 2660 4431 colligitur
2695 4377 2758 4413 ex
2788 4356 3028 4431 acephalo
3051 4358 3218 4412 Jureti
3241 4356 3450 4426 codice,
3473 4358 3564 4428 qni
3601 4359 3632 4425 S
3657 4371 3720 4410 21
3747 4356 3819 4409 ita
3839 4356 3934 4409 hs-

2403 4437 2493 4492 bet
2521 4455 2537 4493 :
2566 4442 2642 4495 Et
2667 4437 2775 4491 Ιιωι·
2797 4435 3000 4509 quidem
3024 4434 3086 4489 de
3101 4434 3378 4509 predictis
3391 4434 3633 4504 gentibus
3655 4432 3938 4488 historicus

2401 4517 2504 4571 ait.
2528 4519 2859 4587 Quamquam
2891 4514 3003 4569 fleri
3029 4514 3182 4569 edam
3206 4522 3377 4587 potest
3399 4524 3460 4568 ut
3483 4512 3710 4567 auctoris
3741 4528 3935 4565 nomen

2404 4594 2484 4649 vel
2509 4593 2761 4649 exciderit
2779 4603 2899 4647 snte
2917 4610 3094 4647 vocem
3117 4590 3424 4658 historicus,
3445 4590 3526 4645 vel
3541 4592 3597 4644 in
3620 4590 3783 4662 ipsam
3803 4588 3939 4645 hanc

2402 4688 2584 4726 vocem
2618 4680 2922 4744 corruptum
2956 4670 3042 4726 sit.
3076 4669 3262 4741 Syrum
3287 4667 3552 4723 hominem
3575 4666 3733 4721 fnisse
3759 4684 3822 4721 ex
3851 4668 3935 4721 in·

2405 4750 2526 4807 dole
2547 4750 2859 4805 nsrrationis
2880 4748 3081 4819 collegit
3102 4746 3473 4803 Gothosredus.

2473 4832 2576 4901 54.
2608 4826 3010 4900 Cumae-istorum]
3030 4826 3317 4891 Camerini,
3338 4843 3471 4898 quos
3501 4837 3748 4898 tanquam
3772 4824 3936 4879 Indioe

2402 4907 2654 4982 populum
2689 4926 2846 4962 nemo
2871 4916 3146 4971 memorat,
3165 4904 3511 4977 componendi
3537 4904 3669 4958 mihi
3692 4902 3935 4958 videntur

2401 5004 2522 5041 cum
2548 4988 2764 5042 Camnra
2785 4985 3044 5057 emporio,
3068 4983 3207 5056 quod
3228 5001 3519 5056 anonymus
3542 4990 3726 5037 nnctor
3743 4981 3934 5052 Peripli

2401 5084 2534 5121 mr.
2564 5067 2786 5138 Erythr.
2821 5068 2970 5133 (tom.
3016 5080 3060 5129 r,
3091 5079 3148 5136 p
3182 5063 3350 5134 300)
3333 5080 3390 5115 in
3430 5058 3811 5116 Dachinabsdae
3839 5077 3933 5114 orn

2400 5144 2632 5200 orientali
2666 5154 2786 5217 post
2809 5142 3102 5197 Colchicum
3132 5152 3184 5196 et
3209 5141 3504 5212 Arguticum
3533 5141 3708 5195 sinum
3749 5137 3934 5207 (galles

2400 5223 2464 5278 de
2481 5224 2634 5279 Kolk'
2615 5242 2632 5277 ι
2647 5235 2697 5277 et
2714 5221 2770 5275 d'
2773 5219 3068 5294 Artingari)
3081 5230 3134 5275 et
3148 5232 3266 5276 ante
3283 5220 3550 5275 Podncsm
3570 5216 3930 5289 (Pondiclie'n)

2288 5323 2394 5377 513
3667 5332 3727 5375 ss
