4584 6284
2079 450 2550 513 DESCRlPTIO.

590 586 658 647 A
688 582 843 651 fea-a,
870 588 989 639 vina
1021 586 1165 638 varia
1187 584 1491 658 proferens,
1517 582 1689 637 oleum
1723 598 1954 655 quoque,
1984 592 2259 654 oryzamet

684 668 889 725 alic-am
916 682 972 723 et
996 686 1289 742 purpuram
1322 667 1537 722 bonam.

772 759 861 820 48.
891 758 1017 811 Post
1040 756 1175 809 hanc
1192 755 1429 825 sequitur
1448 752 1829 825 Hellespontus,
1850 753 1996 823 regio
2012 750 2259 823 frugifera

686 840 973 896 frumento
990 880 1017 907 ‚.
1038 842 1165 895 vino
1192 850 1245 893 et
1275 838 1389 893 oleo
1405 877 1422 904 ,
1463 848 1647 893 ornata
1690 838 1986 893 civitatibus
2030 839 2257 909 antiquis

686 931 923 1002 Cyzico,
947 927 1109 1000 Troja
1128 939 1179 982 et
1198 928 1325 995 Ilio,
1354 927 1381 953 *
1403 944 1523 998 quae
1546 937 1599 981 et
1625 927 1884 999 positione
1905 936 1959 981 et
1994 928 2254 997 magnitu-

690 1014 832 1069 dine
866 1025 920 1069 et
951 1023 1263 1068 ornamento
1306 1024 1359 1067 et
1396 1011 1757 1068 formonsitate
1799 1030 2009 1066 omnem
2048 1010 2255 1066 laudem

690 1118 953 1173 superare
976 1110 1183 1173 potest3
1224 1109 1277 1153 et
1320 1098 1393 1153 ibi
1431 1100 1575 1153 enim
1612 1095 1950 1171 pulchritudo
1975 1096 2253 1153 mulierum

692 1186 979 1243 laudabilis
1004 1198 1101 1242 est.

776 1280 865 1347 49.
901 1277 1021 1331 Post
1050 1276 1439 1349 Hellespontum
1460 1276 1697 1347 sequitur
1726 1272 2044 1329 admirabilis
2064 1274 2251 1347 Bithy·

696 1362 795 1417 nia
823 1380 1035 1417 omnem
1066 1361 1295 1417 fructum
1334 1360 1548 1416 hahens.
1596 1362 1661 1415 In
1704 1358 1803 1413 hac
1837 1371 1965 1414 sunt
2010 1360 2252 1415 maximae

694 1450 939 1503 civitates
962 1450 1135 1503 Nicea
1169 1459 1223 1501 et
1256 1445 1582 1501 Nicomedia.
1608 1444 1711 1500 Sed
1734 1444 2131 1517 dispositionem
2158 1447 2253 1500 Ni·

696 1554 821 1589 caeae
859 1535 1079 1589 civitatis
1122 1533 1333 1588 difficile
1358 1544 1435 1587 est
1478 1534 1535 1585 in
1570 1531 1683 1585 aliis
1721 1531 1945 1586 urbibus
1970 1532 2246 1597 inventi-«23

697 1622 931 1693 regulam
961 1623 1103 1676 enim
1124 1631 1273 1694 putat
1306 1620 1492 1692 aliquis
1518 1620 1813 1692 impositam
1839 1619 2065 1683 civitati.
2092 1620 2164 1673 ita
2190 1630 2249 1673 ut

694 1712 875 1765 omnia
894 1709 1231 1766 edificiorum
1250 1708 1477 1762 culmina
1500 1707 1682 1779 equali
1709 1706 1955 1761 decorata
1974 1706 2253 1762 libramine

691 1798 1025 1872 splendidum
1066 1796 1387 1852 intuentibus
1428 1795 1665 1869 praebere
1728 1795 2007 1849 videantur
2061 1795 2247 1869 adspe-

688 1896 856 1939 ctum.
876 1884 1125 1942 Similiter
1144 1881 1506 1939 etNicomcdia
1524 1882 1770 1937 omnibus
1788 1881 1942 1936 bonis
1955 1882 2247 1937 abundans.

688 1973 980 2045 Diligenter
1008 1974 1065 2027 in
1088 1992 1147 2027 ea
1176 1971 1533 2045 spectaculum
1560 1970 1866 2026 exhibetur.

598 2171 655 2229 B
690 2196 834 2231 cam.
872 2180 941 2231 Et
967 2188 1046 2231 est
1081 2176 1231 2230 valde
1257 2175 1605 2242 admirabilis,
1637 2174 1786 2247 cujus
1807 2174 1985 2230 laudes
2021 2176 2250 2248 permul-

696 2274 775 2318 tas
800 2283 1001 2338 ponere
1022 2262 1235 2319 difficile
1252 2274 1347 2319 est.

770 2357 860 2417 48.
898 2356 1025 2409 Post
1067 2353 1205 2407 hanc
1236 2364 1315 2406 est
1358 2352 1752 2424 Hellespontus,
1781 2354 1925 2423 regio
1969 2351 2248 2423 frugifera,

699 2440 995 2506 frumento,
1023 2442 1149 2495 vino
1182 2451 1235 2494 et
1260 2440 1375 2495 oleo
1404 2450 1605 2495 ornata.
1630 2440 1873 2494 Civitates
1898 2451 2075 2495 autem
2096 2438 2253 2493 habet

696 2530 938 2601 antiquas
974 2527 1085 2582 illas
1116 2526 1329 2598 Trojam
1355 2538 1409 2581 et
1432 2526 1589 2581 Ilium
1606 2566 1623 2591 ,
1661 2525 1853 2581 horum
1880 2538 2057 2581 autem
2082 2526 2248 2597 majo-

696 2634 811 2670 rem
851 2616 1099 2688 Cyzicum
1118 2655 1134 2681 ,
1186 2632 1303 2687 quae
1328 2625 1381 2670 et
1420 2614 1681 2687 positione
1724 2626 1776 2669 et
1806 2612 2163 2685 magnitudine
2197 2623 2251 2667 et

695 2714 1012 2757 ornamento
1047 2712 1101 2757 et
1144 2702 1504 2756 formonsitate
1531 2718 1741 2755 omnem
1768 2700 1976 2756 laudem
2004 2718 2249 2773 superare

691 2799 881 2861 potest.
908 2792 977 2843 Et
1002 2788 1075 2842 ibi
1102 2790 1244 2843 enim
1268 2790 1447 2842 Venus
1473 2788 1754 2843 mulierum
1782 2788 2247 2861 pulchritudinem,

691 2878 875 2949 sagitta
896 2875 1175 2949 Cupidinis
1200 2886 1385 2931 ornata
1405 2916 1419 2938 ‚
1444 2876 1763 2931 constituere
1784 2876 1965 2934 voluit.

761 2970 852 3035 49.
891 2967 1017 3020 Post
1058 2963 1450 3036 Hellespontum
1496 2974 1575 3019 est
1621 2966 1855 3018 invenire
1890 2964 2247 3019 admirabilem

688 3050 1018 3122 Bithyniam,
1048 3067 1167 3121 quae
1201 3050 1429 3103 maxima
1448 3060 1501 3103 et
1536 3052 1764 3122 optima,
1797 3068 1915 3123 quoe
1934 3052 2010 3104 sic
2038 3069 2247 3105 omnem

688 3136 919 3190 fluctum
944 3136 1085 3190 facit.
1113 3137 1358 3190 Civitates
1376 3134 1536 3189 habet
1562 3135 1748 3190 multas
1767 3134 1981 3208 quidem
1998 3174 2015 3201 ,
2044 3135 2135 3189 sed
2151 3135 2246 3190 ad·

691 3222 955 3277 mirabiles
976 3224 1207 3277 Nicaeam
1234 3232 1287 3277 et
1320 3222 1703 3277 Nicomediam.
1730 3224 1799 3277 Et
1822 3224 2007 3277 Nicaeae
2031 3222 2245 3295 quidem

690 3310 912 3365 civitatis
950 3308 1347 3382 dispositionem
1374 3308 1588 3363 difficile
1610 3319 1690 3363 est
1722 3308 1844 3363 alibi
1871 3311 2131 3377 invenirc;
2161 3330 2245 3365 rc·

694 3398 868 3467 gulam
905 3408 1079 3452 autem
1100 3407 1249 3469 putat
1274 3396 1459 3467 aliquis
1485 3397 1783 3469 impositam
1804 3415 1915 3451 oese
1941 3399 2087 3451 omni
2115 3398 2243 3452 civi-

695 3485 787 3538 tati
812 3495 1029 3558 propter
1064 3483 1405 3555 aequahtatem
1440 3494 1495 3538 et
1520 3483 1958 3552 formonsitatem3
1988 3496 2043 3539 et
2076 3495 2155 3540 est
2190 3486 2245 3540 in

694 3572 942 3627 omnibus
968 3584 1153 3627 ornata
1177 3582 1230 3625 et
1264 3582 1523 3628 constans.
1561 3572 1868 3629 Nicomedia
1899 3592 2025 3628 vero
2051 3584 2105 3628 et
2132 3575 2244 3647 ipsa

692 3662 930 3716 eminens
955 3672 1010 3716 et
1047 3659 1365 3715 admirabilis
1410 3671 1465 3715 et
1502 3664 1557 3716 in
1598 3660 1843 3715 omnibus
1879 3660 2153 3716 abundans
2192 3672 2245 3715 et

694 3746 891 3801 habens
916 3764 1050 3819 opus
1070 3746 1337 3819 publicum
1361 3746 1617 3817 optimum
1639 3746 1905 3801 Basilicam
1933 3749 2199 3819 antiquam
2217 3785 2235 3814 ,

690 3852 796 3908 qua
822 3834 1061 3890 divinum
1089 3836 1263 3905 ignem
1300 3832 1369 3887 de
1398 3833 1529 3888 coelo
1552 3832 1876 3889 descendisse
1914 3846 1967 3889 ct
2000 3836 2245 3891 combus-

688 3922 791 3976 isse
818 3940 934 3976 eam
956 3920 1143 3975 dicunt
1157 3960 1173 3986 ,
1205 3930 1259 3974 et
1286 3918 1499 3974 condita
1524 3930 1603 3974 est
1618 3930 1795 3991 postea
1818 3939 1845 3973 a
1876 3921 2241 3978 Constantino.

686 4009 863 4065 Habet
888 4020 1063 4063 autem
1092 4018 1144 4062 et
1172 4009 1423 4062 circenses
1440 4047 1457 4074 ,
1483 4018 1801 4062 structuram
1832 4006 1981 4063 valde
2008 4008 2197 4063 bonnm
2223 4049 2239 4074 ,

752 4222 783 4287 S
811 4221 881 4283 48
910 4220 976 4273 Α.
1004 4216 1113 4271 Ilio
1139 4218 1274 4290 quoe]
1298 4216 1510 4271 Excidit
1536 4217 1707 4288 Cyzici
1732 4216 1932 4271 mentio
1948 4256 1965 4282 ,
1992 4215 2061 4270 ad
2085 4236 2243 4289 quam

678 4294 955 4350 reseoenda
980 4306 1107 4349 sunt
1142 4294 1413 4366 sequentia
1455 4310 1470 4348 ε
1508 4312 1623 4367 quoe
1639 4306 1692 4349 et
1712 4294 1974 4371 positione
1998 4307 2099 4351 etc.
2129 4298 2151 4368 ΙΙ
2174 4329 2245 4341 -

678 4378 709 4443 ς
738 4384 805 4446 49
827 4376 891 4431 Β.
932 4372 1233 4446 basilicam]
1270 4398 1294 4421 e
1322 4374 1543 4428 Basilica
1579 4374 1794 4446 antiqua
1832 4374 2151 4431 Nicomediae
2178 4378 2244 4432 de

681 4454 813 4507 coelo
835 4462 971 4507 tacta
992 4461 1046 4505 et
1066 4451 1369 4518 combusta,
1400 4470 1431 4505 a
1458 4453 1805 4507 Comtantino
1825 4464 2006 4526 postca
2038 4454 2240 4509 instan-

682 4542 809 4587 rata.
835 4534 916 4585 De
934 4530 1147 4585 basilica
1167 4532 1279 4602 ipsa
1311 4549 1361 4585 v.
1392 4530 1699 4585 monodiam
1725 4530 1933 4585 Libanii
1969 4551 2027 4606 p.
2054 4534 2084 4586 5
2114 4546 2166 4589 et
2184 4554 2241 4606 p.

683 4617 807 4676 204.
845 4618 971 4677 206;
1004 4610 1275 4665 combusta
1315 4621 1394 4666 est
1418 4629 1561 4666 anno
1588 4612 2007 4666 Constantiniani
2036 4614 2243 4686 imperii

684 4695 753 4743 26
780 4689 861 4745 vel
888 4707 976 4761 27,
1002 4692 1113 4744 sive
1134 4708 1221 4745 an.
1250 4691 1349 4744 333
1372 4690 1452 4745 vel
1477 4690 1577 4754 334
1603 4708 1659 4763 p.
1684 4689 1836 4751 Chr„
1866 4709 1933 4745 eo
1955 4692 2071 4763 ipso
2102 4710 2245 4747 anno

681 4786 791 4840 quo
834 4768 1207 4823 Constantinus
1252 4768 1529 4823 simulam
1554 4778 1610 4823 et
1651 4767 1772 4823 sana
1796 4769 2014 4831 evertit,
2042 4768 2243 4823 reditus

678 4864 869 4901 eorum
892 4847 1117 4901 ecclesiis
1144 4846 1377 4901 donavit.
1402 4842 1670 4900 Cedrenus
1692 4860 1707 4899 ε
1728 4846 1813 4918 Τῷ
1834 4844 1917 4899 κσ’
1936 4846 2023 4899 καὶ
2042 4845 2122 4909 κζ’
2143 4845 2243 4901 ἔτει

678 4926 833 4980 abt-eii
864 4924 955 4992 τὴν
982 4926 1109 4981 κατὰ
1128 4934 1228 4980 τῶν
1256 4925 1478 4981 εἰδώλων
1503 4923 1591 4979 καὶ
1620 4930 1715 4979 τῶν
1742 4932 1876 4980 ναῶν
1908 4924 2067 4981 ebrus»
2090 4929 2241 4981 κατά-

675 5002 820 5056 λυσιν
844 5003 1055 5059 ἐπέτεινε
1071 5044 1087 5070 ,
1112 5004 1197 5067 τὰς
1219 5003 1272 5059 Bi
1296 5003 1513 5065 εἰσόδους
1535 5002 1696 5057 absi-'w
1719 5006 1829 5067 ταῖς
1852 5002 2132 5072 ἐκκλησίαις
2152 5010 2241 5059 τοῦ

678 5084 795 5136 θεοῦ
834 5080 1075 5155 ἐκύρωσε.
1110 5083 1233 5138 Τότε
1270 5084 1355 5137 καὶ
1378 5082 1411 5151 ἢ
1436 5081 1487 5137 iv
1520 5080 1827 5155 Νικομηδείᾳ
1866 5079 2095 5155 βασιλικὴ
2127 5084 2241 5155 πυρὶ

677 5162 795 5236 θείῳ
822 5163 1061 5235 huzon.
1096 5184 1119 5212 1»
1145 5165 1425 5218 Gomon.
1465 5164 1487 5233 ΙΙ
1522 5192 1595 5206 -
1628 5162 1833 5233 eminet]
1862 5168 2123 5217 eminens?
2146 5173 2237 5217 aut

674 5242 879 5297 eminet.
892 5285 906 5296 .
917 5242 1289 5317 ,spectaculum
1302 5242 1445 5315 quod
1456 5242 1763 5312 diligentins
1772 5252 1802 5295 ,ἃ

3778 470 3890 521 528

2421 582 2508 637 50.
2558 584 2687 637 Post
2729 581 3030 653 Bithyniam
3075 586 3314 657 sequitur
3350 586 3586 641 Thracia
3621 589 3892 660 provincia

2345 671 2532 741 etipsa
2563 666 2710 723 dives
2751 670 2806 723 in
2843 668 3100 724 fructibus
3133 681 3190 724 et
3221 673 3359 726 viros
3403 672 3598 727 eiciens
3635 673 3795 729 fortes
3839 676 3892 727 in

2349 756 2504 811 hello.
2556 754 2726 809 Habet
2777 758 3012 811 civitates
3049 756 3350 830 splendidas
3391 759 3892 833 Constantinopolim

2343 852 2396 897 et
2437 841 2751 896 Heracliam.
2822 845 2998 911 Quam
3025 843 3536 918 Constantinopolim
3549 885 3568 913 ,
3615 864 3738 903 cum
3761 858 3896 901 esset

2342 926 2623 999 aliquando
2663 928 2971 999 Byzantium
2992 967 3009 994 ,
3053 930 3429 985 Constantinus
3453 932 3736 1005 imperator
3769 950 3896 988 con-

2341 1015 2479 1069 didit
2496 1056 2512 1079 ,
2539 1025 2595 1070 et
2619 1034 2778 1071 suum
2803 1033 3097 1087 cognomen
3119 1018 3322 1072 civitati
3362 1020 3630 1093 imposuit.
3659 1020 3894 1077 Heraclia

2342 1122 2467 1159 vero
2491 1104 2978 1159 excellentissimum
2997 1121 3132 1176 opus
3163 1104 3319 1160 habet
3347 1108 3402 1161 in
3427 1107 3630 1163 theatro
3647 1118 3702 1163 et
3727 1108 3894 1180 regale

2341 1191 2590 1264 palatium
2608 1212 2624 1258 ς
2645 1209 2766 1247 nam
2804 1192 3258 1265 Constantinopoli
3293 1195 3524 1249 circense
3560 1214 3692 1270 opus
3719 1197 3896 1271 perni-

2341 1278 2480 1331 ciosa
2503 1288 2556 1332 et
2582 1278 2862 1332 saevissima
2886 1279 3226 1333 contentione
3241 1290 3525 1351 spectatur.

2415 1364 2498 1418 51.
2549 1366 2598 1419 A
2621 1364 2846 1419 Thacia
2887 1381 3012 1418 vero
3051 1364 3355 1419 obviantem
3380 1366 3613 1421 invenies
3647 1366 3892 1425 Macedo·

2341 1451 2501 1505 niam.
2535 1450 2664 1505 Hice
2703 1450 2980 1505 abundans
3011 1452 3262 1506 omnibus
3303 1452 3460 1508 honis
3502 1455 3626 1509 eicit
3661 1455 3888 1521 serrum.

2339 1535 2650 1609 plumbum,
2689 1536 2896 1591 lardum
2937 1548 2990 1593 et
3021 1556 3231 1593 caseum
3275 1538 3666 1607 Dardanicum3
3695 1540 3895 1612 adjacet

2339 1625 2480 1679 euim
2504 1624 2552 1677 ei
2578 1622 2860 1679 Dardania.
2883 1624 3386 1681 Ethabetcivitatem
3397 1625 3886 1698 splendidissimam,

2339 1728 2457 1783 quae
2481 1721 2560 1765 est
2579 1728 2684 1765 una
2700 1712 3042 1766 eminentium
3061 1752 3076 1777 ,
3109 1713 3368 1767 vocabulo
3389 1714 3834 1769 Thessalonicam.

2409 1797 2496 1851 52.
2523 1799 2647 1851 Post
2663 1796 3028 1852 Macedoniam
3059 1798 3327 1853 Thessalia
3343 1838 3360 1865 ,
3391 1817 3512 1871 qua
3537 1799 3703 1855 multo
3723 1801 3892 1856 abun-

2340 1883 2473 1939 dans
2527 1886 2704 1939 tritico
2743 1885 2903 1940 habet
2947 1897 3180 1943 montem
3234 1885 3496 1941 excelsum
3542 1889 3634 1960 qui
3677 1900 3894 1945 vocatur

2342 1972 2614 2044 Olympus.
2644 1975 2768 2027 Post
2787 1973 3106 2029 Thessaliam
3127 1973 3322 2046 Achaja
3334 1984 3391 2029 et
3415 1976 3618 2031 Gracia
3649 1987 3702 2032 et
3725 1980 3891 2033 Laco·

2341 2177 2396 2230 in
2423 2195 2527 2249 qua
2569 2178 2838 2251 (eminet)
2882 2180 3192 2234 circensium
3217 2179 3574 2254 spectaculum
3598 2178 3893 2252 diligentius

2337 2276 2617 2339 spectatur.

2413 2352 2498 2409 50.
2527 2356 2654 2409 Post
2677 2352 2974 2425 Bithyniam
3015 2354 3208 2407 iterum
3242 2354 3466 2409 Tiaracia
3503 2354 3803 2427 provincia,
3843 2367 3896 2410 et

2341 2440 2452 2511 ipsa
2493 2438 2640 2494 dives
2676 2440 2732 2493 in
2763 2437 3016 2493 fructibus
3055 2449 3110 2492 et
3134 2440 3392 2493 maximos
3434 2440 3634 2494 habens
3663 2440 3800 2496 viros
3841 2452 3894 2496 et

2341 2524 2500 2581 sortes
2523 2528 2578 2580 in
2606 2526 2762 2583 bello.
2789 2527 3009 2599 Propter
3033 2526 3178 2598 quod
3207 2537 3260 2580 et
3284 2526 3587 2600 frequenter
3609 2528 3734 2581 inde
3757 2528 3894 2583 mili-

2337 2624 2414 2668 tes
2440 2614 2713 2670 tolluntur.
2761 2614 2932 2669 Habet
2961 2626 3134 2669 autem
3161 2615 3394 2669 civitates
3419 2614 3717 2687 splendidas
3757 2618 3893 2671 Con·

2337 2702 2723 2776 stantinopolim
2737 2713 2787 2757 et
2797 2702 3117 2758 Heracleam.
3134 2704 3267 2773 Quae
3281 2702 3754 2775 Constantinopolis
3771 2722 3890 2759 cum

2339 2798 2472 2843 esset
2516 2788 2798 2862 aliquando
2855 2790 3162 2861 Byzantium
3183 2828 3199 2853 ,
3249 2790 3622 2842 Constantinus
3669 2789 3893 2845 conditae

2339 2894 2495 2933 suum
2519 2895 2812 2948 cognomen
2853 2878 3046 2931 civitati
3085 2878 3354 2949 imposuit.
3380 2876 3626 2931 Heraclea
3657 2896 3780 2929 vero
3804 2895 3893 2931 ex·

2339 2962 2527 3017 cellens
2561 2980 2696 3036 opus
2735 2961 2892 3017 habet
2935 2973 2989 3017 et
3034 2962 3296 3016 theatrum
3335 2973 3390 3016 et
3423 2962 3592 3033 regale
3621 2961 3888 3034 palatium.

2339 3048 2821 3122 Constantinopolis
2839 3059 3012 3104 autem
3033 3049 3213 3103 omnia
3233 3050 3496 3122 precipua
3513 3048 3706 3103 hahere
3722 3060 3892 3122 potest

2337 3148 2554 3211 propter
2576 3138 3002 3193 Constantinum.
3073 3137 3187 3190 Nec
3215 3154 3322 3190 non
3348 3154 3474 3190 vero
3501 3146 3554 3191 et
3579 3136 3886 3191 circensium

2333 3223 2686 3297 spectaculum
2715 3224 2990 3278 saevissime
3009 3232 3289 3295 spectatur.

2407 3312 2494 3369 51.
2536 3314 2585 3367 A
2627 3302 2852 3365 Thracia
2879 3328 3004 3380 ergo
3048 3310 3346 3364 obviantem
3375 3308 3609 3363 invenies
3643 3308 3890 3363 Macedo-

2333 3400 2504 3466 niam,
2548 3417 2667 3471 quoe
2711 3396 2984 3453 abundans
3026 3398 3223 3462 omnia,
3269 3398 3538 3468 negotium
3597 3416 3721 3451 vero
3767 3399 3888 3451 eicit

2333 3484 2528 3539 serrum
2563 3496 2618 3539 et
2657 3484 2962 3557 plumbum,
2987 3482 3298 3555 aliquotiens
3325 3494 3500 3538 autem
3527 3494 3581 3538 et
3605 3482 3808 3537 lardum
3835 3495 3886 3538 et

2333 3591 2542 3627 caseum
2581 3571 2967 3639 Dardanicum3
2995 3570 3198 3644 adjacet
3225 3572 3368 3627 enim
3405 3572 3454 3627 ei
3496 3571 3784 3627 Dardania.
3820 3574 3886 3626 Et

2333 3660 2489 3715 habet
2528 3660 2790 3715 civitatem
2824 3656 3150 3731 splendidam
3174 3657 3595 3713 Thessalonicam
3613 3698 3629 3725 ,
3657 3676 3774 3731 quae
3810 3670 3888 3713 est

2331 3749 2513 3823 etipsa
2545 3766 2653 3803 una
2674 3748 3036 3803 eminentium.

2406 3835 2495 3890 52.
2533 3837 2660 3890 Post
2678 3832 3042 3889 Macedoniam
3053 3832 3316 3888 'I'hessalia
3335 3832 3497 3886 multa
3513 3830 3682 3886 serens
3705 3842 3758 3886 et
3775 3831 3887 3886 aliis

2337 3922 2575 3976 sufficere
2599 3920 2814 3975 dicitur.
2841 3921 2909 3974 Et
2939 3918 3100 3974 habet
3120 3929 3356 3974 montem
3383 3919 3694 3993 Olympum,
3728 3934 3884 3988 quem

2339 4008 2560 4063 deorum
2599 4007 2956 4062 habitaculum
2999 4008 3261 4061 Homerus
3302 4006 3396 4079 ait.
3429 4006 3555 4059 Post
3579 4004 3884 4059 Thessaliam

2407 4221 2436 4285 S
2460 4217 2527 4271 50
2557 4220 2624 4271 A.
2657 4217 2712 4271 in
2738 4228 2858 4271 ante
2885 4214 3363 4287 Constantinopoli,
3395 4224 3448 4268 et
3471 4224 3593 4287 post
3617 4232 3746 4288 opus
3772 4231 3883 4269 om.

2335 4294 2459 4354 cod.
2485 4296 2612 4351 (ζαν.
2649 4297 2670 4365 ΙΙ
2710 4325 2783 4336 -
2824 4293 3082 4365 conditas]
3115 4292 3381 4347 conditam
3416 4291 3537 4348 cod.
3574 4291 3596 4361 ΙΙ
3644 4320 3712 4332 -·
3736 4294 3766 4360 S
3794 4292 3881 4347 51.

2327 4372 2624 4445 plumbum]
2645 4372 2886 4447 plemam
2906 4370 3062 4426 codd.
3091 4372 3148 4425 in
3173 4374 3218 4425 A
3242 4381 3296 4425 et
3319 4372 3383 4437 B;
3411 4388 3516 4427 em.
3544 4370 3670 4425 Mai.

2403 4456 2434 4521 s
2467 4454 2534 4506 52
2569 4456 2639 4508 A.
2678 4452 2788 4507 sibi
2813 4452 3038 4523 tantum]
3067 4462 3274 4505 tantum
3311 4451 3468 4523 periit
3506 4451 3561 4503 in
3598 4450 3748 4512 Cav.;
3784 4467 3883 4502 vix

2333 4529 2590 4602 supplevit
2615 4530 2849 4599 Μαί.11-
2863 4532 2927 4584 In
2956 4533 2998 4584 B
3034 4528 3200 4583 codex
3225 4529 3446 4583 multum
3556 4527 3746 4581 liabens
3785 4544 3882 4598 pro

2334 4609 2557 4662 neutram
2702 4608 2986 4664 habentem.
3024 4610 3046 4677 ΙΙ
3073 4638 3148 4649 —-
3182 4607 3406 4679 crocino]
3447 4606 3523 4661 sic
3556 4608 3633 4670 A3
3680 4604 3883 4658 cronico

2333 4686 2452 4743 cod.
2480 4688 2536 4741 in
2563 4688 2626 4741 B.
2656 4685 2904 4759 Lapidem
2925 4686 3052 4741 dicit
3075 4688 3166 4758 qui
3190 4684 3258 4740 ad
3298 4685 3552 4749 croceas,
3581 4684 3752 4737 vicum
3783 4684 3879 4737 La·

2333 4768 2608 4833 conicum,
2640 4764 2909 4823 effoditur.
2947 4764 3076 4821 Vid.
3105 4764 3384 4820 Pausanias
3423 4764 3474 4827 3,
3507 4777 3597 4828 21,
3636 4763 3689 4825 4.
3721 4757 3807 4816 Cf.
3843 4758 3876 4826 ἡ

2333 4846 2548 4913 Λακαὶνη
2583 4845 2728 4911 λίθος,
2743 4844 2882 4917 apud
2906 4845 3126 4901 Lucian.
3153 4844 3314 4916 Hipp.
3349 4862 3398 4898 c.
3427 4842 3479 4908 53
3504 4840 3533 4894 ὃ
3557 4837 3610 4893 lx
3645 4844 3742 4892 τῶν
3780 4840 3878 4892 Δα-

2331 4928 2501 4980 κώνων
2523 4924 2662 4988 λίθος
2681 4926 2900 4997 Gregor.
2929 4926 3081 4997 Nysa.
3111 4934 3243 4978 tom.
3280 4940 3329 4988 1,
3371 4940 3426 4994 p.
3463 4920 3588 4992 399,
3615 4922 3690 4983 A;
3719 4917 3748 4971 ὅ
3771 4918 3871 4972 M-

2330 5022 2430 5057 κων
2454 5003 2592 5065 λίθος
2623 5003 2697 5062 ib.
2721 5014 2851 5060 tom.
2885 5021 2934 5069 t,
2963 5021 3021 5075 p.
3064 5006 3186 5065 860,
3216 5005 3288 5066 A3
3319 4996 3576 5063 Λακωνικὴ
3611 4996 3738 5059 πλάξ
3773 4996 3871 5051 Ba·

2329 5082 2411 5138 sil.
2429 5092 2563 5140 tom.
2589 5099 2639 5148 1,
2667 5100 2721 5154 p.
2746 5082 2868 5152 396.
2896 5082 2958 5139 C.
2993 5085 3020 5148 ΙΙ
3039 5111 3106 5123 -
3125 5075 3400 5133 dicendum
3418 5075 3748 5148 antiquorum
3771 5074 3875 5127 be!-

2329 5162 2456 5235 lmn]
2485 5161 2568 5217 cf.
2592 5162 2914 5217 Athenarum
2939 5160 3220 5232 doecriptio
3249 5160 3304 5211 in
3329 5161 3638 5228 Anonymo,
3667 5165 3798 5209 tom.
3822 5170 3866 5213 ι,

2327 5260 2380 5314 Ρ·
2405 5262 2495 5313 99·
