4584 6284
1765 421 1868 483 DE
1907 422 2276 486 moNYslo
2318 423 2761 487 PERlEGEI'E.

669 565 898 610 vennas
926 549 962 609 5
981 592 997 621 ,
1026 549 1104 610 20
1125 547 1394 626 Cyprum
1419 562 1566 608 cum
1603 543 1982 609 Chelidoniis
2005 545 2226 610 insulis

672 632 1009 716 componit.
1039 631 1196 705 Quid
1225 631 1394 713 quod
1421 631 1685 694 eandem
1717 631 2064 696 doctrinam
2091 634 2228 716 qui-

671 722 818 786 dam
861 723 928 785 in
966 722 1338 786 Strabonem
1380 720 1609 784 inferre
1641 720 1868 796 voluit,
1909 721 2020 784 ubi
2057 740 2224 786 nunc

668 808 896 891 legitur
929 808 1027 892 (p.
1069 813 1188 872 121
1215 809 1377 887 Cas„
1421 811 1557 887 103,
1591 811 1670 870 11
1699 807 1881 888 Did.)
1913 829 1929 872 :
1975 808 2058 872 Τὸ
2085 808 2226 872 ’lxei-

673 921 782 978 ριον
804 898 898 958 καὶ
925 898 1238 980 Καρπᾶθιον
1264 895 1517 978 (πέλαγός
1554 894 1698 978 ἔστι)
1730 897 1890 978 μέχρι
1917 901 2011 970 τῆς
2039 895 2226 959 Ῥόδου

669 987 760 1046 καὶ
784 985 1008 1066 Κρήτης
1032 983 1125 1044 καὶ
1159 983 1374 1065 Κύπρου
1404 984 1513 1060 (V.
1537 989 1666 1046 not.
1690 982 1771 1045 ad
1797 983 1998 1047 Strab.
2022 1004 2086 1068 p.
2107 987 2225 1050 919

671 1073 774 1137 ed.
818 1074 1012 1155 Did.).
1063 1071 1248 1152 Origo
1289 1075 1497 1134 autem
1537 1070 1767 1134 erroris
1798 1069 1863 1135 in
1917 1090 1994 1136 eo
2055 1090 2226 1154 quae·

669 1161 868 1226 renda
892 1178 1031 1225 esse
1082 1159 1236 1223 mihi
1268 1159 1508 1222 videtur
1543 1157 1714 1242 quod
1759 1158 2090 1243 Dionysius
2119 1161 2228 1242 Cy-

671 1267 858 1332 prum
906 1247 1172 1312 insulam
1215 1245 1496 1311 confudit
1521 1265 1668 1311 cum
1712 1247 1982 1331 Cypriis,
2029 1247 2226 1312 tribus

671 1337 893 1402 insulis
935 1335 1170 1420 exiguis
1219 1335 1410 1418 (hod.
1451 1337 1756 1418 Trinisia)
1774 1383 1791 1413 ,
1823 1357 1978 1421 quas
2029 1356 2224 1421 prope

674 1424 1066 1488 Chelidonias
1087 1429 1394 1487 memorat
1419 1423 1655 1486 Plinius
1678 1428 1740 1501 5,
1772 1424 1810 1505 ξ
1835 1429 1943 1488 131
1977 1425 2079 1488 ed.
2112 1425 2230 1488 Sil·

673 1513 780 1595 lig.
808 1510 1008 1576 Simili
1027 1511 1388 1576 confusione
1409 1511 1692 1575 laborare
1713 1513 1998 1596 suspicor
2017 1515 2227 1579 locum

673 1619 799 1684 quo
838 1600 1002 1664 inter
1034 1599 1274 1664 Ionicas
1303 1599 1536 1663 insulas
1566 1601 1744 1681 Juxta
1775 1602 2034 1665 Samum
2077 1603 2231 1666 Cau-

671 1709 789 1753 nus
816 1689 1067 1771 ponitur
1095 1689 1190 1771 (ν.
1227 1693 1355 1753 not.
1388 1687 1466 1751 ad
1495 1707 1586 1752 vs.
1629 1689 1800 1771 533).
1833 1688 2024 1753 Aliud
2063 1691 2228 1754 osci-

669 1777 877 1841 tantiae
909 1776 1266 1860 exemplum
1298 1775 1538 1858 praebet
1559 1795 1646 1840 vs.
1673 1781 1794 1842 116
1815 1822 1832 1851 ,
1859 1777 1971 1840 ubi
1999 1785 2229 1860 praeter

667 1865 982 1947 Alpheum
1029 1864 1193 1928 inter
1235 1863 1650 1946 Peloponnesi
1679 1864 1900 1928 fluvios
1943 1884 2020 1928 ex
2045 1866 2230 1928 Calli-

669 1953 895 2018 macho
931 1951 1268 2035 apponitur
1314 1955 1472 2016 Jaon
1491 1998 1508 2029 ,
1536 1971 1920 2035 quamquam
1968 1953 2024 2016 is
2061 1953 2230 2036 apud

667 2041 1116 2105 Callimachum
1145 2039 1303 2104 nihil
1321 2039 1490 2102 aliud
1531 2047 1625 2104 est
1651 2059 1841 2123 quam
1869 2040 2096 2124 Alphei
2119 2044 2232 2105 ssu-

666 2126 750 2190 vii
779 2145 1012 2192 nomen
1049 2128 1387 2211 poeticum.
1417 2127 1866 2191 Callimachum
1893 2125 2230 2210 diligenter

669 2234 706 2278 a
730 2213 1024 2298 Dionysio
1057 2215 1400 2279 lectitatum
1431 2233 1568 2278 esse
1612 2213 1752 2278 aliis
1791 2232 2044 2298 quoque
2072 2213 2229 2278 locis

671 2303 1134 2368 demonstratur
1157 2307 1263 2384 (νε.
1281 2307 1422 2379 386,
1443 2307 1584 2376 160,
1611 2303 1798 2386 628);
1826 2301 2228 2384 Apollonium

670 2391 984 2456 Rhodium
1024 2391 1107 2454 ob
1147 2390 1362 2454 oculos
1387 2390 1602 2453 habuit
1627 2410 1716 2454 vs.
1756 2394 1874 2454 315
1917 2397 1982 2453 et
2002 2394 2121 2454 121
2149 2391 2226 2473 (1)

673 2496 944 2561 eumque
992 2496 1124 2561 prae
1169 2476 1394 2542 ceteris
1443 2483 1690 2540 secutus
1743 2485 1838 2540 est
1887 2477 1953 2540 in
1999 2477 2232 2542 descri-

671 2567 880 2632 benda
921 2566 1102 2630 Ponti
1139 2566 1362 2632 Euxini
1421 2585 1531 2630 ora
1576 2565 1989 2631 meridionali.
2039 2567 2230 2632 Prava

671 2653 1218 2736 grammaticorum
1268 2655 1734 2719 homericorum
1775 2659 2132 2718 commenta
2165 2653 2230 2716 in

671 2743 1026 2823 Periegesin
1051 2743 1292 2825 recepit
1326 2763 1382 2806 ν.
1405 2747 1524 2808 165
1543 2790 1561 2823 ,
1588 2742 1698 2806 ubi
1727 2741 2038 2824 Liparaeas
2060 2743 2233 2806 insu-

671 2833 765 2895 las
799 2832 1040 2894 Πλώτων
1062 2830 1317 2895 nomine
1339 2830 1719 2911 introducit,
1745 2837 1934 2914 atque
1959 2849 2050 2893 vs.
2075 2833 2227 2910 165,

669 2921 778 2986 ubi
803 2919 1054 3001 Ἀγαυοὺς
1082 2939 1194 3003 pro
1240 2919 1536 3002 scythicae
1576 2917 1779 3000 gentis
1807 2915 2062 2983 nomine
2085 2937 2232 3001 pro-

671 3009 809 3093 prio
831 3008 1146 3072 venditare
1173 3008 1438 3072 videtur.

745 3094 1116 3177 Huiusmodi
1179 3094 1370 3177 igitur
1421 3115 1501 3160 ex
1565 3093 1813 3176 scriptis
1897 3091 2228 3156 eruditulis

667 3200 864 3266 quum
907 3184 1130 3245 Noster
1155 3200 1284 3246 non
1315 3183 1506 3246 modo
1551 3182 1848 3246 flosculos
1893 3181 2226 3261 orationis,

668 3271 780 3335 sed
802 3288 1092 3352 magnam
1121 3271 1314 3334 etiam
1339 3288 1553 3335 rerum
1596 3277 1840 3352 partem
1867 3269 2222 3352 collegerit,

667 3357 1036 3424 brevissima
1064 3357 1170 3422 illa
1201 3359 1385 3422 Orbis
1413 3363 1720 3422 terrarum
1763 3357 2136 3440 descriptio,
2163 3357 2227 3419 in

671 3463 796 3528 qua
822 3444 1071 3512 nonnisi
1099 3445 1424 3510 notissima
1446 3452 1510 3508 et
1537 3445 2032 3530 exploratissima
2060 3462 2230 3527 quae-

668 3553 794 3618 que
831 3535 1250 3616 consignanda
1281 3543 1458 3600 erant
1471 3581 1488 3614 ‚
1525 3553 1686 3618 opus
1721 3534 1911 3599 evasit
1950 3535 2191 3598 varium
2208 3579 2226 3612 ‚

668 3625 1085 3706 multiforme,
1121 3625 1420 3690 doctrinae
1459 3625 1898 3689 reconditioris
1951 3622 2229 3688 centoni-

669 3715 788 3780 bus
849 3714 1012 3780 male
1073 3721 1396 3790 ornatum,
1459 3712 1629 3795 quod
1687 3713 1840 3777 dum
1905 3711 2230 3776 notissima

671 3803 972 3867 nonnulla
1011 3803 1272 3881 omittit,
1309 3802 1450 3885 plus
1501 3802 1694 3866 semel
1734 3801 1928 3866 habet
1975 3799 2230 3864 aliunde

672 3890 930 3954 omnino
975 3909 1099 3955 non
1147 3890 1422 3971 cognita,
1480 3890 1651 3974 quod
1697 3889 1968 3972 denique
2017 3905 2228 3951 rerum

673 3983 872 4041 status
897 3977 1098 4058 longis
1136 3986 1491 4060 temporum
1529 3977 1870 4041 intervallis
1909 3983 2228 4058 separatos

673 4073 914 4128 temere
959 4067 1204 4130 miscet.
1248 4066 1432 4130 Nulla
1458 4065 1646 4129 estin
1683 4064 1997 4146 Periegesi
2025 4081 2230 4146 neque

671 4153 866 4218 Cariae
909 4151 1104 4236 (817),
1130 4171 1336 4236 neque
1385 4151 1736 4216 Ambracia
1780 4147 1941 4232 (131)
1993 4149 2230 4212 mentio

676 4241 941 4318 diserta3
977 4249 1042 4305 et
1071 4241 1355 4325 quamvis
1380 4261 1472 4305 νε.
1521 4243 1601 4304 ’16
1645 4255 1818 4302 mare
1851 4237 2232 4318 Ligusticum

669 4329 894 4406 habes,
919 4329 998 4393 de
1019 4329 1156 4411 ipsa
1168 4336 1379 4393 tamen
1400 4327 1653 4409 Liguria
1673 4327 1868 4390 altum
1889 4325 2226 4402 silentium,

673 4423 858 4500 atque
897 4417 1193 4499 Ligurum
1241 4417 1307 4481 in
1351 4416 1564 4481 locum
1611 4413 1824 4479 nescio
1873 4425 2000 4496 quo
2048 4419 2232 4496 pacto

668 4505 1020 4587 Tyrrhenos
1044 4504 1338 4570 suffectos
1363 4521 1500 4568 esse
1517 4501 1692 4566 vides
1717 4501 1904 4585 (291).
1933 4500 2234 4564 Similiter

669 4613 760 4657 νε.
816 4597 896 4658 97
938 4599 1126 4676 poeta
1181 4593 1278 4657 sui
1318 4593 1432 4658 aevi
1488 4590 1936 4674 geographiam
1982 4596 2230 4654 secutus

675 4681 1041 4747 Dalmatiam
1069 4689 1554 4754 commemorat,
1590 4697 1666 4743 eo
1687 4683 1899 4744 autem
1916 4679 2094 4757 loco,
2115 4677 2228 4741 ubi

675 4769 898 4852 Illyriae
919 4777 1184 4835 tractum
1213 4769 1562 4834 accuratius
1596 4766 1898 4831 describit
1925 4769 2066 4845 (388
2085 4765 2225 4848 sq.),

678 4859 870 4922 missa
934 4859 1246 4924 mentione
1305 4857 1662 4936 Dalmatiae,
1723 4872 1938 4920 rerum
2000 4861 2228 4919 statum

672 4945 1043 5020 adumbrat,
1075 4946 1272 5029 qualis
1299 4952 1520 5028 quarto
1569 4951 1712 5009 ante
1753 4943 2066 5008 Christum
2111 4961 2232 5006 εω-

675 5235 714 5282 A
737 5157 1081 5281 (1¹)1Mitt39alia
1106 5159 1375 5222 incertiora,
1395 5157 1458 5210 de
1474 5157 1655 5222 quibus
1671 5171 1719 5207 ν.
1744 5153 1979 5207 Gerhard.
1990 5153 2054 5204 in
2073 5155 2225 5205 Lectt.

715 5243 780 5296 po
817 5269 830 5280 .
861 5242 896 5295 p
1004 5264 1019 5279 .

3750 451 3872 494 XXV

2318 546 2461 610 culo
2492 545 2557 608 in
2590 546 2861 627 Scylacis
2894 547 3139 629 periplo
3184 548 3534 615 exhibetur.
3568 551 3741 616 Idem
3777 574 3869 617 νε.

2316 637 2433 699 805
2462 633 2771 715 Bebryces
2790 641 2977 716 atque
3002 634 3371 700 Cimmerios
3386 639 3646 720 Bospori
3666 639 3868 715 affert,

2316 721 2425 805 qui
2453 721 2727 801 Dionysii
2756 727 2937 785 aetate
2972 721 3129 784 nulli
3170 729 3379 796 erant:
3414 743 3505 788 νε.
3549 729 3669 791 700
3708 727 3873 790 Asiae

2317 813 2530 890 gentes
2554 809 2663 890 qui
2686 809 2951 873 camaris
2974 810 3235 891 navigiis
3256 811 3611 890 utebantur,
3635 813 3719 878 ita
3745 832 3877 878 me·

2319 902 2548 973 morat,
2600 905 2673 961 ut
2705 898 2957 962 nomine
3006 897 3265 981 proprio
3308 899 3647 964 Camaritas
3673 901 3875 966 dictos

2318 1003 2455 1049 esse
2494 985 2822 1068 putaveris.
2852 988 2959 1050 Vs.
2993 989 3113 1050 880
3138 985 3491 1068 Coelesyriae
3532 987 3720 1053 situm
3759 990 3877 1053 fal-

2320 1071 2562 1136 sissime
2587 1071 2918 1148 describit;
2946 1092 3037 1136 vs.
3070 1077 3192 1139 178
3228 1074 3457 1156 Syrtim
3500 1076 3801 1156 majorem
3838 1097 3875 1141 e

2320 1159 2572 1241 regione
2594 1159 2822 1226 Siciliae
2850 1161 3119 1225 collocat
3146 1161 3449 1236 absurde3
3475 1181 3567 1225 vs.
3593 1166 3711 1228 198
3731 1183 3867 1249 sqq.

2318 1248 2700 1330 AEgilorum,
2764 1249 3097 1326 Calauriae,
3169 1250 3581 1332 Cytherorum
3599 1296 3618 1331 ,
3679 1252 3873 1318 Cretae

2318 1336 2707 1422 aliarumque
2742 1337 3082 1402 insularum
3112 1337 3301 1403 situm
3342 1339 3601 1422 exponit
3635 1341 3875 1407 ratione

2319 1425 2673 1508 perinepta3
2704 1444 2907 1509 neque
2938 1427 3163 1490 melius
3186 1425 3421 1490 habent
3444 1446 3589 1512 quie
3615 1427 3695 1492 de
3729 1430 3878 1494 Cas-

2320 1511 2677 1576 siteridibus
2698 1511 2917 1577 insulis
2939 1513 3228 1596 leguntur
3250 1533 3337 1579 vs.
3367 1518 3510 1592 561,
3540 1521 3601 1578 et
3619 1516 3699 1579 de
3722 1517 3877 1581 Cha·

2318 1599 2699 1666 tramotitide
2752 1601 2997 1666 Arabiae
3046 1601 3235 1685 (957).
3279 1603 3577 1668 Ordinem
3620 1623 3875 1688 geogra-

2319 1688 2576 1772 phicum
2619 1696 2800 1772 poeta
2860 1689 3118 1770 negligit
3171 1709 3261 1754 νε.
3322 1695 3464 1755 851.
3510 1694 3649 1756 858.
3693 1694 3873 1758 Haud

2320 1795 2636 1842 assumere
2662 1777 2933 1842 debebat
2958 1797 3035 1842 ex
3074 1777 3529 1859 antiquioribus
3560 1778 3875 1863 scriptori-

2319 1865 2437 1930 bus
2462 1883 2605 1950 quae
2631 1867 2921 1946 leguntur
2943 1864 3023 1929 de
3049 1865 3339 1930 Tanaidis
3357 1885 3548 1931 cursu
3580 1871 3765 1947 (663),
3794 1869 3875 1935 de

2319 1953 2548 2018 isthmo
2584 1953 2745 2018 Asiae
2794 1953 3055 2018 minoris
3105 1953 3274 2038 (576.
3322 1954 3521 2036 862),
3554 1955 3632 2019 de
3673 1957 3874 2023 Araxe

2319 2045 2503 2120 (739),
2523 2041 2602 2105 de
2618 2043 2919 2106 Parnasso
2937 2041 3131 2106 Indiae
3152 2041 3335 2124 (737).
3359 2044 3660 2124 Suspecta
3682 2044 3873 2110 etiam

2320 2149 2461 2215 quo
2496 2130 2577 2194 de
2610 2129 2943 2212 Panticape
2980 2137 3045 2193 et
3077 2129 3345 2194 Aldesco
3387 2131 3589 2195 fluviis
3616 2131 3875 2198 tradun-

2320 2225 2442 2282 tur.
2478 2217 2747 2282 Aliunde
2780 2235 2908 2282 non
2943 2216 3077 2282 noti
3112 2223 3261 2282 sunt
3303 2218 3642 2282 Bostrenus
3679 2221 3873 2303 Syriae

2322 2305 2476 2391 (013)
2498 2352 2517 2382 ,
2560 2305 2919 2388 Apsinthius
2970 2304 3253 2370 Thraciae
3308 2305 3501 2389 (575),
3554 2309 3873 2389 Megas-sus

2322 2393 2449 2458 sive
2472 2394 2787 2476 Magarsus
2816 2391 3009 2457 Indiae
3050 2393 3273 2456 fluvius
3304 2394 3509 2474 (1013)
3532 2401 3594 2458 et
3612 2396 3875 2460 Veneris

2320 2480 2523 2546 cultus
2546 2480 2711 2563 apud
2734 2479 3077 2561 Aspendios
3090 2479 3271 2560 (852)
3296 2479 3535 2544 Eodem
3559 2482 3871 2583 pertinere

2318 2569 2603 2634 videntur
2628 2567 2873 2631 Chalcis
2900 2567 2980 2631 ad
3018 2567 3222 2632 fontes
3246 2567 3505 2632 Acheloi
3532 2568 3649 2632 sita
3681 2569 3867 2654 (196),

2320 2674 2439 2721 nec
2468 2674 2593 2721 non
2618 2655 2814 2737 Γίρριιι
2841 2653 3021 2737 (321),
3044 2654 3167 2718 nisi
3193 2654 3597 2720 scribendum
3621 2664 3715 2721 est
3732 2657 3873 2741 Τίρ·

2324 2767 2405 2826 ροι
2431 2743 2557 2808 sive
2598 2747 2822 2824 Ταῦροι,
2861 2741 3021 2808 adeo
3046 2750 3119 2807 ut
3149 2742 3426 2808 Taurisci
3476 2743 3869 2823 indicentur3

2315 2830 2487 2896 haud
2534 2849 2761 2914 paucas
2790 2829 2959 2895 enlm
2996 2830 3326 2895 nominum
3365 2830 3601 2896 formas
3642 2833 3876 2916 Diony·

2322 2920 2451 2984 sius
2464 2919 2665 2984 ’habet
2686 2919 2804 2984 sibi
2844 2918 3159 3002 proprias,
3195 2923 3265 2982 ut
3296 2919 3573 3000 Διρκίὸιοι
3600 2940 3714 3000 pro
3738 2920 3875 3002 Δίρ-

2319 3008 2463 3078 6ικες
2506 3009 2602 3072 Vel
2650 3007 2932 3090 Δίρὸικκες
2980 3005 3176 3089 (731),
3224 3007 3431 3069 Tatnos
3492 3026 3607 3090 pro
3662 3013 3714 3070 T
3716 3011 3875 3072 αόκαι

2327 3093 2546 3180 (1069),
2570 3094 2825 3173 zoua-1824<
2850 3112 2967 3177 pro
2994 3095 3221 3176 Σογδιάς
3262 3097 3438 3174 (717),
3487 3095 3627 3178 ἄκρα
3662 3095 3870 3170 Λιλῦὅη

2320 3203 2435 3266 pro
2485 3181 2737 3258 Λιλυὸηίς
2777 3184 2961 3264 (169),
3016 3187 3226 3263 Ταυρος
3288 3200 3402 3263 pro
3460 3183 3556 3266 ὄρη
3628 3185 3873 3268 Ταυρικά

2320 3271 2685 3336 Chersonesi
2726 3273 3005 3336 Tauricae
3046 3273 3227 3352 (168),
3258 3267 3452 3340 Ἄτλας
3475 3290 3592 3353 pro
3632 3279 3695 3334 θα
3679 3274 3763 3333 ἀλ
3732 3297 3873 3335 acca

2320 3358 2630 3432 Ἄτλαντική
2656 3362 2795 3442 (30),
2830 3359 3066 3440 Βρίντιοι
3100 3377 3217 3442 pro
3241 3359 3478 3440 Βρὲττιοι
3500 3359 3678 3442 (362),
3706 3363 3871 3440 sze-

2320 3456 2523 3531 στραῖοι
2550 3467 2665 3530 pro
2686 3451 3029 3528 Τιργισταῑοι
3057 3448 3237 3530 (382),
3271 3446 3566 3525 Ἀμνιτάων
3605 3466 3718 3529 pro
3764 3451 3877 3512 Να-

2320 3537 2549 3616 puttam
2573 3536 2750 3620 (570),
2771 3535 3021 3616 Σᾶμιίται
3044 3535 3257 3616 (metri
3274 3537 3480 3614 causa)
3501 3554 3617 3618 pro
3646 3537 3872 3618 Σαρμά-

2316 3649 2410 3685 ται
2439 3627 2599 3709 (301)
2619 3671 2636 3701 ,
2665 3631 2784 3689 etc.

2398 3713 2807 3778 condimenta
2854 3731 2995 3795 quae
3034 3712 3375 3777 narrationi
3439 3711 3871 3795 geographicae

2320 3799 2653 3881 Dionysius
2711 3799 3077 3876 admiscuit,
3142 3800 3387 3883 potiora
3432 3809 3753 3864 versantur
3806 3799 3873 3864 in

2322 3887 2639 3952 mentione
2677 3887 3025 3952 fabularum
3046 3887 3497 3952 Bacchicarum
3527 3890 3685 3966 (570.
3724 3890 3866 3952 623.

2322 3978 2461 4041 700.
2492 3979 2632 4041 839.
2656 3979 2795 4040 910.
2823 3979 2999 4040 1113.
3029 3977 3224 4054 1153)
3262 3974 3665 4057 lapidumque
3706 3978 3867 4052 (318.

2320 4067 2461 4128 328.
2481 4069 2619 4128 721.
2647 4067 2987 4128 786.1011.
3028 4066 3206 4128 1075.
3247 4061 3445 4138 1131).

2401 4152 2711 4214 Hactenus
2729 4129 2808 4214 de
2826 4149 3075 4214 delectu
3092 4167 3303 4212 rerum
3323 4166 3552 4230 ,quem
3570 4148 3792 4230 poeta
3774 4167 3876 4210 ιιι-

2322 4237 2539 4303 stituit.
2590 4239 2658 4302 ln
2706 4255 2829 4320 quo
2868 4255 3065 4320 quum
3096 4235 3411 4317 judicium
3442 4234 3771 4298 subactum
3808 4241 3874 4300 et

2322 4317 2713 4389 subtiliorem
2736 4343 2949 4389 rerum
2986 4323 3539 4407 geographicarum
3582 4321 3869 4404 peritiam

2322 4411 2780 4490 desideremus,
2850 4419 3023 4477 tanto
3091 4411 3403 4474 lubentius
3458 4409 3867 4474 concedimus

2322 4501 2705 4584 praecipuam
2749 4501 2893 4564 libri
2939 4498 3588 4565 commendationem'
3572 4517 3634 4559 ιιι
3664 4499 3867 4562 nitore

2320 4607 2395 4653 ac
2412 4589 2800 4672 jucunditate
2823 4587 3119 4655 orationis
3146 4605 3283 4651 esse
3312 4587 3735 4670 qum-endam.
3777 4591 3867 4652 De

2320 4678 2420 4740 his
2448 4677 2533 4742 ita
2556 4677 2983 4760 Bernhardyus
3008 4681 3091 4758 (p.
3125 4677 3269 4756 501)
3295 4672 3587 4756 exponit:

2408 4787 2441 4826 α
2470 4768 2557 4830 De
2584 4764 2859 4830 castitate
2884 4762 3139 4846 quidem
3162 4761 3466 4826 sermonis
3487 4768 3551 4824 et
3567 4760 3871 4841 elegantia

2322 4871 2509 4917 nemo
2538 4853 2731 4916 semel
2758 4851 3108 4915 admonitus
3141 4848 3519 4924 intercedet;
3546 4867 3673 4913 non
3700 4848 3871 4912 enim

2323 4939 2617 5004 deficiant
2628 4941 2725 5004 vel
2748 4938 3105 5002 summatim
3123 4935 3650 5021 perstringentem
3672 4953 3876 5003 exem-

2324 5028 2459 5110 pla,
2506 5047 2647 5111 quoe
2690 5027 3097 5090 formularum
3150 5025 3461 5087 delectum
3505 5033 3699 5114 atque
3742 5041 3875 5088 sen·

2322 5117 2653 5180 tentiarum
2716 5114 3063 5180 ubertatem
3140 5119 3437 5197 praestent
3508 5108 3892 5220 copiosissi-

2324 5223 2490 5268 mam
2544 5222 2732 5287 ‚quo
2774 5201 2837 5264 in
2882 5221 3117 5284 genere
3160 5220 3286 5267 non
3323 5205 3455 5264 tam
3506 5204 3906 5294 inventionis
