4584 6284
622 544 695 595 44

620 666 776 721 fuisse
794 667 847 720 in
868 665 1120 736 angustiis
1138 665 1377 737 quinque
1398 662 1692 717 stadiorum
1711 702 1727 729 ,
1748 661 2185 734 Herodotumque

615 752 1031 809 animadvertere
1052 761 1279 824 poterat,
1302 768 1426 806 cum
1452 752 1526 805 ait
1555 768 1571 807 ι
1606 775 1629 797 «ι
1654 752 1844 815 Locus,
1878 750 1971 804 ubi
1996 751 2185 805 Darius

614 851 828 913 pontem
847 837 1031 910 junxit
1048 878 1063 903 ,
1085 838 1219 893 mihi
1241 836 1561 909 conjectanti
1594 836 1803 891 videtur
1828 836 2032 892 medius
2048 838 2186 891 inter

612 927 925 1000 Byzantium
952 934 1008 979 et
1038 926 1246 980 Fanum
1268 944 1285 991 3
1308 949 1332 973 ι
1362 922 1458 978 ubi
1478 933 1623 977 recte
1644 922 1825 979 scribit
1850 922 2179 990 Herodotus,

612 1015 704 1085 qui
741 1031 853 1069 non
881 1023 948 1067 ut
968 1012 1185 1066 Tzetzes
1226 1030 1283 1067 se
1308 1012 1443 1067 scire
1470 1011 1741 1083 gloriatur,
1766 1011 1859 1068 sed
1880 1012 2185 1086 simpliciter

612 1099 743 1157 dicit
760 1119 817 1155 se
835 1098 1101 1172 conjicere
1111 1116 1458 1173 ;.quanquam
1472 1100 1621 1155 locus
1648 1118 1829 1155 revera
1844 1100 2051 1156 medius
2072 1120 2181 1156 non

613 1200 713 1255 est,
745 1190 789 1242 si
804 1185 1115 1243 Herodotus
1134 1180 1295 1255 μέσον
1324 1186 1563 1258 intelligit
1580 1189 1637 1242 in
1660 1186 1791 1243 duas
1814 1206 1987 1261 aequas
2008 1200 2181 1263 partes

607 1276 840 1332 divisum
853 1317 869 1333 .
952 1276 1087 1329 Nam
1106 1294 1231 1329 cum
1258 1277 1526 1349 Bosporus
1552 1277 1621 1330 sit
1646 1276 1833 1347 longus
1856 1288 2068 1332 centum
2107 1278 2180 1332 vi-

608 1364 743 1437 ginti
772 1361 972 1429 stadia,
998 1372 1267 1436 oporteret
1290 1362 1492 1429 locum,
1516 1362 1607 1417 ubi
1646 1380 1780 1436 pons
1814 1361 2031 1436 junctus
2060 1375 2139 1419 est
2156 1404 2173 1431 ‚

610 1448 810 1505 distare
847 1450 1102 1522 Byzantio
1150 1450 1419 1521 sexaginta
1463 1448 1631 1504 stadia
1650 1489 1665 1515 ,
1710 1467 1835 1504 cum
1870 1468 1981 1505 non
2023 1449 2179 1505 distet

607 1536 835 1611 amplius
860 1533 1205 1608 quadraginta
1226 1536 1462 1607 quinque
1477 1534 1657 1589 stadiis
1670 1575 1687 1602 ,
1716 1546 1777 1590 ut
1796 1553 1905 1591 non
1930 1536 2061 1591 mibi
2078 1537 2175 1592 soli

608 1621 838 1687 videtur,
871 1618 967 1675 sed
991 1621 1149 1676 etiam
1188 1622 1469 1687 Straboni,
1504 1623 1597 1693 qui
1618 1623 1686 1676 ab
1720 1623 1971 1693 angustiis
2006 1642 2174 1696 usque

606 1708 675 1765 ad
694 1708 1011 1781 Byzantium
1038 1718 1283 1761 numerat
1304 1707 1649 1780 quadraginta
1671 1709 1907 1780 quinque
1936 1709 2139 1765 stadia-³
2152 1732 2169 1778 ς

604 1798 691 1853 eui
712 1792 916 1851 aceedit
930 1796 1251 1850 Sozomenus
1267 1796 1425 1869 (ιβ),
1448 1796 1692 1867 inquiens
1706 1798 1910 1853 Hestias
1924 1797 2118 1854 distare
2140 1818 2173 1855 a

605 1882 1067 1957 Constantinopoli
1090 1884 1305 1953 triginta
1340 1884 1574 1956 quinque
1604 1882 1791 1939 stadia.
1865 1885 1952 1942 Ab
1978 1887 2172 1943 Hestiis

602 1971 673 2027 ad
694 1970 1123 2045 promontorium
1150 1969 1456 2023 Hermaeum
1478 1966 1705 2042 conjicio
1734 1982 1933 2027 rectam
1963 1974 2171 2045 naviga·

602 2059 801 2116 tionem
824 2059 945 2133 plus
966 2059 1145 2113 minus
1178 2075 1289 2111 esse
1314 2056 1497 2113 decem
1519 2058 1812 2116 stadiorum
1850 2080 1865 2117 ε
1894 2060 1989 2116 sed
2008 2062 2165 2118 Sozo-

600 2164 789 2203 menus
812 2166 921 2202 non
945 2152 1087 2203 mete
1113 2146 1320 2201 Hestias
1358 2144 1488 2201 dicit
1508 2164 1621 2201 esse
1655 2148 1711 2202 in
1736 2148 1915 2203 medio
1943 2152 2165 2224 Bospori

599 2236 755 2294 freto.
828 2238 948 2291 Jam
973 2254 1038 2290 ex
1070 2232 1348 2289 antedictis
1374 2235 1843 2306 deprehenduntur
1863 2238 2021 2292 etiam
2048 2238 2162 2293 illu·

597 2333 731 2379 stres
742 2323 1016 2379 literarum
1035 2323 1393 2377 monumentis
1414 2322 1646 2394 imperiti
1668 2322 1827 2378 fuisse
1842 2325 2084 2398 Bospori,
2106 2327 2159 2381 in

595 2428 827 2483 quorum
851 2426 1137 2465 numerum
1166 2408 1404 2480 redigere
1428 2426 1635 2482 possem
1668 2410 2001 2465 Eustatbium
2036 2431 2157 2467 cum

594 2495 709 2553 aliis
731 2495 859 2552 locis
885 2506 1001 2551 tum
1028 2513 1092 2549 eo
1119 2494 1264 2567 quod
1288 2512 1550 2566 nusquam
1581 2494 1758 2561 locum
1773 2536 1788 2562 ,
1819 2496 1913 2551 ubi
1942 2505 2153 2569 pontem

590 2584 784 2638 Darius
800 2582 1014 2655 junxit,
1036 2582 1313 2637 nominare
1331 2580 1492 2637 audet
1506 2624 1523 2647 ,
1554 2599 1679 2637 cum
1695 2584 1766 2638 illi
1790 2586 2153 2656 opportunitas

590 2669 837 2743 frequens
864 2669 989 2725 dats
1006 2668 1188 2736 suerit,
1212 2668 1501 2741 prasertim
1524 2668 1710 2723 ubisit
1736 2670 1823 2739 (ad
1844 2670 2007 2725 Dion.
2030 2673 2149 2746 140)

587 2759 875 2814 Thracium
915 2758 1213 2830 Bosporum
1254 2756 1477 2811 Darium
1496 2755 1738 2828 junxisse
1782 2750 1904 2830 περὶ
1954 2756 2055 2810 ποῦ
2090 2753 2153 2812 τὸ

585 2837 724 2920 Ἱρὸν
751 2838 926 2917 στόμα
959 2853 977 2897 2
1007 2846 1101 2917 qui
1126 2845 1169 2899 si
1198 2844 1439 2915 intelligit
1456 2844 1675 2900 Sacrum
1696 2863 1786 2910 os,
1810 2856 1868 2901 ut
1884 2845 1971 2901 alii
1993 2847 2150 2920 pleri·

585 2950 707 3007 que,
728 2943 931 3008 partem
945 2932 1169 3004 Bospori
1193 2932 1331 2986 inter
1345 2929 1455 2985 duo
1474 2929 1595 2985 fana
1612 2932 1783 2998 sitam,
1801 2931 1957 3004 longe
1976 2945 2113 2989 errat
2129 2954 2147 3002 ς

579 3023 660 3076 sin
686 3024 985 3095 Bosporum
1016 3031 1189 3075 totum
1210 3061 1226 3084 ,
1267 3018 1507 3091 profecto
1533 3037 1643 3092 prae
1680 3038 1738 3075 se
1777 3019 1881 3075 sert
1909 3022 2151 3092 ignorare

578 3128 772 3163 nomen
810 3109 945 3173 loci,
976 3108 1069 3163 ubi
1094 3126 1231 3181 pons
1258 3106 1479 3179 junctus
1504 3106 1627 3162 suit.
1698 3108 1837 3163 Nam
1870 3110 2002 3182 quid
2029 3112 2150 3165 atti-

576 3196 735 3252 nebat
751 3196 932 3251 dicere
958 3196 1099 3250 circa
1117 3195 1305 3251 alicubi
1319 3197 1539 3250 Sacrum
1556 3212 1617 3249 os
1634 3195 1811 3268 potius
1829 3214 1989 3269 quam
2012 3198 2152 3253 circa

576 3286 883 3340 Hermaeum
928 3285 1358 3355 promontorium
1377 3322 1393 3349 ,
1428 3293 1489 3337 ut
1524 3281 1773 3354 Polybius
1816 3284 1956 3339 clare
1988 3283 2153 3340 dicit?

578 3374 839 3427 Pretereo
877 3370 978 3425 alia
1003 3367 1117 3440 ejus
1151 3368 1265 3423 loca
1283 3408 1299 3434 ,
1336 3366 1428 3421 ubi
1455 3368 1845 3440 propemodum
1875 3372 2151 3426 necessitas

580 3475 703 3511 eum
732 3455 1060 3521 adducebat,
1091 3466 1149 3509 ut
1178 3457 1479 3509 nominaret
1503 3455 1799 3509 Hermaeum
1818 3496 1835 3522 ,
1861 3459 2149 3527 praesertim

580 3542 675 3597 ubi
702 3542 938 3615 disputat
953 3580 969 3606 ,
999 3558 1117 3613 quae
1154 3558 1276 3613 pars
1298 3541 1518 3612 Bospori
1561 3540 1907 3595 existimanda
1939 3547 2007 3600 sit
2030 3545 2150 3597 stri-

582 3633 832 3688 ctissima.
872 3630 1019 3687 Alios
1038 3631 1112 3685 ait
1137 3630 1439 3685 existimare
1453 3670 1468 3696 ,
1490 3628 1585 3685 ubi
1598 3640 1724 3685 sunt
1741 3632 1993 3703 angustia
2010 3632 2148 3688 ciroe

581 3720 883 3793 Anaplum⁴
914 3730 1277 3793 nuncupatum
1294 3759 1310 3786 ,
1331 3736 1507 3792 neque
1524 3718 1779 3786 declarat,
1810 3720 1865 3774 in
1890 3737 2001 3793 quo
2030 3719 2147 3775 loeo

580 3807 651 3862 sit
688 3805 926 3881 Anaplus
943 3845 960 3871 ,
1002 3823 1126 3861 cum
1168 3804 1430 3878 explicare
1468 3803 1733 3860 debuisset
1773 3823 1831 3861 se
1864 3806 2148 3880 intelligere

583 3892 860 3968 Anaplum-
872 3894 1013 3947 circa
1028 3892 1328 3947 Hermaeum
1343 3902 1435 3947 aut
1458 3892 1684 3948 Bestias.
1759 3892 1921 3960 Quod
1942 3894 1987 3947 si
2009 3894 2146 3950 illius

580 3992 707 4035 sunt
739 3982 898 4034 etiam
934 3977 1131 4034 scholia
1157 3978 1212 4033 in
1240 3978 1591 4051 Dionysium,
1632 3996 1751 4051 quat
1769 3977 1882 4032 vidi
1917 3980 2145 4053 antiquis

580 4067 743 4121 literis
774 4066 969 4138 scripta
982 4105 998 4131 ,
1024 4064 1282 4119 tradentia
1303 4066 1469 4119 totius
1498 4065 1723 4136 Bospori
1761 4063 1953 4120 fretum
1981 4084 2143 4139 angu-

576 4154 863 4208 stissimum
898 4169 1011 4207 esse
1048 4151 1184 4205 inter
1222 4150 1489 4225 Ampium
1525 4161 1581 4205 et
1617 4151 1923 4217 Cieonfflm,
1953 4171 2143 4226 magno

575 4236 833 4294 beneficio
886 4255 984 4293 nos
1025 4236 1309 4303 affecisset,
1354 4238 1399 4291 si
1442 4236 1599 4291 nobis
1646 4236 1977 4310 explicuisset
1991 4280 2009 4306 ,
2048 4241 2141 4295 ubi

576 4326 852 4383 Ciconium
872 4366 887 4392 ,
930 4324 1025 4380 ubi
1058 4326 1312 4397 Anapias.
1388 4324 1553 4395 Quod
1592 4334 1878 4397 utrumque
1912 4344 2036 4381 cum
2073 4328 2141 4382 sit

577 4428 670 4472 aut
718 4415 787 4470 ad
839 4415 1073 4482 Bestias,
1129 4425 1222 4469 aut
1259 4413 1329 4470 ad
1380 4416 1687 4469 Bennaeum
1704 4454 1719 4479 ,
1776 4431 1874 4469 cur
1915 4413 2138 4469 abstinet

578 4504 647 4562 ab
691 4503 911 4560 eruditis
950 4503 1282 4576 antiquisque
1324 4502 1670 4558 nominibus?
1701 4503 1837 4557 Nam
1878 4501 2136 4557 Jornandi

576 4592 783 4647 bomini
832 4590 1012 4648 Gotbo
1057 4592 1299 4663 ignosco,
1350 4591 1609 4647 tolerabili
1661 4592 1905 4664 scriptori
1956 4608 2135 4646 rerum

578 4680 926 4737 Gothicarum
944 4719 960 4746 ,
1003 4681 1059 4734 in
1114 4680 1306 4751 quibus
1348 4678 1509 4734 tradit
1562 4680 1785 4733 Darium
1832 4679 2053 4734 navibus
2106 4697 2137 4733 a

644 4910 698 4966 3.
742 4906 1109 4977 Quadraginta
1132 4908 1393 4979 quinque]
1426 4908 1591 4961 immo
1613 4927 1632 4961 .·
1652 4906 2025 4981 quadraginta.
2052 4912 2135 4966 De

571 4988 845 5041 Strabonis
880 4986 997 5040 loco
1028 4996 1312 5058 corrupto,
1356 4988 1446 5057 qui
1476 4984 1543 5040 ad
1586 5003 1700 5039 rem
1744 4998 1976 5041 nostram
2003 4988 2138 5043 nihil

570 5068 835 5139 pertinere
872 5064 1007 5119 mihi
1047 5063 1277 5130 videtur,
1306 5064 1417 5118 dixi
1457 5082 1618 5137 supra
1656 5083 1773 5138 pag.
1804 5086 1857 5137 9.
1888 5067 2131 5121 Sozome-

1848 530 1927 591 Dl
1936 530 2036 591 ΟΝ
2044 530 2198 591 Ysll
2238 531 2600 595 BYZANTH

2272 662 2619 720 Chalcedonis
2637 664 2706 721 ad
2721 668 3030 740 Byzantium
3050 667 3290 725 tabulatis
3305 672 3510 743 petiisse
3526 673 3828 731 Thraciam.

2272 750 2562 807 Jornandes
2587 753 2882 825 Bosporum
2919 773 3028 810 non
3058 756 3290 823 viderat3
3308 768 3364 812 at
3384 759 3595 815 Tzetzes
3629 771 3685 815 et
3721 762 3830 817 Eu·

2272 837 2492 895 statbius
2531 850 2694 894 totam
2720 840 2829 897 sere
2870 844 3030 897 vitam
3061 844 3310 901 vixerunt
3330 845 3474 918 apud
3507 850 3827 922 Bosporum.

2274 932 2534 986 Laonicus
2559 932 2946 1006 Chalcondylus
2969 936 3025 989 in
3060 934 3313 1001 historia,
3341 954 3502 1009 quam
3529 940 3738 1013 scripsit
3763 939 3832 996 de

2270 1016 2417 1072 bellis
2443 1020 2853 1075 Ottomanorum
2875 1038 3059 1092 regum
3072 1063 3088 1087 ,
3119 1038 3296 1077 arcem
3320 1020 3380 1076 in
3425 1024 3670 1080 Hei-mato
3701 1044 3830 1099 pro·

2271 1108 2534 1163 montorio
2555 1109 2705 1163 sitam
2719 1149 2736 1177 ,
2767 1126 2883 1181 quae
2908 1126 3050 1165 nunc
3076 1128 3108 1165 a
3130 1112 3326 1165 Graecis
3344 1111 3632 1185 appellatur
3651 1112 3828 1169 Neon-

2268 1206 2494 1251 oestrum
2513 1236 2530 1265 ,
2558 1195 2616 1252 id
2633 1208 2712 1253 est
2733 1216 2868 1253 nova
2891 1217 3014 1267 arx,
3037 1210 3100 1253 ut
3123 1202 3334 1273 proprie
3360 1202 3602 1256 nominat
3620 1198 3828 1272 Λαιμο·

2268 1276 2454 1348 κοπίην
2473 1322 2492 1354 ,
2526 1288 2674 1359 quasi
2711 1288 2928 1359 Bospori
2969 1286 3140 1342 fauces
3195 1287 3551 1360 fingentem,
3594 1292 3666 1345 ita
3713 1310 3824 1348 non

2266 1382 2407 1426 recte
2431 1390 2546 1427 eam
2572 1372 2704 1427 dicit
2726 1374 2876 1428 sitam
2895 1392 3005 1429 esse
3022 1374 3078 1429 in
3105 1374 3451 1449 Propontide,
3477 1395 3599 1431 cum
3627 1396 3692 1432 ex
3709 1376 3824 1451 jam

2266 1456 2418 1511 dictis
2443 1469 2680 1524 constet,
2722 1458 2860 1514 illam
2887 1478 2998 1515 esse
3027 1459 3185 1532 juxta
3210 1461 3446 1519 medium
3489 1466 3819 1539 Bosporum3

2263 1543 2355 1598 sed
2381 1554 2441 1598 ut
2465 1545 2728 1599 discamus
2750 1565 2783 1600 a
2811 1564 2920 1619 quo
2945 1556 2998 1601 et
3021 1546 3238 1619 quando
3257 1547 3371 1603 baec
3393 1567 3490 1604 arx
3519 1560 3822 1608 constructa

2264 1631 2360 1697 sit,
2417 1641 2472 1685 et
2527 1648 2632 1703 qua
2678 1633 2908 1700 ratione,
2957 1633 3130 1707 ipsum
3183 1636 3472 1691 Laonicum
3519 1638 3817 1695 audiamus.

2269 1740 2294 1763 ι
2318 1717 2542 1772 Ineunte
2557 1756 2574 1785 ,
2605 1718 2779 1791 inquit
2793 1758 2811 1786 ,
2839 1738 2959 1774 vere
2982 1720 3301 1777 Mecbmetes
3322 1722 3558 1780 Amurati
3595 1726 3735 1782 filius
3761 1729 3818 1783 in

2259 1806 2472 1877 Europa
2482 1802 2636 1877 juxta
2653 1806 3026 1878 Propontidem
3039 1846 3057 1874 ,
3074 1807 3169 1863 ubi
3187 1827 3252 1863 ex
3273 1810 3396 1865 Asia
3422 1814 3818 1883 angustissimus

2256 1893 2479 1965 Bospori
2507 1892 2755 1966 trajectus
2777 1905 2856 1949 est
2881 1895 2938 1949 in
2961 1898 3229 1969 Europam
3247 1936 3265 1965 ,
3291 1897 3564 1954 aedificavit
3589 1902 3817 1975 oppidu-

2255 1977 2370 2033 lum
2393 1982 2764 2054 Laemoeopien
2787 1982 3101 2055 appellatum
3118 2023 3134 2050 ‚
3165 1984 3375 2057 hucque
3406 1987 3609 2045 Asianis
3641 1990 3816 2043 Euro-

2254 2068 2484 2139 paeisque
2505 2068 2726 2135 coactis,
2757 2079 2811 2123 et
2840 2069 3078 2143 partibus
3108 2069 3271 2144 hujus
3295 2072 3534 2146 oppiduli
3571 2074 3816 2131 tributim

2253 2152 2573 2209 aedilicandis
2595 2153 2759 2222 datis,
2787 2156 3028 2212 celeriter
3051 2175 3186 2230 opus
3225 2158 3470 2215 confecit.
3544 2159 3610 2215 Id
3635 2174 3811 2219 autem

2248 2238 2448 2307 effecit,
2479 2250 2540 2294 ut
2567 2240 2668 2295 sibi
2696 2252 2840 2297 tutus
2863 2242 3004 2298 ultro
3028 2245 3266 2317 citroque
3291 2243 3539 2317 trajectus
3565 2259 3730 2317 esset,
3759 2261 3815 2306 et

2250 2339 2400 2383 utne
2440 2328 2784 2385 occidentales
2823 2330 3064 2386 homines
3099 2333 3397 2387 triremibus
3426 2352 3482 2389 se
3508 2352 3541 2389 a
3587 2338 3812 2392 musitu

2245 2416 2530 2490 probibere
2562 2429 2811 2491 possent,
2855 2437 3044 2492 resque
3069 2422 3124 2473 in
3152 2421 3275 2475 Asia
3301 2421 3587 2491 innovare3
3615 2444 3810 2498 magno

2243 2507 2403 2560 etiam
2421 2508 2541 2561 usui
2567 2506 2704 2562 banc
2725 2526 2900 2562 arcem
2919 2507 3031 2563 sore
3057 2508 3156 2563 sibi
3186 2510 3240 2563 in
3260 2509 3590 2567 obsidionem
3611 2514 3808 2587 Byzan·

2244 2595 2306 2647 tii
2331 2594 2699 2667 prospiciebat.
2779 2594 3069 2650 AEdifieavit
3101 2608 3276 2651 autem
3307 2608 3479 2653 turres
3505 2610 3611 2655 tres
3637 2604 3805 2657 maxi-

2240 2698 2353 2735 mas
2379 2681 2618 2735 omnium
2642 2699 2770 2755 quas
2790 2680 3045 2749 vidimus,
3067 2683 3199 2739 duas
3217 2683 3431 2757 quidem
3467 2704 3650 2742 versus
3676 2707 3804 2744 eon-

2241 2767 2526 2834 tine-tem,
2548 2768 2758 2822 tertiam
2785 2786 2966 2823 versus
2989 2788 3161 2832 mare,
3192 2789 3383 2843 easque
3402 2772 3624 2845 plumbo
3650 2776 3783 2830 texit

2237 2854 2382 2909 Muri
2412 2852 2628 2926 quidem
2654 2854 2876 2909 latitudo
2903 2874 3074 2909 crassa
3107 2866 3184 2910 est
3224 2858 3406 2928 viginti
3433 2858 3568 2914 duos
3607 2860 3800 2933 pedes,

2241 2941 2471 2996 turrium
2503 2959 2630 2996 vero
2657 2942 2880 2995 crassior
2918 2943 3128 3013 triginta
3155 2942 3397 3015 pedibus.
3470 2948 3596 3000 Post
3625 2957 3804 3002 autem

2240 3047 2399 3101 quam
2436 3030 2492 3083 in
2530 3029 2676 3084 bunc
2720 3028 2938 3085 modum
2977 3033 3145 3103 spatio
3179 3033 3424 3086 trimestri
3451 3032 3590 3087 banc
3627 3053 3802 3089 arcem

2218 3115 2518 3171 -aedificavit
2535 3156 2550 3180 ,
2577 3118 2757 3171 statim
2801 3118 3032 3171 excurrit
3065 3118 3122 3171 in
3159 3117 3330 3173 solum
3355 3118 3638 3175 hosticum.
3713 3124 3802 3176 In-

2240 3216 2400 3260 eunte
2438 3205 2613 3260 hieme
2657 3205 3023 3259 Turacbanem
3071 3206 3215 3260 misit
3247 3206 3301 3260 in
3348 3207 3796 3280 Peloponnesum,

2238 3289 2538 3359 iterumque
2560 3286 2778 3341 ineunte
2819 3306 2938 3342 rere
2975 3288 3294 3343 Mechmetes
3319 3292 3606 3345 exercitum
3645 3290 3801 3348 duxit

2238 3376 2298 3429 in
2327 3373 2658 3429 obsidionem
2679 3373 2943 3445 Byzantii,
2969 3390 3127 3444 quem
3155 3372 3355 3445 trajecit
3371 3378 3633 3446 angustias
3655 3376 3795 3443 freti,

2241 3461 2334 3515 ubi
2363 3460 2509 3533 prius
2535 3459 2591 3512 in
2619 3457 2943 3531 Propontide
2965 3476 3137 3513 arcem
3164 3458 3502 3515 aedificaverat
3527 3464 3798 3517 Immoeo·

2236 3548 2360 3619 pien
2380 3587 2396 3613 ,
2422 3563 2582 3617 quam
2601 3546 2656 3599 in
2679 3544 2826 3600 hunc
2843 3544 2985 3600 diem
3009 3546 3296 3600 Turcicum
3330 3546 3634 3619 presidium
3667 3551 3797 3622 vigi-

2238 3634 2404 3689 lanter
2428 3643 2626 3689 tuetur.
2667 3636 2713 3688 A
2741 3633 2863 3687 solis
2887 3632 3076 3686 Turcis
3099 3632 3212 3687 baec
3231 3632 3496 3688 incolitur.
3531 3634 3794 3691 'Fun-ibus

2234 3720 2348 3794 ejus
2391 3730 2616 3775 utuntur
2670 3737 2770 3794 pro
2815 3718 3109 3773 carceribus
3145 3719 3212 3774 ad
3257 3719 3482 3775 tuendos
3529 3723 3794 3795 principes

2236 3809 2377 3861 viros
2403 3806 2728 3861 Christianos
2764 3806 2821 3859 in
2847 3804 2980 3859 bello
3021 3815 3221 3877 captos.
3293 3807 3454 3859 Extra
3495 3825 3670 3861 arcem
3711 3826 3792 3863 se-

2232 3891 2470 3949 cundum
2490 3894 2638 3949 littus
2675 3891 2894 3948 aedificia
2916 3895 3295 3947 continuantur
3324 3895 3380 3947 in
3408 3893 3791 3965 longitudinem

2231 3984 2441 4038 circiter
2466 3994 2691 4054 quatuor
2721 3979 3008 4035 stadiorum
3027 4020 3042 4043 ,
3076 3978 3307 4035 habitata
3340 3980 3578 4034 similiter
3609 4000 3642 4035 a
3669 3982 3792 4037 solis

2228 4069 2446 4133 Turcis,
2465 4068 2558 4121 ubi
2578 4065 2714 4122 aedes
2731 4066 3078 4121 Mamabanae
3111 4064 3372 4136 religionis
3403 4077 3456 4120 et
3481 4065 3665 4122 balnea
3689 4086 3790 4140 pu-

2229 4155 2366 4209 blica
2399 4164 2452 4208 et
2491 4171 2640 4225 aquae
2667 4152 2902 4207 salientes
2929 4151 3268 4206 subterraneo
3295 4170 3454 4225 opere
3479 4152 3737 4209 adductae.
3759 4180 3782 4203 .-

2226 4245 2346 4297 Jam
2379 4260 2442 4296 ex
2469 4251 2592 4296 ante
2633 4240 2840 4312 scriptis
2868 4239 3059 4310 liquet,
3097 4249 3314 4311 pontem
3353 4240 3500 4293 Darii
3535 4238 3692 4294 fuisse
3733 4242 3791 4295 in

2227 4328 2475 4401 angustiis
2501 4327 2720 4398 Bospori
2741 4323 2892 4397 juxta
2909 4324 3184 4397 Pyrrhiam
3212 4325 3444 4397 Cyonem
3463 4325 3792 4380 Hermaeum·

2226 4434 2331 4491 que
2366 4416 2788 4489 promontorium
2807 4455 2823 4479 ,
2851 4412 2946 4469 sed
2980 4414 3036 4468 in
3077 4431 3183 4486 qua
3215 4424 3362 4487 parte
3395 4415 3752 4485 angustiarum
3767 4454 3786 4481 ‚

2226 4501 2542 4575 conjecturae
2587 4501 2904 4575 relinquitur
2942 4499 3085 4573 ejus,
3125 4501 3218 4574 qui
3259 4518 3379 4555 cum
3407 4498 3611 4573 judicio
3657 4500 3789 4556 vidit

2223 4594 2538 4665 Bosporum.
2611 4592 2744 4645 Nam
2771 4590 3098 4645 intervallum
3115 4590 3469 4662 angustiarum
3488 4589 3555 4644 ab
3574 4591 3788 4662 Europa

2226 4680 2280 4734 in
2308 4680 2484 4734 Asiam
2511 4677 2804 4733 obductum
2831 4688 3182 4732 transversum
3209 4686 3350 4749 patet
3385 4678 3594 4732 circiter
3627 4678 3787 4749 quin-

2221 4908 2527 4981 Byzantium
2569 4906 2776 4970 medio,
2825 4906 2892 4960 ad
2941 4924 3124 4961 verum
3159 4923 3318 4978 quam
3360 4906 3600 4979 proxime
3635 4924 3782 4960 acce·

2223 4985 2530 5131 duxlt-ima
2553 5066 2856 5139 Anaplum]
2887 5068 3051 5120 immo
3079 5066 3368 5120 accuratius
3403 5064 3539 5118 dixit
3563 5082 3578 5118 :
3615 5084 3782 5138 snpra

568 5145 624 5200 ni
673 5144 841 5200 stadia
870 5144 1083 5214 triginta
1114 5144 1350 5216 quinque
1373 5161 1405 5197 a
1432 5143 1679 5215 Byzantio
1718 5146 1985 5216 pertinent
2023 5163 2129 5199 non
2224 5147 2493 5219 Anuplum
2511 5186 2528 5209 ,
2561 5164 2592 5199 a
2635 5145 2791 5199 borea
2819 5144 3036 5217 Anapli,
3066 5144 3128 5197 τὰ
3155 5145 3258 5199 ἅνω
3293 5148 3380 5199 τοῦ
3407 5144 3668 5217 (Πόντου)
3695 5164 3782 5198 κα-

567 5222 635 5278 ad
662 5225 966 5279 Hestiarum
993 5224 1421 5296 promontorium
1446 5222 1538 5277 sed
1565 5222 1631 5277 ad
1660 5224 1832 5278 vicum
1867 5224 2133 5279 Michaeli-
2221 5224 2464 5296 λουμένου
2498 5223 2762 5287 Ἆνάπλου.
2809 5226 2862 5277 in
2892 5224 3084 5296 quibus
3121 5224 3312 5279 Πόντου
3346 5222 3658 5277 vocabulum
3685 5222 3780 5276 ‹le-

566 5320 718 5367 cum,
754 5304 847 5376 qui
875 5302 943 5357 ab
970 5304 1216 5357 Hermaeo
1242 5300 1401 5357 distat
1425 5302 1593 5358 stadia
1614 5303 1791 5371 viginti
1812 5314 1867 5358 et
1888 5303 2129 5378 amplius.
2222 5302 2436 5360 lendum
2463 5314 2560 5361 est.

564 5385 701 5452 Quae
724 5382 1031 5437 Herodotus
1056 5381 1218 5437 tradit
1240 5379 1307 5436 de
1336 5383 1510 5456 pontis
1535 5383 1650 5437 loco
1678 5384 1816 5437 inter
1852 5385 2052 5438 Fanum
2080 5394 2133 5438 et
