4584 6284
1765 437 2121 501 ANAPLUS
2160 436 2485 500 Bospom
2525 440 2868 503 Tflnscn.
3840 462 3908 519 ει

687 574 995 651 appellatur
1039 586 1213 628 autem
1263 571 1617 647 Cleo-sopolim
1678 584 1737 627 ut
1784 570 1999 645 quidam
2048 570 2261 635 dicunt,
2359 572 2456 625 ciis
2495 580 2830 645 occupatum.
2901 574 3120 629 Portum
3155 576 3484 647 profundum
3513 576 3671 635 habet
3695 579 3752 635 in
3789 582 3908 639 sinu

688 682 761 717 ex
785 682 841 717 eo
851 702 868 729 ,
907 660 1051 736 quod
1075 665 1251 715 Persae
1277 660 1592 735 impemntes
1610 658 1667 713 in
1690 659 1825 715 hunc
1851 659 2015 715 Iocum
2036 670 2265 727 cogerent
2357 656 2690 715 mediocriter
2711 670 2924 716 curvato
2959 678 2974 717 ε
3017 660 3112 717 sed
3151 664 3304 736 longe
3343 664 3472 721 olim
3517 666 3772 742 majorem
3821 670 3915 727 ha-

695 749 817 805 mm'
859 766 1075 804 acerum
1120 759 1336 803 exactos
1378 746 1449 801 ab
1492 744 1702 801 urbium
1728 744 1949 801 tributis
1988 767 2009 801 .·
2048 756 2112 800 ut
2146 763 2268 800 vero
2357 744 2548 813 buisse,
2579 756 2922 820 occupantem
2945 750 3106 803 imam
3129 750 3274 805 vallis
3297 751 3595 823 planitiem,
3621 755 3680 810 in
3699 756 3912 828 quasit·

692 842 852 898 multi
878 841 1103 899 tradunt
1120 884 1135 907 ,
1166 861 1203 896 a
1240 842 1421 915 Chry-se
1430 840 1555 914 filio
1584 840 1876 913 chryseidis
1910 853 1961 897 ee
1996 846 2267 911 Agamem-

694 929 846 987 nonis
872 930 952 987 ibi
974 943 1181 987 mortuo
1208 941 1261 985 ee
1286 929 1515 1005 sepulto.
1554 932 1623 985 In
1649 929 1793 985 'hunc
1831 928 1965 985 enini
1993 930 2159 985 Iocum
2183 929 2266 985 di·

688 1032 820 1075 cuae
847 1018 1069 1094 &liquere
1074 1021 1375 1093 fugientem
1398 1030 1537 1074 metu
1554 1017 1791 1091 AE'gistlu‘
1802 1030 1853 1073 et
1871 1018 2265 1092 Clytoemnestm

686 1106 1015 1181 pervenisse,
1046 1106 1362 1177 cogitantem
1400 1106 1455 1163 in
1486 1110 1685 1162 Tauros
1704 1106 1927 1163 transire
1950 1106 2027 1161 ad
2042 1125 2264 1162 sororem

694 1194 1035 1269 Iphigeniam
1052 1237 1067 1260 ,
1094 1194 1407 1250 sacerdotem
1443 1192 1717 1250 initiatam
1745 1194 1962 1259 Dianam·
1985 1194 2082 1250 sed
2114 1196 2264 1251 illum

698 1282 878 1337 morbo
897 1280 1240 1349 laborantem,
1266 1283 1355 1339 Mc
1370 1281 1640 1357 sepultura
1656 1280 1909 1353 affectum
1920 1282 2119 1355 fuisse,
2144 1302 2265 1339 suo-

692 1388 798 1443 que
822 1388 891 1425 ex
917 1368 1123 1426 nomine
1148 1370 1257 1425 loco
1278 1388 1455 1425 nomen
1496 1368 1782 1444 reliquisse.
1811 1373 1993 1427 Posset
2015 1370 2177 1427 etiam
2198 1370 2265 1427 ob

689 1468 887 1530 portus
904 1455 1320 1513 commoditatem
1334 1456 1413 1513 ita
1430 1454 1694 1532 appellari
1710 1456 1779 1511 ab
1798 1456 1867 1513 iis
1876 1456 1973 1531 qui
1992 1456 2265 1515 mirabilia

696 1558 831 1595 aum
850 1557 1151 1615 comptum-e
1170 1540 1354 1597 solent.

770 1627 855 1681 Ex
890 1625 975 1681 his
1009 1626 1247 1699 Dionysii
1282 1626 1452 1681 verbis
1492 1625 1640 1681 facile
1669 1629 2015 1700 assequimur,
2042 1630 2263 1703 Bospori

698 1712 968 1786 Anaplum
1012 1731 1123 1767 esse
1184 1714 1421 1786 Dionysii
1464 1713 1601 1768 illius
1638 1715 1875 1787 Byzantii
1914 1716 2263 1790 antiquissimi

694 1799 1002 1872 scriptoris,
1035 1816 1191 1871 quem
1204 1797 1321 1872 jam
1346 1798 1625 1872 saepissime
1642 1800 1815 1855 citavi.
1888 1803 2022 1857 Nam
2048 1802 2264 1877 Stepha-

696 1904 797 1942 nus
826 1901 867 1952 ¹,
908 1887 1153 1958 antiquus
1180 1886 1391 1941 urbium
1425 1889 1679 1961 scriptor,
1724 1892 1997 1963 superiora
2023 1890 2263 1965 Dionysii

694 1973 1039 2031 vcrbaafl'ert.
1071 2000 1095 2025 ι
1121 1974 1484 2049 Chrysopolis,
1506 1977 1679 2049 inquit
1698 2016 1715 2044 ,
1747 1978 1803 2032 in
1826 1978 2071 2051 Bithynia
2094 1997 2261 2054 prope

692 2061 1079 2119 Qalcedonem
1103 2064 1368 2137 Anaplum
1386 2065 1651 2136 naviganti
1668 2066 1723 2119 in
1749 2064 1954 2124 dextra.
1977 2066 2262 2141 Dionysius

688 2159 869 2204 autem
891 2150 1175 2223 Byzantius
1194 2150 1456 2223 Anaplum
1470 2152 1691 2223 Bospori
1714 2150 1946 2208 scribens
1962 2150 2031 2207 dc
2048 2154 2263 2209 nomine

693 2234 853 2310 hujus
872 2236 993 2293 haec
1008 2236 1142 2293 dicit
1172 2256 1187 2293 ι
1217 2238 1485 2313 Appellata
1512 2248 1691 2295 autem
1715 2252 1795 2295 est
1813 2240 2148 2315 Chrysopolis
2163 2282 2181 2308 ,
2206 2254 2265 2299 ut

694 2324 858 2398 aliqui
898 2325 1085 2381 dicunt
1102 2364 1119 2393 ,
1149 2344 1180 2380 a
1206 2328 1487 2381 Persarum
1507 2326 1731 2399 imperio
1769 2327 1876 2382 huc
1899 2345 2111 2383 acervos
2149 2328 2263 2383 auri

694 2411 901 2468 collecti
935 2431 1004 2468 ex
1026 2412 1364 2484 vectigalibus
1384 2411 1655 2485 redigente
1684 2430 1698 2467 τ
1722 2413 1809 2469 alii
1840 2432 1965 2469 vero
1987 2414 2161 2488 plures
2184 2414 2267 2469 di-

694 2508 857 2566 cunt,
896 2516 929 2554 a
966 2498 1171 2573 Chryse
1198 2499 1310 2555 silio
1335 2498 1635 2572 Chryseidis
1662 2510 1717 2555 ct
1756 2502 2184 2572 Agamemnonis.
2232 2526 2255 2549 ·

696 2585 884 2659 Neque
904 2584 1079 2643 solum
1098 2604 1165 2640 ex
1188 2585 1273 2641 his
1299 2586 1547 2660 Stephani
1566 2586 1737 2641 verbis
1758 2588 2123 2658 cognoscimus
2136 2590 2265 2644 Dio-

698 2672 835 2745 nysii
871 2670 1137 2745 Anaplum
1164 2690 1275 2728 esse
1302 2672 1567 2745 Stephano
1594 2674 1969 2746 antiquiorem,
1997 2673 2089 2729 sed
2109 2676 2265 2731 etiam

696 2761 951 2835 exipsius
982 2760 1175 2835 Anapli
1206 2760 1447 2815 discursu
1484 2762 1804 2834 percipimus
1836 2761 1983 2816 illum
2004 2763 2268 2835 scripsisse

693 2848 919 2921 Bospori
969 2846 1237 2921 Anaplum
1251 2886 1271 2915 ,
1326 2858 1607 2919 antequam
1670 2848 1894 2903 Severus
1957 2850 2264 2921 Byzantium

692 2934 981 2989 evertisset.
1030 2933 1367 3007 Chrysopolis
1407 2934 1705 3006 emporium
1746 2933 1848 2989 suit
1880 2933 2230 2993 Chahzedonis.
2242 2976 2259 3003 ,

697 3020 791 3075 ubi
816 3020 1119 3093 Xenophon
1158 3021 1331 3093 (Exp.
1364 3024 1430 3086 6,
1464 3024 1525 3085 6,
1559 3018 1669 3091 38)
1700 3018 1862 3074 tradit
1894 3022 2105 3076 Graecos
2124 3062 2141 3089 ,
2170 3024 2261 3095 qui

700 3108 1017 3163 meruissent
1036 3106 1297 3181 stipendia
1314 3107 1371 3162 in
1387 3108 1511 3181 Cyri
1536 3107 1869 3180 expeditione
1889 3108 2095 3164 Persica
2112 3127 2261 3165 man·

696 3194 823 3249 sisse
862 3192 976 3249 dies
1016 3204 1215 3267 septem
1234 3233 1251 3261 ,
1288 3190 1577 3249 vendentes
1597 3192 1797 3267 praedas
1825 3210 1954 3265 quas
1985 3196 2259 3268 cepissent.

698 3278 849 3335 Idem
894 3279 955 3334 in
998 3277 1219 3335 historia
1258 3296 1437 3333 rerum
1473 3277 1859 3333 Hellenicarum
1898 3279 1973 3352 (ι,
2027 3297 2073 3347 ι,
2112 3280 2213 3356 22)
2243 3298 2258 3336 ε

708 3386 733 3417 a
774 3364 939 3421 Attici
956 3403 973 3432 ,
1020 3364 1194 3436 inquit
1208 3404 1225 3430 ,
1284 3363 1447 3419 duces
1484 3362 1853 3437 Chrysopolim
1900 3364 2263 3423 Chalcedonioe

702 3450 925 3526 proiecti
947 3490 965 3519 ,
1000 3450 1168 3505 muris
1199 3468 1313 3505 eam
1342 3451 1652 3505 munierunt
1672 3488 1689 3516 ,
1713 3450 2037 3524 eandemque
2067 3452 2137 3508 ad
2156 3472 2265 3509 ser·

704 3537 902 3594 undas
932 3535 1255 3593 decimarum
1272 3536 1517 3611 pecunias
1536 3537 1941 3607 constituerunt,
1966 3538 2023 3594 in
2046 3540 2265 3613 ipsaque

702 3625 967 3683 decimam
986 3635 1271 3698 exegerunt
1304 3644 1369 3681 ex
1401 3624 1619 3682 navibus
1643 3628 1831 3695 Ponti,
1857 3627 2263 3703 pmidiumque

708 3716 923 3789 triginta
946 3716 1159 3771 navium
1178 3732 1300 3771 cum
1326 3714 1579 3788 praesectis
1596 3712 1805 3770 duobus
1822 3714 1895 3769 ibi
1916 3715 2260 3789 reliquerunt.

704 3804 895 3859 Postea
933 3803 1101 3857 muris
1136 3800 1389 3856 nudatam
1428 3798 1587 3857 fuisse
1622 3820 1687 3857 ex
1719 3800 1971 3857 Strabone
2006 3805 2097 3875 (p.
2128 3803 2263 3875 563)

702 3898 879 3963 patet,
908 3888 1041 3943 dum
1066 3888 1141 3943 ait
1166 3886 1531 3961 Chrysopolim
1550 3888 1723 3943 vicum
1744 3906 1873 3943 esse.
1902 3889 2150 3945 Similiter
2166 3890 2263 3946 bo·

706 3975 797 4033 die
826 3976 957 4033 urbs
974 3994 1087 4031 non
1110 3985 1219 4043 est,
1249 3975 1341 4031 sed
1364 3975 1511 4031 vicus
1529 3974 1647 4031 laxe
1662 3974 1921 4031 habitatus
1946 3977 2123 4032 multis
2140 3978 2265 4035 adi-

707 4064 841 4121 ficiis
884 4082 998 4120 non
1050 4064 1352 4133 continuis,
1393 4064 1617 4119 circuitu
1662 4062 1883 4119 miliaria
1920 4066 2267 4139 complectens

703 4154 913 4210 circiter
928 4152 1071 4222 du03
1090 4154 1225 4208 situs
1248 4154 1441 4227 partim
1460 4154 1515 4209 in
1541 4152 1698 4219 valle,
1725 4152 1917 4227 partim
1942 4154 1996 4208 in
2018 4172 2269 4227 promon-

703 4240 853 4295 toriis
880 4240 1065 4295 vallem
1090 4239 1451 4312 cingentibus,
1478 4257 1711 4313 quorum
1752 4258 1920 4296 unum
1944 4240 2265 4295 Damalicum

700 4347 863 4403 qmm
902 4347 1032 4385 mox
1063 4327 1441 4403 appellabimus
1455 4368 1473 4397 ,
1502 4338 1677 4383 totum
1722 4328 1829 4383 sere
1850 4328 2081 4402 ejusdem
2108 4330 2267 4388 aedifi·

786 4562 831 4600 ι.
856 4543 1147 4617 Stephanus
1176 4560 1190 4597 τ
1216 4540 1540 4614 Χρυσόπολις,
1564 4543 1617 4595 ἰν
1646 4542 1869 4617 Βιθυνίᾳ,
1897 4543 2109 4611 πλησίον
2136 4543 2267 4597 xal-

708 4623 916 4691 κηδόνος
931 4622 1017 4677 τδν
1032 4620 1279 4676 ἀνάπλουν
1293 4621 1486 4677 πλέοντι
1516 4620 1568 4675 ἓν
1582 4620 1729 4694 δεξιᾷ.
1741 4664 1755 4678 .
1766 4666 1777 4677 .
1800 4622 2039 4687 Διονύσιος
2052 4624 2096 4676 δ’
2124 4624 2153 4677 ὁ
2170 4626 2267 4677 Βυ-

709 4704 905 4765 ζάντιος
920 4741 937 4766 ,
962 4700 1048 4755 τδν
1082 4698 1343 4755 Ἆνάπλουν
1374 4704 1459 4755 τοῦ
1492 4700 1745 4773 Βοσπόρου
1784 4703 1981 4774 γράφων
1999 4742 2014 4767 ,
2047 4702 2156 4773 περὶ
2180 4707 2267 4756 τοῦ

708 4780 956 4854 ὀνόματος
974 4778 1123 4834 dmi}
1142 4780 1257 4835 τάδε
1279 4780 1395 4853 φησί
1412 4800 1423 4812 ·
1459 4802 1483 4832 a
1508 4780 1750 4849 Κέιληται
1774 4781 1826 4836 st
1851 4779 2177 4853 Χρυσόπολις,
2202 4781 2269 4845 ὡς

710 4860 801 4935 ph
828 4860 956 4916 ἔνιοί
972 4878 1138 4933 φασιν,
1156 4856 1236 4915 ἰπὶ
1260 4862 1345 4928 τῆς
1370 4859 1567 4932 Πφσῶν
1590 4860 1856 4933 ἡγεμονίας
1872 4860 2079 4918 ἐνταῦθα
2098 4880 2265 4917 notov-

708 4942 871 5013 μένων
895 4943 989 4995 τοῦ
1007 4938 1291 5012 προσιόντος
1316 4938 1411 4995 ἀπὸ
1434 4946 1531 4994 τῶν
1553 4941 1743 4995 πόλεων
1775 4944 1959 5013 χρυσοῦ
1992 4940 2079 4995 τὸν
2098 4938 2266 5013 ἄθροι-

708 5020 864 5091 σμόν,
896 5018 947 5073 οἱ
986 5017 1041 5073 δὶ
1080 5017 1276 5081 πλείους
1307 5018 1402 5073 ἀπὸ
1436 5018 1621 5090 Χρύσου
1656 5019 1823 5083 παιδὸς
1868 5018 2133 5091 Χρυσηίδος
2185 5018 2267 5071 καὶ

713 5094 1097 5169 Ἀγαμέμνονος.
1129 5120 1151 5149 s
1180 5098 1261 5157 Cf.
1282 5100 1547 5171 Etymm.
1566 5116 1620 5172 p.
1647 5100 1768 5165 815,
1791 5098 1877 5170 59,
1905 5109 1960 5152 et
1977 5097 2267 5169 Hesychius

708 5176 941 5232 Milesius
959 5181 991 5247 ς
1016 5195 1077 5233 11
1102 5179 1275 5248 (Hist.
1300 5188 1339 5235 t.
1372 5179 1466 5245 IV,
1490 5196 1547 5250 p.
1584 5181 1679 5243 148
1697 5180 1738 5249 ).

779 5273 831 5311 α.
864 5256 949 5317 Cf.
980 5258 1137 5313 etiam
1164 5258 1403 5313 Socrates
1428 5258 1565 5311 Hist.
1594 5256 1785 5312 Eccles.
1815 5276 1867 5328 7,
1889 5257 1953 5311 25
1982 5275 2037 5329 p.
2068 5256 2191 5312 366.

2354 846 2434 891 est
2459 853 2602 891 nunc
2633 834 2966 909 Chrysopolis
2986 877 3003 903 ,
3037 848 3276 912 oportet,
3306 857 3428 894 cum
3451 841 3795 899 Athenienses
3819 844 3914 901 tri·

2355 922 2497 993 ginta
2526 922 2766 977 triremes
2803 922 2908 978 illic
2947 924 3004 977 in
3043 922 3293 997 prasidio
3329 935 3568 981 tenerent
3589 967 3607 995 ,
3649 938 3704 983 et
3735 930 3916 987 navale

2354 1022 2488 1066 esset
2508 1009 2998 1067 chalcedoniorum.
3025 1012 3262 1069 Socrates
3289 1014 3432 1069 enim
3453 1016 3560 1083 (Π.
3587 1015 3730 1073 Eccl.
3767 1035 3817 1089 1,
3842 1020 3912 1095 4)

2353 1097 2556 1171 inquit,
2601 1096 3000 1155 Constantinum
3033 1100 3288 1171 Magnum
3329 1110 3452 1175 post
3489 1102 3680 1157 multas
3713 1122 3913 1177 pugnas

2353 1192 2492 1239 terra
2522 1183 2763 1257 marique
2799 1196 3051 1257 pugnatas
3091 1185 3356 1241 Licinium
3386 1186 3594 1259 imperii
3619 1198 3912 1245 consortem

2351 1280 2405 1326 et
2429 1288 2682 1344 generum
2700 1270 2769 1327 ad
2801 1272 3164 1348 Chrysopolim
3187 1273 3518 1347 Bithynicam
3545 1275 3728 1331 vicisse
3747 1316 3764 1343 ,
3797 1294 3914 1349 qun

2349 1368 2464 1415 erat
2498 1358 2678 1415 navale
2707 1358 3049 1417 Chaloedonis
3079 1373 3119 1417 ².
3153 1365 3234 1417 Ex
3267 1360 3463 1434 quibus
3489 1379 3696 1435 possem
3735 1360 3912 1419 multis

2351 1444 2522 1500 verbis
2539 1442 2792 1502 disserere
2807 1446 2948 1503 hunc
2971 1458 3184 1521 portum
3201 1447 3368 1504 multo
3383 1447 3638 1520 majorem
3656 1448 3908 1516 extitisse,

2348 1532 2441 1589 sed
2469 1532 2719 1591 obrutum
2757 1534 2914 1591 fuisse
2946 1536 3138 1609 partim
3169 1537 3296 1592 olim
3334 1535 3505 1592 deleta
3548 1534 3876 1593 OEialcedone
3889 1576 3908 1605 ,

2347 1623 2540 1695 partim
2565 1635 2746 1697 postea
2761 1622 3102 1679 barbarorum
3129 1636 3304 1691 metu,
3331 1626 3521 1697 partim
3541 1634 3719 1680 nostra
3743 1634 3908 1683 etate.

2348 1708 2478 1765 Vidi
2503 1720 2704 1783 partem
2725 1710 3076 1785 portusobrui
3102 1710 3170 1767 ad
3197 1711 3561 1786 excipiendam
3589 1710 3768 1766 sedem
3787 1710 3912 1767 adis

2349 1798 2690 1853 Maometanae
2759 1810 2811 1855 et
2860 1797 3328 1855 Xenodochiorum
3369 1837 3386 1865 ,
3446 1817 3565 1873 quc
3613 1801 3910 1855 construxit

2352 1883 2488 1955 regis
2513 1883 2794 1941 Soleimani
2825 1884 2926 1941 filia
2945 1926 2960 1952 ,
2995 1885 3276 1958 omnisque
3305 1884 3438 1941 texit
3461 1883 3712 1957 plumbo,
3739 1895 3792 1940 et
3823 1903 3912 1941 co-

2349 1970 2542 2028 lumnis
2569 1974 2872 2030 marmoreis
2897 1984 2951 2029 et
2976 1972 3265 2049 porticibus
3287 1982 3340 2029 et
3357 1972 3494 2027 areis
3513 1971 3700 2045 amplis
3717 1982 3770 2027 et
3791 1970 3909 2027 son-

2349 2058 2490 2115 tibus
2515 2062 2804 2119 exornavit.
2879 2062 3118 2135 Denique
3143 2060 3482 2135 Chrysopolis
3507 2058 3816 2115 mdffimu
3831 2072 3910 2115 est

2347 2166 2380 2201 a
2408 2147 2626 2216 Tui-cis,
2655 2146 3132 2223 qundiujacuerat
3159 2146 3365 2205 deserta
3391 2147 3904 2203 bcllisPersarumet

2347 2236 2643 2291 Turcornm
2666 2277 2682 2304 ,
2717 2246 2778 2292 ut
2812 2236 3013 2293 nullum
3052 2236 3326 2309 vestigium
3353 2246 3512 2291 restet
3537 2252 3754 2304 eorum,
3789 2252 3908 2309 quae

2349 2324 2606 2396 Georgius
2637 2324 2905 2381 Cedmnus
2929 2324 3058 2381 dicit
3079 2326 3380 2399 Philippum
3407 2342 3582 2395 regem
3609 2322 3906 2379 condidisse

2349 2410 2684 2484 chrysopoli,
2713 2422 2774 2467 ut
2793 2412 3166 2467 monasterium
3191 2406 3288 2475 τῆς
3318 2401 3693 2483 παναχράντου
3719 2402 3906 2463 θεοπό-

2350 2512 2444 2551 κου
2458 2536 2478 2571 ,
2509 2511 2568 2557 ut
2591 2498 2779 2573 palatia
2803 2498 2872 2554 ad
2891 2496 3256 2571 excipiendum
3274 2515 3452 2571 regem
3479 2498 3754 2571 regiosque
3775 2498 3906 2554 libe-

2351 2606 2441 2644 ros
2453 2628 2472 2657 ,
2491 2588 2778 2661 hortosque
2797 2597 2851 2642 et
2870 2586 3092 2660 piscium
3127 2585 3384 2639 vivarium
3405 2584 3494 2659 (id
3517 2584 3662 2657 quod
3682 2586 3738 2639 in
3766 2586 3907 2642 vallis

2350 2676 2582 2749 planitie,
2603 2676 2694 2731 ubi
2719 2693 2862 2731 nunc
2881 2684 3004 2730 sunt
3019 2674 3280 2749 praecipua
3305 2673 3640 2747 Chrysopolis
3665 2665 3902 2743 edificia,

2353 2765 2598 2820 existimo
2623 2764 2797 2819 lacum
2828 2762 2984 2817 fuisse
3003 2800 3020 2829 ,
3049 2760 3301 2815 nimirum
3331 2759 3576 2832 reliquias
3600 2770 3786 2834 portus
3812 2778 3906 2815 an·

2351 2853 2541 2926 tiqui).
2562 2848 2895 2926 Chrysopolis
2915 2866 3212 2923 quanquam
3229 2858 3308 2903 est
3324 2848 3627 2903 suburbana
3651 2848 3906 2921 Byzantii,

2351 2950 2524 2996 tamen
2553 2958 2735 2995 omnes
2759 2938 2867 2994 sere
2888 2938 3158 3012 Byzantini
3187 2939 3448 3008 ignorant,
3475 2936 3567 2991 uhi
3589 2936 3702 2990 haec
3729 2934 3904 3002 suerit,

2347 3044 2414 3082 ex
2435 3044 2500 3081 eo
2515 3024 2678 3101 quod,
2711 3025 2921 3081 nomine
2931 3024 3148 3097 antiquo
3169 3021 3391 3089 exoleto,
3412 3020 3734 3093 jamdudum
3757 3039 3904 3075 voca·

2347 3125 2436 3170 tur
2457 3116 2684 3171 Scutaris
2705 3114 2747 3181 3,
2777 3114 2949 3169 nescio
2969 3132 3002 3169 a
3015 3114 3295 3168 Francisne
3315 3109 3640 3185 aliquamdiu
3654 3112 3904 3185 Byzantio

2347 3200 2758 3274 imperantibus,
2791 3200 3026 3271 Chi-yson
3047 3196 3426 3272 appellantibus
3447 3206 3683 3262 scutum,
3713 3215 3780 3251 an
3804 3214 3902 3269 po·

2347 3288 2452 3343 tius
2483 3305 2516 3343 a
2543 3287 2764 3343 statione
2801 3284 3028 3341 militum
3069 3286 3416 3339 scutariorum
3437 3322 3454 3351 ,
3484 3282 3543 3338 id
3584 3282 3728 3355 quod
3769 3282 3905 3337 desi·

2345 3390 2504 3445 gnare
2527 3371 2790 3427 videretur
2808 3368 3157 3436 Marcellinus,
3177 3386 3303 3425 cum
3321 3370 3396 3423 ait
3421 3385 3435 3422 :
3462 3371 3566 3423 Per
3585 3366 3905 3422 Chalcedona

2344 3473 2398 3516 ee
2435 3460 2713 3517 stationem
2760 3456 3072 3514 tmnscurrit
3085 3497 3102 3525 ,
3147 3458 3192 3513 si
3227 3458 3463 3529 apposite
3501 3455 3760 3526 legeretur
3795 3454 3908 3509 sine

2347 3548 2716 3623 conjunctione
2731 3587 2748 3615 ,
2773 3544 3116 3623 Chrysopolim
3141 3543 3420 3600 stationem
3436 3584 3453 3607 ,
3475 3541 3742 3598 brevitatis
3757 3557 3902 3614 ergo,

2347 3649 2407 3694 ut
2435 3638 2589 3710 vulgo
2631 3636 2746 3692 lieri
2771 3634 2928 3702 solet,
2968 3652 3246 3707 suppresso
3269 3633 3489 3688 nomine
3526 3630 3901 3695 scutariorum,

2349 3724 2493 3799 quod
2541 3720 3142 3797 constantinopolitanos
3190 3737 3336 3791 reges
3389 3718 3580 3773 crebro
3627 3733 3908 3790 usurpasse

2350 3813 2635 3868 eorundem
2672 3812 2888 3867 historia
2937 3808 3178 3881 frequens
3226 3808 3372 3863 testis
3411 3816 3510 3861 est.
3581 3806 3790 3859 Verum
3831 3820 3899 3859 ex

2346 3898 2528 3955 codice
2561 3897 2845 3953 Marcellini
2881 3896 3107 3951 maxime
3127 3892 3410 3968 depravato
3449 3892 3615 3947 fateor
3653 3906 3740 3945 me
3771 3907 3900 3945 con·

2344 3984 2564 4058 jecturis
2589 3984 2761 4056 vagari
2802 3982 2976 4057 potius
3011 3997 3170 4054 quam
3205 3990 3350 4035 certo
3365 3976 3569 4051 judicio
3595 3976 3904 4031 sentemiam

2349 4070 2543 4128 dicere.
2617 4074 2688 4127 At
2711 4068 3116 4141 haudquaquam
3143 4065 3344 4122 serendi
3377 4063 3656 4129 nonnulli,
3681 4063 3774 4135 qui
3808 4080 3906 4137 pu-

2351 4170 2464 4215 tant
2487 4160 2659 4215 vicum
2676 4198 2693 4225 ,
2717 4174 2872 4230 quem
2898 4154 3054 4229 paulo
3078 4164 3198 4210 ante
3216 4154 3328 4208 dixi
3355 4150 3601 4226 appellari
3620 4149 3908 4223 Chrysoce·

2351 4248 2577 4310 ramu'm,
2603 4244 2760 4299 luisse
2774 4240 3154 4315 Chrysopolim,
3174 4258 3294 4296 cum
3310 4238 3422 4311 jam
3443 4236 3750 4293 declarat-im
3773 4234 3909 4289 hanc

2353 4333 2672 4387 nominatam
2693 4348 2758 4385 ex
2775 4348 2858 4397 eo,
2879 4326 3022 4400 quod
3045 4324 3296 4399 templum
3311 4323 3528 4379 haberet
3545 4332 3738 4378 tectum
3758 4322 3907 4385 inau-

2426 4542 2480 4599 3.
2509 4540 2752 4613 Scutari]
2782 4537 3066 4594 Orientales
3088 4535 3268 4609 populi
3297 4534 3482 4589 urbem
3509 4540 3699 4585 vocant
3739 4528 3906 4585 Usku·

2355 4620 2473 4685 dar,
2504 4618 2648 4693 quod
2690 4618 2820 4673 abiit
2861 4620 2914 4672 in
2955 4614 3182 4671 Scalae-1⁶.
3235 4611 3483 4669 Uskudar
3505 4622 3678 4666 autem
3720 4626 3902 4663 vocem

2357 4700 2616 4756 Persicam
2641 4716 2751 4753 esse
2787 4708 2840 4752 et
2869 4695 3154 4769 significare
3179 4690 3502 4750 tabellarium
3535 4690 3706 4760 regios
3731 4687 3905 4760 jussus

2355 4779 2423 4834 ah
2449 4796 2554 4834 una
2579 4778 2800 4833 statione
2842 4774 2908 4830 ad
2933 4774 3147 4830 alteram
3187 4770 3585 4827 transferentem
3625 4765 3905 4838 (ἀστάνδην

2355 4877 2442 4933 ap.
2487 4854 2870 4930 Xenophont.)
2923 4863 3102 4910 monet
3147 4854 3462 4907 Hammerus
3503 4848 3540 4903 1.
3583 4847 3619 4904 1.
3669 4866 3726 4921 p.
3781 4846 3903 4901 311.

2362 4964 2385 4986 ι
2414 4937 2614 4993 Scutari
2627 4976 2642 5003 ,
2673 4937 2860 5007 inquit,
2879 4952 2986 4989 war
3006 4932 3113 4987 also
3133 4933 3190 4987 in
3207 4930 3311 4985 den
3329 4928 3544 4985 altestcn
3567 4928 3748 4981 Zeiten
3765 4966 3782 4991 ‚
3801 4942 3906 4979 was

2355 5036 2410 5071 es
2449 5016 2586 5070 noch
2626 5014 2783 5069 heutc
2817 5015 2912 5079 ist,
2959 5014 3074 5067 eine
3119 5011 3434 5065 Poststation
3495 5008 3582 5063 sur
3622 5002 3906 5060 Asiatische

2355 5096 2630 5157 Couriere,
2669 5093 2766 5147 der
2808 5111 2977 5164 grosse
3011 5088 3334 5145 Unterstand
3369 5090 3498 5149 aller
3537 5084 3670 5140 nach
3697 5084 3908 5151 Europa

2357 5171 2640 5229 ziehenden
2688 5173 2982 5229 caravanen
3000 5209 3015 5235 ,
3062 5164 3173 5221 und
3223 5166 3324 5223 der
3374 5162 3755 5231 Ausswuchsort
3792 5156 3912 5212 aller

2356 5272 2458 5308 von
2484 5250 2906 5323 Constantinopel
2925 5246 3056 5304 nach
3085 5248 3246 5301 Osten
3277 5248 3619 5323 RefflsenAen.
3647 5263 3672 5285 ι
