4584 6284
774 422 888 474 580

764 542 939 619 λίτης,
978 565 1177 625 πρωτος
1221 541 1577 623 γεωγραφικὸν
1622 541 1818 602 πίνακα
1852 540 2118 612 ἐξέδωκεν·
2148 540 2317 604 Ἑκα-

762 638 901 703 ταῖος
924 632 979 693 δὲ
1005 632 1349 713 σύγγραμμα.

833 746 883 785 8.
925 720 1055 784 Ὅτι
1083 721 1335 781 ἀδύνατον
1374 719 1495 779 ἄνευ
1542 723 1633 791 τῆς
1664 722 1767 777 τῶν
1813 720 2067 800 οὐρανίων
2102 719 2317 801 θεωρίας

755 813 1158 892 γεωγραφῆσαι·
1187 806 1281 868 καὶ
1329 806 1433 889 γὰρ
1478 812 1555 868 δεῖ
1596 807 1724 889 πρὸς
1775 806 1869 883 μὲν
1912 808 1982 868 τὰ
2028 808 2175 886 μήκη
2212 812 2317 869 τῶν

752 901 955 961 πόλεων
983 902 1087 958 τῶν
1120 898 1461 958 ἐκλειπτικῶν
1503 896 1651 969 ἡλίου
1693 898 1783 955 καὶ
1823 896 2044 972 σελήνης
2072 922 2317 981 παρατη-

757 988 977 1071 ρήσεων,
1007 986 1135 1070 πρὸς
1176 985 1231 1045 δὲ
1264 985 1335 1047 τὰ
1383 985 1559 1059 πλάτη
1598 990 1689 1057 τῆς
1734 989 1837 1045 τῶν
1883 985 2155 1064 κλιμάτων
2202 987 2319 1044 δια-

792 1101 819 1138 ο
853 1086 935 1145 ᾶς.

754 1100 789 1161 φ
822 1100 881 1227 ἰ.
921 1162 1054 1226 “Ort
1088 1166 1123 1235 ἡ
1154 1161 1456 1243 γεωγραφία
1492 1166 1750 1233 συνῆπται
1792 1160 1851 1221 ἔκ
1892 1185 1949 1220 τε
1994 1162 2320 1242 γεωμετρίας

751 1255 844 1314 καὶ
870 1248 1305 1334 μετεωρολογίας.

834 1363 906 1404 10.
950 1341 1110 1414 Ὅτι,
1139 1342 1187 1399 εἰ
1211 1339 1304 1398 καὶ
1324 1336 1394 1399 τὰ
1418 1338 1629 1419 οὗράνια
1654 1344 1729 1419 τῷ
1751 1339 1897 1415 τόπῳ
1925 1337 2189 1419 ἀφέστηκε
2212 1340 2318 1399 τῶν

753 1430 995 1512 ἐπιγείων
1026 1435 1295 1503 τοσοῦτον,
1314 1426 1427 1487 ὅσον
1464 1428 1670 1509 οὖρανός
1698 1430 1803 1487 ἐστ’
1838 1427 1941 1488 ἀπὸ
1970 1426 2151 1507 γαίης,
2180 1426 2318 1487 ἀλλὰ

751 1526 819 1602 τῇ
842 1518 1035 1601 θεωρία
1056 1516 1277 1589 ἥνωται.

837 1628 907 1669 11.
948 1604 1083 1667 Ὅτι
1121 1602 1242 1672 τοὺς
1268 1606 1397 1687 παρ’
1423 1602 1648 1685 Ὁμήρῳ
1672 1602 1961 1683 Ἐρεμῧοὺς
2002 1602 2138 1670 τοὺς.
2161 1606 2322 1684 Τρω-

754 1692 1012 1777 γλοδύτας
1035 1692 1113 1753 δεῖ
1132 1691 1363 1773 Ἄραὸας
1389 1690 1671 1771 ἐξακούειν,
1693 1690 1837 1770 παρὰ
1859 1691 1917 1751 τὸ
1942 1695 1995 1749 ἐν
2022 1695 2088 1773 τῇ
2110 1688 2237 1774 ἔρα,
2253 1696 2321 1774 τῇ

753 1788 858 1866 γῇ,
892 1780 1184 1863 ἐμὸαίνειν.
1700 1782 1710 1795 ’

841 1894 911 1937 12.
953 1869 1084 1933 Ὅτι
1126 1876 1163 1945 ἡ
1210 1868 1551 1952 γεωγραφία,
1584 1870 1641 1928 οὔ
1687 1868 1843 1945 μόνον
1881 1868 1968 1927 διὰ
2013 1866 2320 1951 φιλοσοφίαν

758 1963 967 2042 μεγάλα
992 1960 1255 2034 συντελεῖ,
1279 1957 1418 2018 ἀλλὰ
1447 1958 1536 2017 καὶ
1566 1956 1649 2016 διὰ
1676 1955 1947 2025 πολιτικὰς
1971 1956 2065 2017 καὶ
2094 1980 2322 2038 στρατη-

757 2050 910 2132 γικὰς
936 2048 1204 2133 φρονήσεις
1230 2070 1288 2107 τε
1314 2046 1406 2108 καὶ
1434 2044 1663 2129 πράξεις.

842 2160 911 2203 ta.
952 2137 1083 2199 ‘'Ox-t
1104 2136 1165 2195 τὸ
1190 2136 1399 2195 πολλῶν
1430 2132 1713 2216 ἀνθρώπων
1748 2134 1871 2194 ἰδεῖν
1900 2134 2061 2195 ἄστεα
2089 2133 2181 2195 καὶ
2202 2139 2321 2195 νοῦν

756 2233 953 2309 γνῶναι
974 2225 1141 2287 καὶτὸ
1160 2222 1246 2285 ἐπὶ
1270 2228 1358 2283 τοῦ
1382 2219 1707 2305 Ἡρακλέους
1736 2248 1761 2274 α
1787 2221 2031 2299 μεγάλων
2050 2222 2322 2302 ἐπιίστορα

757 2319 925 2401 ἔργων
955 2343 980 2369 ι
1009 2312 1277 2397 εἰρημένον
1322 2308 1419 2383 τὴν
1461 2313 1521 2370 ἐκ
1554 2314 1647 2384 τῆς
1685 2312 2048 2391 γεωγραφικῆς
2086 2311 2320 2391 ἱστορίας

759 2404 1122 2487 διαγινομένην
1151 2399 1401 2484 φρόνησιν
1428 2398 1713 2482 ἐμφανίζει.

840 2514 915 2557 14.
954 2489 1083 2554 Ὅτι
1110 2494 1144 2562 ἡ
1172 2488 1267 2567 μὲν
1297 2486 1599 2570 γεωγραφία
1617 2532 1635 2562 ,
1666 2491 1760 2561 τῆς
1803 2486 1926 2559 ὅλης
1969 2478 2101 2548 03⁶oe
2142 2492 2318 2549 οἰκου-

754 2582 915 2662 μένης
946 2578 1174 2660 ἱστορία,
1198 2578 1319 2659 περὶ
1347 2576 1408 2636 τὸ
1436 2575 1595 2637 ποσὸν
1625 2577 1824 2653 μᾶλλον
1852 2574 2222 2654 καταγίνεται,
2246 2580 2318 2646 ὡς

754 2666 1231 2748 μαθηματικωτέρα
1248 2690 1264 2704 ·
1292 2669 1327 2739 ἡ
1356 2664 1413 2725 δὲ
1438 2664 1779 2747 χωρογραφία
1811 2662 1972 2724 τόπου
2000 2668 2137 2732 τινὸς
2163 2658 2316 2739 οὖσα,

751 2750 857 2821 οἷον
892 2760 963 2825 ὣς
1002 2754 1246 2837 Ὅμηρος
1289 2752 1464 2833 λέγει·
1493 2781 1519 2810 α
1549 2752 1604 2813 οἵ
1641 2757 1686 2813 θ’
1719 2752 1909 2834 Ὑρίην
1945 2752 2188 2830 ἐνέμοντο
2223 2754 2334 2815 καὶ.

750 2844 953 2907 Αὐλίδα
987 2842 1339 2924 πετρήεσσαν,
1370 2870 1395 2897 ι
1432 2840 1527 2901 καὶ
1568 2838 1905 2918 πολύκνημον
1935 2840 2195 2902 Ἐτεωνὸν
2224 2841 2318 2902 καὶ

747 2930 1122 3013 πολυτρήρωνα
1160 2930 1373 3003 Θίσὸην
1400 2928 1493 2989 καὶ
1528 2928 1927 3011 πολυστάφυλον
1954 2928 2168 3011 Ἄρνην,
2194 2928 2318 3010 περὶ

746 3022 807 3081 τὸ
834 3020 979 3082 ποιὸν
1020 3024 1116 3091 τῆς
1154 3016 1361 3099 χώρας·
1385 3008 1491 3077 οἷον
1524 3018 1570 3077 εἰ
1608 3016 1914 3099 βαθῦγειος,
1948 3020 1994 3078 εἷ
2029 3016 2243 3098 ὀρεινὴ,
2272 3020 2318 3077 εἷ

746 3106 955 3182 πεδιὰς,
983 3110 1029 3166 εἰ
1060 3105 1277 3182 ἄξυλος,
1303 3107 1349 3165 εἰ
1381 3103 1619 3182 μέταλλα
1648 3102 1869 3185 ἔχουσα.

824 3215 894 3259 15.
934 3192 1067 3257 Ὅτι
1119 3192 1277 3261 ἄλλος
1323 3190 1417 3271 μὲν
1466 3196 1507 3265 ὁ,
1536 3196 1630 3264 τῆς
1665 3192 1891 3265 Ἰνδικῆς
1933 3190 2315 3272 χωρογράφος,

746 3286 943 3364 ἀγνοῶν
967 3282 1065 3355 τὴν
1094 3280 1333 3343 Ἑλλάδα
1358 3280 1540 3360 τυχὸν,
1562 3281 1653 3339 καὶ
1676 3279 1831 3347 ἄλλος
1858 3282 1887 3338 ὁ
1908 3281 2004 3350 τῆς
2026 3275 2318 3358 Αἰγύπτου,

747 3377 943 3455 ἀγνοῶν
968 3372 1037 3432 τὰ
1060 3376 1156 3445 τ’ἠς
1182 3368 1445 3453 Περσίδος
1475 3367 1566 3429 καὶ
1592 3372 1941 3449 Βακτριανῆς.

824 3482 895 3524 10.
938 3459 1071 3523 “Ort
1098 3460 1178 3519 δεῖ
1201 3462 1562 3539 γεωμετρικῆς
1581 3457 1672 3517 καὶ
1700 3454 2050 3539 ἀστρονομίας
2081 3458 2155 3516 τ’
2185 3478 2320 3536 γεω·

746 3550 1095 3634 γραφήσοντι,
1121 3548 1215 3610 καὶ
1260 3548 1532 3615 ὑποθέσεις
1569 3545 1751 3607 λαθεῖν
1780 3544 1833 3616 ἐξ
1869 3548 2063 3623 αὖτῶν,
2095 3569 2123 3606 ο
2145 3569 2203 3606 ον
2237 3545 2320 3605 ὅτι

748 3639 1016 3724 σφαιρικὸς
1042 3643 1072 3701 ὃ
1094 3638 1291 3717 κόσμος
1314 3636 1408 3698 καὶ
1440 3640 1476 3709 ἦ
1500 3638 1593 3708 τῆς
1630 3638 1729 3715 γ’ἥς
1768 3634 2045 3717 ἐπιφάνεια
2060 3683 2077 3711 ,
2106 3635 2201 3695 καὶ
2238 3632 2322 3695 ἔτι

748 3729 867 3811 περὶ
898 3734 992 3804 τῆς
1028 3727 1118 3789 ἐπὶ
1158 3726 1220 3788 τὸ
1264 3724 1430 3805 μέσον
1474 3734 1633 3807 φορᾶς
1667 3727 1769 3784 τῶν
1801 3724 2065 3803 σωμάτων
2092 3726 2185 3785 καὶ
2220 3722 2321 3784 ὅσα

749 3841 986 3880 τοιαυτα.

828 3925 899 3970 17.
941 3903 1073 3967 Ὅτι
1101 3906 1181 3964 δεῖ
1207 3902 1297 3964 τὸν
1325 3902 1620 3985 στρατηγὸν
1656 3902 1792 3979 μήτε
1826 3908 2069 3963 τοσοῦτον
2097 3901 2318 3984 ἄμοιρον

752 3986 881 4057 εἶναι
920 3992 1282 4077 γεωγραφίας,
1327 3992 1466 4053 ὥστε
1510 3991 1678 4069 λέγειν
1726 3990 1781 4051 ἔν
1826 4014 1935 4051 τισι
1970 3990 2177 4059 τόποις·
2206 4017 2230 4042 ι
2271 3980 2318 4051 ὦ

755 4078 2002 4249 ⁹3⁰²2⁰1³³¹⁶⁶>32525235225⁶53253222⁸23
2015 4076 2202 4227 &2325
2223 4078 2317 4227 13}

754 4196 784 4233 τ
845 4194 1085 4233 τοιαυτα·
1120 4195 1147 4232 ο

757 4263 1114 4320 συνανατολῶν
1160 4258 1251 4319 καὶ
1300 4254 1842 4338 συμμεσουρανήσεων
1889 4254 1983 4315 καὶ
2046 4278 2312 4337 συγκατα·

758 4348 952 4411 δόσεων
976 4352 1077 4409 τῶν
1104 4346 1332 4430 ἀστέρων
1360 4346 1812 4428 πολυπραγμονεῖν
1838 4344 1928 4404 καὶ
1958 4346 2064 4404 τῶν
2092 4343 2308 4424 ὁμοίων.

840 4458 913 4499 ta.
952 4432 1085 4499 Ὅτι
1119 4436 1210 4496 καὶ
1244 4440 1339 4507 τῆς
1381 4439 1656 4517 σφαιρικῆς
1685 4432 1899 4513 θεωρίας
1927 4434 2011 4494 δεῖ
2032 4424 2195 4515 ἧφθαι
2221 4431 2313 4491 τὸν

758 4526 1232 4609 γεωγραφῆσοντα,
1260 4514 1365 4585 οἷον
1394 4524 1596 4586 κύκλων
1634 4524 1688 4581 ἐν
1730 4520 1929 4605 σφαίρᾳ
1954 4519 2311 4602 παραλλήλων

755 4615 850 4677 καὶ
876 4616 1041 4697 ὀρθῶν
1068 4612 1162 4673 καὶ
1183 4616 1287 4672 τῶν
1314 4610 1577 4673 τοιούτων.

840 4724 911 4767 19.
954 4701 1112 4780 Ὅτι,
1142 4699 1320 4783 ὥσπερ
1343 4700 1429 4761 ἐπὶ
1450 4701 1697 4761 κολοσσοῦ
1728 4696 1833 4777 ,τὴν
1861 4695 2195 4777 ὁλοσχέρειαν
2217 4698 2315 4768 τῆς

2026 411 2714 473 CHRESTOMATfflAE

2411 562 2528 599 mus
2566 545 2960 619 geographicam
3003 549 3231 604 tabulam
3277 550 3472 622 edidit;
3513 557 3780 613 Hecataeus
3839 580 3974 617 vero

2408 636 2662 707 scriptum
2691 634 2916 709 reliquit.

2481 742 2534 796 8.
2573 739 2785 813 Absque
2806 741 3096 798 coelestium
3121 762 3300 799 rerum
3335 749 3633 818 cognitione
3659 754 3978 827 geographia

2409 850 2619 903 tractari
2638 852 2850 923 nequit;
2875 870 3000 906 uam
3019 851 3088 906 ad
3111 852 3464 926 longitudines
3489 858 3701 914 urbium
3719 860 3980 917 definien-

2409 958 2504 1013 das
2522 958 2643 1013 solis
2664 969 2718 1013 et
2736 960 2874 1015 lunae
2895 961 3196 1017 defectuum
3219 964 3587 1022 observatione
3611 987 3743 1041 opus
3768 983 3876 1037 est;
3903 972 3980 1026 ad

2411 1068 2708 1123 latitudines
2721 1087 2844 1124 vero
2862 1070 3200 1143 inspicienda*
3211 1082 3337 1127 sunt
3347 1072 3614 1130 climatum
3641 1076 3973 1137 difien-entiae.

2484 1201 2538 1252 9.
2577 1181 2904 1256 Geographia
2930 1184 3219 1256 composita
3245 1194 3324 1238 est
3359 1202 3424 1238 ex
3451 1190 3735 1256 geometria
3763 1202 3816 1245 et
3857 1210 3979 1245 me-

2413 1267 2712 1339 teorologia.

2491 1372 2574 1410 ιο.
2611 1354 2878 1423 Ceth-tia,
2919 1356 3157 1427 quamvis
3181 1375 3211 1410 a
3240 1357 3460 1411 terrenis
3501 1367 3706 1411 tantum
3746 1362 3979 1431 distent,

2413 1452 2671 1515 quantum
2699 1461 2730 1497 a
2752 1453 2890 1497 terra
2912 1442 3104 1497 coelum
3133 1442 3308 1507 abest,
3339 1444 3780 1516 contemplatione
3801 1456 3986 1507 tam

2413 1530 2552 1584 inter
2578 1548 2634 1583 se
2653 1528 2836 1600 juncta
2859 1540 3004 1584 sunt.

2491 1636 2514 1672 1
2528 1636 2574 1672 1.
2615 1619 2720 1688 Qui
2748 1617 2889 1691 apud
2909 1619 3203 1673 Homerum
3223 1628 3346 1674 sunt
3367 1617 3583 1672 Erembi
3600 1658 3617 1685 ,
3633 1619 3990 1694 Troglodytas

2415 1705 2615 1759 Arabes
2651 1705 2934 1778 intelligere
2973 1715 3212 1779 oportet,
3243 1705 3322 1760 sic
3363 1704 3535 1761 dictos
3562 1706 3706 1779 quod
3746 1706 3883 1779 ἔραν,
3925 1710 3987 1763 id

2414 1802 2492 1846 cst
2523 1803 2735 1862 terram,
2760 1791 3006 1849 subeunt.

2491 1896 2574 1934 12.
2608 1878 2939 1953 Geographia
2959 1897 3069 1934 non
3093 1878 3264 1934 solum
3278 1878 3346 1933 ad
3368 1878 3776 1952 philosophiam,
3790 1898 3982 1937 verum

2414 1967 2571 2021 etiam
2595 1965 2665 2021 ad
2686 1965 3022 2039 prudentiam
3045 1976 3202 2039 atque
3221 1967 3453 2021 actiones
3475 1966 3649 2020 civiles
3670 1976 3724 2020 et
3750 1968 3985 2040 impera-

2415 2054 2573 2108 torias
2599 2052 2847 2108 conducit
2871 2070 3204 2125 magnopere.

2491 2141 2574 2196 13.
2611 2138 2748 2195 Illud
2782 2165 2804 2188 ι
2828 2141 3006 2194 Mores
3032 2138 3312 2194 hominum
3339 2138 3630 2194 multorum
3649 2160 3804 2198 nosse
3822 2152 3989 2215 atque

2414 2211 2570 2267 urbes
2597 2210 2726 2281 (od.
2753 2229 2801 2279 1,
2833 2211 2885 2279 3)
2908 2235 2962 2279 ι,
2987 2222 3105 2265 tum
3123 2209 3256 2264 illud
3276 2209 3422 2282 quod
3450 2210 3520 2265 de
3537 2212 3764 2268 Hercule
3788 2212 3984 2281 fertur,

2420 2308 2444 2331 α
2479 2300 2786 2368 magnorum
2829 2283 3002 2355 perito
3047 2299 3268 2354 operum
3318 2308 3340 2330 ι
3361 2322 3378 2349 ,
3433 2300 3552 2337 eam
3595 2301 3712 2355 quae
3751 2303 3818 2339 ex
3859 2303 3988 2356 geo-

2410 2353 2657 2478 graphica
2729 2354 3028 2424 cognitione
3094 2354 3348 2419 nascitur,
3423 2352 3757 2427 prudentiam
3818 2357 3986 2427 signi-

2449 2435 2550 2479 cat.

2486 2497 2570 2558 14.
2611 2494 2940 2566 Geographia
2956 2534 2972 2558 ,
3003 2504 3256 2565 tanquam
3290 2493 3434 2549 orbis
3479 2494 3640 2549 totius
3681 2494 3984 2552 habitabilis

2410 2565 2628 2620 historia
2644 2605 2660 2629 ‚
2690 2565 3021 2637 potissimum
3043 2575 3285 2619 versatur
3319 2566 3375 2618 in
3399 2566 3694 2636 quantitate
3713 2576 3982 2623 terrarum

2410 2634 2710 2691 definienda
2728 2675 2744 2701 ,
2767 2646 2827 2690 ut
2859 2652 2978 2707 quae
3001 2636 3072 2689 sit
3101 2654 3188 2689 ma
3223 2635 3267 2688 is
3287 2634 3514 2689 finitima
3559 2636 3944 2693 mathematicae
3959 2678 3980 2706 ,

2411 2718 2464 2761 at
2489 2706 2894 2779 chorographia,
2914 2724 3082 2777 quum
3109 2707 3176 2759 sit
3213 2704 3296 2759 oci
3320 2703 3614 2777 cujuspiam
3632 2746 3648 2771 ,
3677 2706 3824 2761 velut
3845 2708 3982 2763 dum

2411 2780 2678 2833 Homerus
2705 2777 2798 2845 (ΙΙ.
2825 2795 2880 2842 2,
2906 2777 3035 2849 496)
3077 2777 3150 2829 ait
3184 2801 3207 2822 ιι
3241 2776 3349 2843 Qui
3391 2776 3575 2829 colunt
3599 2777 3821 2849 llyrium
3845 2778 3981 2852 lapi·

2410 2847 2702 2933 dosamque
2724 2846 2936 2913 Aulida,
2970 2872 2994 2895 n
3021 2856 3076 2901 et
3102 2844 3232 2899 dum
3252 2863 3488 2918 asperam
3519 2858 3670 2900 vocat
3696 2848 3977 2915 Eteonon,

2408 2929 2502 2974 aut
2524 2918 2758 2973 Thisben
2785 2916 3042 2974 columbis
3066 2915 3281 2970 divitem
3297 2956 3312 2981 ,
3352 2927 3444 2969 aut
3472 2919 3651 2970 Arnen
3685 2916 3975 2984 vitiferam,

2411 2990 2468 3043 in
2509 2988 2758 3061 qualitate
2787 2989 3015 3059 regionis
3039 2984 3346 3059 explicanda
3373 2998 3627 3050 versatur.
3649 2986 3794 3041 velut
3816 3007 3884 3044 an
3909 2992 3980 3045 sit

2412 3059 2988 3183 ωωρεοεήεῖοςίορὲιρη
3011 3067 3282 3181 mou-tana,
3307 3066 3399 3110 aut
3420 3055 3705 3129 profunda,
3721 3058 3976 3131 autligno

2411 3147 2595 3185 carens
2612 3169 2629 3194 ,
2655 3147 2722 3183 au
2769 3146 2822 3182 m
2941 3145 3096 3182 orum
3132 3144 3280 3181 erax.

2491 3218 2576 3273 15.
2612 3216 2762 3271 Alius
2786 3216 3054 3285 contingat
3075 3212 3243 3268 Indiae
3263 3212 3660 3285 chorographus
3675 3254 3691 3279 ‚
3715 3216 3808 3288 qui
3838 3215 3980 3271 sorte

2412 3302 2670 3359 Graeciam
2719 3302 2924 3371 ignoret
2937 3320 2954 3366 ;
2995 3300 3126 3353 alius
3168 3298 3421 3371 AEgypto‚
3454 3300 3700 3370 ignorans
3743 3301 3981 3355 Persidis

2413 3398 2656 3443 naturam
2683 3397 2736 3441 et
2757 3387 3059 3441 Bactrianae.

2491 3474 2574 3524 16.
2613 3467 2914 3522 Geometria
2945 3476 2999 3521 et
3033 3467 3352 3523 astronomia
3378 3482 3512 3551 opus
3537 3474 3618 3519 est
3641 3466 3691 3519 ei
3730 3467 3822 3538 qui
3849 3484 3980 3537 geo-

2413 3540 2686 3613 graphiam
2712 3548 3025 3594 metaturus
3053 3550 3159 3605 est,
3189 3548 3243 3593 et
3281 3556 3348 3592 ex
3389 3536 3472 3591 lus
3497 3536 3625 3609 ipsis
3656 3537 3980 3610 hypotheses

2411 3622 2538 3666 sunt
2553 3610 2820 3665 sumenda
2836 3650 2852 3676 ,
2873 3608 3014 3663 velut
3043 3609 3356 3682 sphericum
3382 3625 3494 3662 ease
3519 3606 3780 3662 mundum
3798 3648 3815 3673 ,
3845 3610 3972 3663 item

2418 3693 2569 3737 terrae
2592 3681 3044 3753 superficiemesse
3059 3680 3361 3763 sphaericam
3375 3718 3392 3745 ,
3415 3689 3470 3734 et
3482 3694 3600 3749 quae
3622 3688 3748 3733 sunt
3770 3677 3838 3733 de
3854 3698 3979 3735 cor-

2412 3771 2606 3827 porum
2636 3752 2703 3806 ad
2728 3750 2960 3807 medium
2983 3749 3335 3816 inclinatione,
3362 3760 3414 3803 et
3433 3748 3502 3804 de
3524 3747 3743 3820 hujusce
3767 3752 3977 3821 generis

2410 3824 2572 3966 ‘8³:¹33
2587 3823 2833 3967 ‘gai-tet
2849 3892 3216 3964 imperatorem
3235 3908 3344 3946 non
3365 3889 3498 3945 adeo
3518 3890 3823 3962 imperitum
3858 3910 3972 3946 esse

2410 3966 2541 4020 situs
2569 3975 2748 4049 terrae,
2779 3972 2842 4016 ut
2875 3962 2931 4017 in
2970 3961 3232 4048 aliquibus
3257 3961 3384 4016 locis
3422 3960 3910 4046 constitutus-dicat
3953 3980 3972 4016 2

2412 4030 3647 4189 (03.³?31¹;9¹;3¹2⁶21⁸;²·:‚¹:.¹3;;¹¹;2q¹:2⁰?:{2::33
3669 4032 3972 4187 „231221232

2408 4180 2582 4244 tione,
2603 4186 2698 4230 aut
2723 4174 2790 4229 de
2815 4171 3075 4228 sideribus
3091 4192 3213 4247 quae
3237 4173 3392 4227 simul
3411 4185 3678 4239 oriuntur,
3709 4173 3974 4257 simulque

2406 4248 2473 4373 {³:¹1
2489 4244 3170 4391 ἑξὶιιίιιὲιῖιιὲἒιῖῑίἑιὲρῃροξιειὲῑ
3193 4256 3246 4299 et
3271 4245 3428 4299 simul
3449 4244 3725 4309 occidunt,
3753 4244 3972 4316 ahisque

2405 4392 2921 4540 ορὲῗῖαεξὲᾛῗ
2944 4388 3972 4550 ἕέοῗέθιῗέιὲᾝμ’έῖὲἓζῖῒ..ζῖ“ἳῗῗ.ἱῖ

2404 4541 2632 4674 {genos
2673 4542 2730 4595 in
2772 4540 2975 4614 sphaera
3009 4538 3278 4613 paralelos
3317 4549 3372 4593 et
3408 4549 3578 4592 rectos
3619 4548 3670 4591 ct
3709 4534 3986 4607 ejusmodl-

2483 4720 2569 4774 ¹9·
2607 4703 2760 4757 Utin
2781 4699 2984 4755 colosso
3010 4700 3171 4755 totius
3202 4699 3377 4771 operis
3403 4696 3654 4752 fabricam
3683 4696 3964 4768 inspicien-

755 4795 1087 4864 κατασκευῆς
1135 4794 1442 4857 σκοποῦντες
1483 4793 1585 4849 τῶν
1627 4790 1826 4870 μικρῶν
1863 4791 2309 4867 καταφρονοῦμεν,
2407 4802 2514 4857 tes,
2540 4808 2658 4863 quae
2685 4800 2809 4845 sunt
2849 4789 3036 4859 exigua
3079 4786 3420 4859 negligimus,
3459 4786 3532 4840 ita
3563 4788 3619 4839 in
3655 4782 3968 4856 geographia

756 5024 811 5076 p.
842 5021 895 5074 7,
941 5006 1059 5055 AB.
1094 5003 1116 5072 ss
1149 5030 1220 5042 —
1246 5002 1299 5054 8.
1326 5018 1381 5071 p.
1417 5016 1471 5069 7,
1514 5001 1614 5053 BC.
1648 5000 1670 5069 ΙΙ
1700 5027 1773 5038 -
1798 5017 1851 5068 9.
1880 5014 1935 5069 p.
1965 5000 2018 5060 8,
2049 5000 2153 5051 BC.
2189 4997 2212 5066 ΙΙ
2244 5024 2318 5037 -—

2401 4996 2692 5067 γινομένην]
2721 4992 3065 5065 διαγινομένης
3101 4988 3246 5057 cod.;
3277 5008 3384 5046 em.
3413 4987 3657 5043 Hudson.
3707 4988 3729 5057 11
3766 5018 3838 5029 -
3876 4992 3958 5047 14.

762 5100 845 5139 10.
876 5100 933 5155 p.
965 5084 1019 5148 8,
1053 5084 1107 5137 C.
1142 5081 1166 5150 ΙΙ
1192 5110 1265 5121 -
1305 5096 1391 5133 11.
1420 5077 1669 5131 Erembos
1711 5076 1895 5131 Strabo
1938 5084 2318 5131 commemorat
2402 5093 2455 5148 p.
2486 5096 2542 5145 9,
2573 5082 2697 5130 C—
2720 5092 2803 5139 ιο,
2822 5077 2898 5127 A.
2921 5070 3016 5125 Καὶ
3033 5069 3350 5139 πολύκνημον
3373 5071 3494 5138 ete]
3523 5069 3649 5122 Haec
3672 5083 3779 5119 non
3808 5065 3964 5120 habet
4021 5110 4026 5114 .

756 5182 809 5236 p.
834 5167 889 5227 8,
916 5166 998 5227 D,
1030 5160 1123 5215 sed
1151 5160 1522 5233 etymologiam
1546 5158 1769 5227 nominis
1792 5175 1901 5211 non
1925 5156 2030 5213 boc
2054 5155 2200 5223 loco,
2220 5154 2315 5209 sed

2402 5154 2612 5209 Strabo.
2651 5155 2672 5224 ΙΙ
2696 5182 2767 5195 -
2793 5151 2876 5208 15.
2907 5170 2959 5225 p.
2988 5169 3042 5221 9,
3087 5154 3158 5205 D.
3191 5149 3212 5219 ΙΙ
3235 5177 3310 5190 -
3350 5151 3431 5205 16.
3471 5166 3528 5220 p.
3570 5164 3653 5208 11,
3697 5148 3804 5199 CD.
3837 5145 3860 5215 ΙΙ
3889 5174 3961 5185 -

755 5260 813 5315 p.
841 5246 909 5307 49.
940 5239 1161 5315 profert.
1181 5240 1205 5311 ΙΙ
1228 5268 1301 5283 -
1326 5254 1409 5295 12.
1436 5255 1491 5311 p.
1517 5256 1569 5307 9,
1598 5240 1670 5292 A.
1702 5238 1723 5308 ss
1749 5266 1820 5279 -
1848 5237 1928 5292 13.
1954 5253 2009 5308 p.
2042 5256 2095 5307 9,
2123 5240 2194 5289 A.
2214 5236 2318 5287 δια·
2347 5296 2360 5304 ·
2407 5250 2490 5302 17.
2519 5252 2572 5305 p.
2605 5249 2688 5297 12,
2720 5235 2823 5286 BC.
2856 5232 2876 5301 11
2904 5259 2979 5272 -
3003 5232 3085 5285 18.
3106 5246 3164 5301 p.
3192 5244 3276 5294 12,
3307 5231 3378 5283 D.
3416 5227 3534 5297 [Ι-
3565 5242 3650 5296 19.
3678 5241 3733 5296 p.
3771 5224 3854 5287 13,
3875 5227 3959 5278 D.
