4584 6284
646 561 724 618 ⁶2
1888 557 2235 623 DloNst
2279 562 2647 626 ΒῩΖΑΝἸῊ

761 687 902 740 ἆθλον
924 688 999 741 ἐπὶ
1028 688 1217 749 ξείνοισι
1242 690 1546 753 περικτιόνων
1574 692 1851 757 ἀνθρώπων,

761 758 889 817 ὅστις
916 759 994 811 ἐπὶ
1021 764 1257 827 σταθμοὺς
1288 762 1362 822 ἠδ’
1382 762 1595 827 ἀστεμξῆ
1616 764 1760 829 δόμον
1786 766 1875 823 ἵξοι
1890 803 1905 827 ,

759 830 955 895 θήκατο,
979 833 1255 899 πυγμαχίης
1276 832 1541 898 ὑπερόπλου
1558 837 1847 900 πειρηθῆναι.

762 904 861 954 Τοῦ
889 902 975 969 μὶν
994 903 1067 970 ἄρ’
1091 905 1303 964 ἠίστωσε
1329 907 1437 971 βίην
1463 907 1681 972 κρατερὸς
1696 908 1997 971 Πολυδεύκης

758 972 911 1040 τύψας
931 973 1211 1041 ἀπροφάτως
1229 978 1433 1042 κεφαλὴν
1454 978 1724 1043 σκληροῐσιν
1748 982 1936 1045 ἱμᾶσιν.

760 1046 921 1106 Aueiae
943 1046 989 1097 δ’
1006 1047 1069 1099 αὖ
1090 1048 1337 1113 Βεδρύκων
1355 1048 1527 1099 Μινύαι
1549 1050 1715 1115 χαλκῷ
1737 1052 2014 1119 κατένηραν.

762 1117 913 1170 Ἔνθα
938 1118 982 1169 δ’
1000 1118 1339 1185 ἀφορμηθέντες
1352 1156 1366 1182 ,
1387 1120 1467 1171 ὑπ’
1483 1120 1657 1186 εἰρεσίῃ
1676 1138 1726 1174 τε
1750 1123 1997 1187 καμόντες,

760 1190 972 1241 Βιθυνῶν
994 1190 1117 1255 μέγα
1144 1190 1267 1243 ἄστυ
1294 1191 1491 1256 πλατείη
1511 1192 1745 1259 κέλοαμεν
1765 1195 1887 1260 ἀκτῇ
1901 1232 1917 1258 ,

766 1260 1046 1321 σπεύδοντες
1065 1268 1289 1329 προχοαῖς
1310 1265 1384 1327 ἥδ’
1406 1266 1455 1316 ἐν
1470 1268 1736 1330 νιφαργέσιν
1757 1270 1889 1325 ὕλαις

767 1332 957 1400 ἔσπεροι
988 1334 1275 1395 αὐλισθέντες
1306 1337 1585 1401 δφοπλίσσαι
1614 1340 1735 1403 μέγα
1754 1338 1937 1407 δόρπον.

765 1403 915 1455 Ἔνθα
932 1404 1038 1456 ποτ’
1063 1406 1317 1473 αἰνόγαμος
1344 1408 1510 1468 Φινεὺς
1530 1410 1773 1475 ὑπερήνορι
1785 1413 1953 1477 θυμῷ,

768 1474 925 1533 δοιοὺς
964 1475 1201 1535 ἐξαλάωσε
1234 1478 1397 1543 γόνους
1410 1516 1425 1541 ,
1444 1481 1671 1547 προδλῆσί
1700 1498 1754 1533 τε
1776 1483 1967 1546 πέτραις

768 1547 930 1613 θηρσὶν
953 1548 1073 1615 ἐλὼρ
1089 1548 1320 1615 προῦθηκε
1338 1556 1541 1615 γυναιῶν
1561 1552 1715 1604 εἵνεκα
1736 1552 1954 1619 φίλτρων.

642 1658 855 1715 Deinde
871 1660 1031 1736 paulo
1056 1660 1196 1717 infra
1215 1663 1290 1717 ait
1308 1664 1457 1733 (682)
1485 1679 1501 1719 ι

768 1774 925 1839 Ant-:dp
951 1777 997 1827 οί
1012 1778 1188 1837 Φινῆος
1204 1776 1503 1842 Ἀγηνορίδαο
1520 1778 1730 1836 λιπόντες

769 1843 903 1897 αὖλιν
915 1882 931 1909 ,
958 1846 1075 1912 ὑπὲρ
1096 1846 1219 1911 μέγα
1236 1846 1414 1913 λαῖτμα
1430 1848 1663 1908 θαλάσσης
1682 1848 1959 1914 ἰξικόμεσθα

772 1916 925 1983 ἀγχοῦ
944 1920 1173 1977 Κυανέαις
1198 1918 1402 1985 πέτραις.

640 2042 723 2101 et,
744 2033 930 2109 paucis
956 2030 1271 2105 interjectis,
1303 2034 1449 2105 (711)
1483 2050 1498 2088 z

764 2143 883 2196 Ἀλλ’
896 2144 976 2195 ὅτε
992 2145 1051 2206 δὴ
1073 2146 1301 2211 πορθμοῖο
1318 2144 1443 2196 κατὰ
1462 2146 1619 2211 στόμα
1635 2146 1717 2197 καὶ
1744 2147 1824 2197 διὰ
1848 2148 2021 2211 πέτρας

764 2215 976 2275 Κυανέας
992 2218 1160 2283 ἠμειψε
1173 2216 1495 2283 λάλοςτρόπις,
1517 2218 1670 2270 αὐτίκ’
1688 2218 1763 2285 ἄρ’
1774 2220 1826 2269 αἰ
1840 2234 1895 2283 γε

765 2286 996 2351 βυσσόθεν
1024 2288 1295 2355 ερριζοῦντο,
1324 2289 1406 2339 καί
1426 2288 1623 2351 ἔμπεδον
1650 2290 1750 2341 αἰὲν
1771 2291 1983 2355 ἔμιμνον.

765 2360 906 2410 Οὕτω
924 2360 1015 2425 γὰρ
1032 2361 1205 2427 Μοῖραι
1227 2360 1332 2411 τάδ’
1358 2360 1688 2413 ἐπεκλώσαντο
1707 2363 1909 2428 βαρεῖαι.

773 2430 867 2481 Καὶ
888 2432 993 2483 τότε
1012 2434 1069 2493 δὴ
1090 2432 1397 2498 προφυγόντες
1412 2431 1613 2483 ἀδευκέα
1637 2433 1814 2498 πήματ’
1838 2433 2044 2497 ὀλέθρου,

762 2502 985 2563 Ῥηδαίου
1006 2502 1213 2569 προχοάς
1232 2518 1300 2565 τε,
1324 2503 1557 2553 Μέλαιναν
1578 2504 1621 2554 θ’
1641 2503 1819 2567 ἱκόμεθ’
1850 2504 2013 2564 ἀκτήν.

634 2612 720 2666 Ex
741 2610 824 2665 his
853 2608 1071 2683 quidem
1092 2607 1411 2681 percipimus
1440 2609 1613 2664 aulam
1648 2610 1837 2664 Phinei
1870 2607 2030 2662 fuisse
2061 2608 2201 2662 inter

636 2697 869 2770 Cyaneas
890 2695 1132 2769 interque
1165 2692 1341 2749 aulam
1363 2696 1583 2768 Amyci,
1625 2694 1693 2751 ad
1716 2713 1875 2768 quam
1911 2695 2096 2751 Pollux
2125 2696 2201 2749 vi-

631 2784 705 2837 cit
729 2785 991 2856 Amycum
1011 2796 1187 2853 regem
1203 2780 1507 2854 Bebrycum
1532 2800 1547 2838 t
1577 2779 1670 2835 sed
1692 2791 1891 2835 utrum·
1908 2781 1964 2835 in
1983 2782 2199 2854 Europa

627 2888 697 2926 an
719 2871 774 2926 in
802 2871 931 2927 Asia
965 2868 1126 2925 fuerit
1164 2866 1293 2923 urbs
1337 2868 1425 2922 illa
1458 2884 1677 2939 magna,
1708 2886 1869 2941 quam
1910 2866 2042 2925 dicit
2081 2888 2194 2925 esse

622 2959 978 3035 Bithynorum
1002 2958 1157 3013 sitam
1180 2958 1237 3012 in
1256 2954 1364 3012 lato
1389 2956 1593 3022 littore,
1625 2958 1871 3032 Orpheus
1892 2976 2002 3014 non
2025 2957 2197 3015 decla·

623 3057 733 3116 τοῖς
759 3065 883 3103 nam
912 3047 956 3101 si
982 3047 1185 3119 legatur
1210 3044 1357 3119 (670)
1392 3062 1407 3101 :

746 3170 890 3225 Ἔνθα
911 3171 952 3221 δ’
974 3169 1307 3237 ἀφορμηθέντες
1328 3168 1411 3219 ὑπ’
1435 3168 1610 3235 εἰρεσίῃ
1632 3185 1687 3220 τε
1707 3169 1939 3236 καμόντες

750 3244 959 3295 Βιθυνῶν
984 3242 1107 3306 μέγα
1128 3240 1251 3293 ἄστυ
1270 3237 1471 3305 πλατείη
1486 3242 1721 3305 κε’λσαμεν
1750 3241 1871 3305 ἀκτῇ
1888 3234 1933 3304 ⁵,

625 3346 837 3403 videtur
863 3346 1139 3402 ostendere
1177 3346 1321 3402 illam
1361 3346 1523 3401 fuisse
1548 3346 1723 3401 aulam
1762 3347 1986 3421 Amyci,
2034 3366 2103 3403 ex
2135 3366 2201 3403 eo

628 3434 775 3509 quod
806 3434 1117 3508 Apollonius
1130 3474 1147 3503 ,
1176 3445 1335 3509 poeta
1351 3434 1573 3509 quidem
1591 3436 2087 3509 Argonauticorum,
2108 3439 2201 3493 sed

628 3524 831 3599 Orphei
858 3526 1115 3598 interpres
1129 3564 1146 3591 ,
1176 3522 1347 3579 aulam
1384 3524 1578 3597 Amyci
1612 3523 1799 3579 scribit
1830 3524 1989 3581 fuisse
2017 3525 2075 3580 in
2096 3525 2201 3582 lato

629 3613 836 3684 littore,
864 3632 987 3670 cum
1010 3614 1083 3670 ait
1111 3611 1179 3687 (1
1199 3653 1216 3680 ,
1252 3611 1455 3688 1360)·.

1172 3739 1233 3790 Οἳ
1252 3738 1303 3789 δὲ
1324 3739 1489 3803 χθονὸς
1510 3739 1839 3805 εἰςανέχουσαν

757 3812 902 3873 ἀκτὴν
918 3812 973 3863 ἐκ
985 3810 1179 3863 κόλποιο
1199 3808 1309 3875 μάλ’
1328 3812 1505 3877 εὐρεῖαν
1530 3810 1767 3862 δσιδέσθαι

752 3882 1070 3949 φρασσάμενοι
1086 3918 1103 3943 .
1121 3881 1339 3947 κώπῃσιν
1358 3880 1441 3947 ἅμ’
1460 3880 1607 3947 ἠελίῳ
1627 3881 1905 3934 ἐπέκελσαν.

630 4010 702 4065 At
718 4006 896 4082 potius
918 4004 1051 4060 mihi
1079 4002 1362 4077 legendum
1404 4002 1615 4059 videtur
1640 4002 1696 4058 in
1720 4002 1937 4075 Orpheo
1972 3994 2194 4056 εένθένδ’

628 4084 1043 4169 ἀφορμηθέντες,
1074 4110 1139 4147 ex
1178 4112 1243 4149 eo
1273 4092 1419 4167 quod
1447 4103 1574 4149 ante
1603 4094 1756 4163 (662)
1783 4092 2027 4165 Orpbeus
2057 4090 2194 4147 dixit

630 4184 894 4240 transiisse
913 4178 984 4236 ad
1009 4180 1187 4235 locum
1218 4199 1234 4237 ε

747 4304 837 4357 ἔνθ’
858 4304 1062 4370 Ἄμυκος
1078 4302 1365 4370 Βεθρύκεσσι
1382 4301 1730 4369 ὑπερφιάλοισιν
1754 4301 1977 4364 ἄνασσεν,

624 4411 719 4468 ubi
758 4412 945 4469 Pollux
989 4417 1254 4487 Amycum
1298 4407 1513 4465 devicit.
1549 4407 1653 4465 Sed
1676 4420 1853 4464 tamen
1892 4409 2187 4463 etiamnum

625 4518 692 4557 ex
724 4500 939 4574 Orpheo
973 4499 1197 4556 dubium
1221 4496 1465 4566 videtur,
1496 4507 1677 4553 utrum
1718 4495 1805 4551 illa
1832 4514 2021 4568 magna
2064 4497 2193 4551 urbs

628 4584 787 4645 fuerit
810 4588 867 4643 in
890 4588 1012 4643 Asia
1038 4605 1106 4642 au
1132 4588 1377 4660 Europa,
1405 4584 1637 4657 itemque
1662 4602 1731 4639 an
1753 4582 1873 4639 aula
1908 4584 2097 4657 Amyci
2137 4586 2191 4639 in

625 4675 843 4751 Europa
864 4695 933 4733 an
951 4677 1093 4744 Asia,
1114 4694 1181 4731 au
1189 4674 1342 4750 juxta
1358 4677 1653 4747 Bosporum
1671 4691 1739 4728 an
1757 4672 1815 4727 in
1832 4670 2179 4745 Propontide.

625 4888 704 4945 ita
739 4888 919 4945 animo
956 4906 1069 4943 rem
1116 4887 1217 4942 sibi
1256 4884 1564 4941 informasse
1594 4883 1866 4957 probabile
1909 4894 2006 4938 est.
2058 4884 2081 4955 ΙΙ
2122 4914 2195 4925 -

628 4967 683 5023 ⁵.
698 4966 954 5044 Πλατείῃ]
971 4968 1047 5023 εἰσ
1060 4967 1293 5040 Gyllius;
1316 4967 1372 5020 in
1390 4966 1581 5021 nostris
1596 4964 1744 5019 libris
1759 4962 1931 5037 βαθείῃ
1944 4963 2155 5036 legitur.
2168 4963 2192 5035 ss

624 5076 700 5091 —
720 5052 774 5105 6.
800 5046 1120 5122 Nympha]
1143 5046 1330 5101 Obiter
1351 5044 1553 5117 Gyllius
1573 5044 1799 5116 inspexit
1817 5040 1982 5098 schol.
2017 5040 2195 5115 Apoll.

626 5126 734 5183 nh.
752 5144 805 5195 a,
834 5129 959 5199 786,
984 5126 1079 5184 ubi
1102 5135 1381 5200 postquam
1392 5120 1649 5198 Nymphis
1672 5120 1739 5176 de
1757 5120 1857 5177 alia
1872 5138 1933 5176 re
1956 5118 2197 5177 laudatus

624 5217 758 5275 erat,
784 5216 1037 5263 monetur
1058 5204 1399 5279 Apollonium
1419 5202 1687 5277 Μυγδόνας
1708 5199 1909 5274 (modo
1928 5201 2002 5255 ita
2021 5198 2197 5272 legen·

619 5284 754 5343 dum
780 5286 884 5363 sit)
916 5286 1094 5343 dicere
1115 5286 1227 5350 rob<
1253 5285 1492 5359 Βέὸρυκας
1527 5282 1622 5339 ἀπὸ
1645 5283 1907 5357 Μυγδόνος
1936 5279 2190 5356 βασιλέως.

695 5386 748 5440 7.
776 5368 1033 5425 Σκόπελόν
1062 5387 1115 5423 τε
1139 5366 1415 5437 Κολώνην]
1440 5365 1527 5421 Sic
1553 5363 1753 5438 Gyllius
1779 5366 1936 5420 etiam
1963 5362 2057 5418 lib.
2092 5362 2194 5428 111,

620 5462 670 5501 c.
704 5463 755 5515 1,
778 5446 879 5501 ubi
901 5445 1081 5503 denuo
1108 5444 1251 5501 idem
1286 5442 1553 5517 Apollonii
1579 5442 1725 5499 locus
1750 5442 2015 5498 laudatur.
2052 5442 2123 5495 At
2142 5440 2199 5495 in

2307 701 2440 758 Nam
2469 702 2753 776 Dionysius
2785 706 3013 779 scriptor
3044 706 3188 762 orbis
3217 709 3360 780 (80⁵
3375 714 3416 781 ),
3454 723 3577 783 post
3618 715 3885 787 Bithynos

2246 782 2253 787 ’
2307 798 2530 861 postque
2557 791 2751 845 ostium
2779 793 2935 848 Ponti
2977 794 3130 866 ponit
3167 795 3449 869 Bebrycas.
3493 800 3704 855 Charon
3753 804 3872 874 (ap.

2309 876 2418 931 sch.
2451 877 2626 951 Apoll.
2660 878 2763 935 nh.
2788 896 2842 946 a,
2868 879 2941 955 ο)
2971 892 3149 938 narrat
3188 885 3670 957 Lampsacenorum
3704 890 3881 960 regio·

2309 982 2430 1018 nem
2453 965 2598 1037 prius
2614 965 2921 1039 appellatam
2941 966 3097 1024 fuisse
3119 969 3429 1043 Bebryciam
3452 1013 3467 1037 ,
3501 990 3573 1027 un
3581 972 3648 1029 de
3663 975 3882 1032 ‘lucum

2310 1051 2482 1123 (Chil.
2510 1069 2558 1119 1,
2585 1051 2713 1127 840)
2741 1072 2898 1109 ausus
2915 1066 2993 1111 est
3014 1067 3180 1113 totum
3201 1056 3599 1132 Hellespontum
3616 1061 3884 1137 appellare

2307 1140 2617 1215 Bebrycium
2630 1183 2647 1211 ,
2667 1153 2720 1199 et
2743 1154 2906 1199 totam
2937 1145 3312 1219 Propontidem
3339 1148 3668 1221 Bebryciam.
3697 1150 3802 1208 Sed
3824 1163 3878 1207 et

2307 1226 2560 1301 Bithynos
2596 1229 2885 1285 accolentes
2927 1235 3220 1305 Bosporum
3258 1234 3541 1307 appellatos
3579 1234 3738 1293 fuisse
3776 1240 3879 1293 Be·

2308 1314 2524 1387 brycas,
2549 1334 2672 1372 cum
2705 1336 2770 1372 ex
2803 1318 3034 1393 Nymphi
3059 1318 3084 1358 ⁶
3119 1320 3425 1377 Heracleota
3453 1322 3736 1394 colligitur,
3769 1334 3874 1381 tra·

2307 1400 2466 1457 dente
2489 1403 2744 1477 Bithynos
2782 1405 2940 1459 etiam
2976 1406 3256 1479 appellatos
3291 1406 3451 1463 fuisse
3483 1408 3780 1483 Mygdones
3823 1422 3877 1467 et

2304 1488 2562 1563 Bebryces
2581 1492 2604 1561 <
2621 1508 2755 1564 quos
2781 1492 2968 1547 Strabo
3004 1495 3095 1565 (p.
3119 1493 3246 1565 295.
3290 1494 3429 1567 541)
3470 1494 3604 1551 dicit
3629 1507 3754 1553 ante
3777 1499 3871 1551 Bi-

2305 1574 2497 1649 thynos
2538 1578 2762 1651 Mysiam
2803 1578 3106 1647 incoluisse,
3160 1580 3415 1636 oriundos
3469 1600 3502 1637 a
3551 1583 3874 1657 Bebrycibus

2301 1664 2600 1735 Thraciae),
2654 1675 2769 1719 tum
2821 1666 3080 1739 Bithynos
3155 1668 3484 1741 Bosporanus
3537 1682 3870 1745 nuncupatos

2304 1749 2464 1805 fuisse
2495 1750 2750 1825 Bebryces
2771 1751 2940 1823 liquet
2959 1770 3025 1805 ex
3043 1754 3158 1807 aula
3181 1755 3368 1826 Amyci
3383 1754 3681 1828 Bebrycum
3710 1759 3866 1829 regis,

2303 1855 2463 1911 quam
2475 1836 2628 1912 juxta
2645 1841 2942 1915 Bosporum
2967 1840 3021 1894 in
3041 1842 3164 1896 Asia
3182 1842 3336 1896 sitam
3353 1841 3511 1898 fuisse
3527 1842 3871 1917 deprehendo

2300 1943 2367 1981 ex
2387 1924 2669 1999 Apollonio
2697 1926 2898 2001 Orphei
2941 1928 3254 2001 interprete,
3295 1946 3406 1983 non
3446 1933 3624 1985 minus
3662 1932 3869 2005 egregio

2299 2017 2778 2088 Argonauticorum
2823 2028 2980 2091 poeta
3021 2036 3180 2091 quam
3230 2018 3529 2093 geographo
3571 2038 3732 2089 vero,
3779 2024 3872 2095 qui

2295 2115 2576 2179 postquam
2602 2107 2867 2173 narravit,
2897 2106 3348 2180 quemadmodum
3383 2109 3872 2181 praeternavigarint

2295 2193 2545 2273 Cyzicum
2565 2210 2733 2265 usque
2758 2192 2825 2249 ad
2853 2194 3038 2258 Cium,
3063 2193 3258 2250 deinde
3285 2192 3502 2269 subjicit
3525 2196 3579 2267 (1
3596 2236 3613 2264 ,
3649 2196 3784 2253 1358
3806 2197 3824 2271 )
3849 2213 3865 2248 t

2415 2320 2545 2379 Νηῦν
2568 2318 2618 2369 δὲ
2636 2334 2927 2383 πανημεριην
2951 2320 3120 2383 ἄνεμος
3143 2318 3251 2385 φέρε
3267 2319 3400 2371 νυκτί
3417 2336 3468 2371 τε
3491 2320 3620 2379 πάσῃ

2415 2388 2580 2453 λάδρος
2613 2388 2880 2441 όπιπνείων·
2900 2390 3018 2457 ἀτὰρ
3043 2389 3144 2443 οὐδ’
3162 2391 3238 2441 ἐπὶ
3257 2390 3408 2441 τιτθὸν
3431 2390 3544 2451 ἄητε

2414 2460 2831 2525 ἠοῢςτελλομένης.
2856 2462 2917 2511 ot
2937 2462 2987 2511 δὲ
3004 2462 3166 2525 χθονὸς
3189 2462 3502 2525 εἰσανέχουσο.

2415 2528 2562 2589 ἀκτὴν
2589 2530 2644 2580 ἐκ
2665 2528 2862 2581 κόλποιο
2882 2530 2992 2593 μάλ’
3010 2531 3192 2595 εὐρεῖαν
3211 2532 3444 2582 ἐσιδέσθαι

2423 2599 2762 2665 φρασσάμενοι,
2784 2600 3004 2665 κώπῃσιν
3026 2600 3112 2665 ἅμ’
3125 2601 3268 2665 ἠελίῳ
3291 2600 3565 2651 ἐπέκελσαν.

2418 2668 2565 2721 Ἔνθα
2582 2671 2628 2721 δ’
2646 2670 2760 2722 ἔσαν
2788 2672 2991 2737 σταθμοί
3013 2689 3064 2723 τε
3086 2674 3212 2738 βοῶν
3233 2671 3363 2729 αὖλίς
3391 2672 3433 2721 τ’
3452 2673 3696 2736 Ἀμύκοιο,

2419 2740 2664 2805 Βεδρύκων
2685 2742 2927 2806 βασιλῆος.

2288 2842 2498 2901 Deinde
2515 2858 2795 2919 postquam
2816 2848 3065 2912 narravit,
3091 2857 3156 2903 ut
3175 2848 3361 2903 Pollux
3379 2850 3566 2904 vicerit
3583 2852 3868 2922 Amycum,

2288 2944 2343 2989 et
2385 2933 2537 2989 lauro
2578 2938 2815 2991 coronati
2861 2940 3179 3009 Argonautae
3225 2938 3548 2992 coenaverint
3564 2977 3579 3003 ,
3630 2936 3868 3009 adjungit

2292 3018 2377 3095 (α,
2415 3020 2552 3095 164)
2592 3039 2608 3077 ι

2415 3147 2570 3213 Ἦμος
2589 3148 2631 3200 δ’
2647 3150 2802 3210 ἠέλιος
2823 3150 3043 3217 δροσερὰς
3067 3151 3306 3217 ἐπέλαμψε
3323 3154 3534 3209 κολῶνας
3546 3188 3562 3215 ,

2415 3218 2470 3268 ἐκ
2492 3220 2702 3285 περάτων
2721 3221 2882 3285 ἀνιών,
2903 3222 3057 3287 ἤγειρε
3083 3222 3133 3273 δὲ
3157 3222 3505 3289 μηλοὸοτῆρας,

2414 3287 2472 3349 δὴ
2490 3288 2597 3339 τότε
2613 3288 2863 3355 λυσάμενοι
2881 3290 3044 3350 νεάτης
3061 3292 3116 3341 ἐκ
3136 3292 3377 3356 πείσματα
3397 3290 3628 3357 δάφνης...

2422 3363 2562 3423 πνοιῇ
2586 3358 2781 3418 δινήεντ’
2814 3359 2904 3409 ἀνὰ
2925 3358 3166 3425 Βόσπορον
3186 3361 3413 3412 ἰθύνοντο.

2289 3489 2416 3543 Post
2441 3485 2617 3553 addit,
2646 3498 2710 3543 ut
2736 3498 2849 3543 toto
2876 3488 2966 3544 illo
3001 3486 3090 3543 die
3115 3487 3298 3544 afflicti
3323 3489 3718 3563 tempestatibus
3746 3486 3860 3543 sue·

2286 3576 2424 3643 rint,
2453 3574 2814 3650 postridieque
2839 3576 3175 3650 pervenerint
3199 3573 3270 3631 ad
3292 3576 3612 3632 maritimam
3638 3574 3861 3631 domum

2296 3654 2610 3738 (ἀντιπέρην
2657 3656 2784 3738 γαίζνι
2829 3656 3092 3736 Βιθυνίδι)
3134 3665 3350 3731 Phinei,
3376 3676 3430 3720 et
3476 3683 3596 3737 quae
3619 3666 3849 3720 Phineus

2289 3751 2486 3807 dixerit
2512 3754 2831 3825 Argonautis
2857 3754 2881 3823 (
2895 3769 2960 3818 2,
3001 3752 3123 3824 317,
3160 3750 3304 3826 345)
3343 3769 3357 3808 ε

2411 3883 2592 3947 Πέτρας
2620 3882 2704 3947 μὶν
2725 3882 3033 3947 πάμπρωτον,
3054 3882 3392 3947 ἀφορμηθέντες
3416 3883 3546 3947 ἐμεῖο
3560 3919 3574 3945 ,

2413 3954 2627 4012 '‘m“
2654 3952 2824 4018 Μ
2849 3952 2948 4003 ⁶⁶⁰
2973 3953 3082 4011 ως
3105 3953 3614 4087 “.ῗῗῖἓξῇἕὲξῦξξ,ἳέ’

2415 4094 2653 4159 σύνδρομα
2677 4093 2892 4159 πετράων
2912 4094 3135 4154 ἀσκηθέες
3158 4094 3306 4144 ἔνδοθι
3329 4092 3516 4145 Πόντου
3531 4130 3547 4157 ,

2410 4165 2585 4217 αὐτίκα
2613 4168 2816 4217 Βιθυνῶν
2839 4165 2915 4215 ἐπὶ
2941 4165 3067 4223 δεξιὰ
3090 4168 3232 4228 γαῖαν
3251 4164 3444 4228 ἔχοντες

2411 4236 2594 4287 πλώετε
2613 4237 2837 4302 ῥηγμῖνας
2860 4236 3232 4301 πεφυλαγμένοι,
3261 4234 3444 4285 εἰσόκεν
3470 4233 3582 4284 αὖτε

2410 4307 2584 4368 Ῥήδαν
2606 4306 2820 4373 ὠκυρόην
2845 4306 3061 4372 ποταμὸν
3084 4305 3319 4358 σκόπελόν
3339 4320 3390 4356 τε
3413 4306 3638 4365 Κολώνην
3658 4303 3680 4342 7

2409 4377 2704 4443 γνάμψαντες
2724 4380 2872 4441 νήσου
2896 4378 3123 4439 Θυνηίδος
3141 4376 3285 4443 ὅρμον
3303 4377 3488 4437 ἵκησθε.

2283 4500 2365 4553 Ex
2386 4498 2472 4553 his
2493 4510 2638 4572 patet
2657 4498 2832 4555 aulam
2853 4498 3043 4554 Phinei
3062 4497 3220 4553 fuisse
3241 4498 3300 4551 in
3321 4498 3534 4569 Europa
3554 4494 3707 4567 juxta
3729 4498 3860 4553 Bos·

2284 4604 2477 4659 porum
2527 4587 2756 4641 vicinam
2795 4585 3043 4659 Cyaneis,
3083 4582 3359 4657 aulamque
3390 4584 3576 4655 Amyci
3611 4582 3769 4638 fuisse
3799 4583 3857 4636 in

2285 4676 2537 4749 Bithynia
2588 4675 2853 4732 Asiatica:
2906 4672 2998 4729 sed
3035 4692 3102 4729 an
3139 4672 3292 4746 juxta
3343 4668 3752 4744 Propontidem,
3789 4688 3858 4725 an

2286 4883 2562 4941 codicibus
2603 4886 2796 4940 nostris
2828 4884 3056 4956 legitur:
3094 4882 3247 4949 ἀκτήν
3283 4900 3337 4935 τε
3372 4879 3630 4935 Μέλαιναν
3671 4876 3860 4952 (hodie

2288 4968 2437 5019 Kam
2471 4968 2710 5020 Bourotm
2729 4963 2772 5039 ).
2798 4963 2996 5018 Colone
3029 4973 3204 5018 autem
3243 4972 3390 5034 petra
3427 4968 3752 5013 memoratur
3785 4958 3854 5013 ab

2286 5042 2462 5115 Apoll.
2488 5060 2543 5110 α,
2577 5042 2714 5110 650,
2755 5042 2844 5097 ubi
2886 5058 2900 5096 ε

2941 5164 3073 5229 Αἰψα
3097 5166 3147 5215 δε
3165 5164 3294 5225 τοίγε

2380 5237 2558 5299 Ῥήδαν
2577 5234 2790 5301 ὠκυρόην
2807 5233 3018 5299 ποταμὸν
3043 5234 3279 5285 σκόπελόν
3307 5248 3358 5283 τε
3385 5230 3606 5291 Κολώνης

2380 5310 2556 5377 Ἀκρην
2578 5309 2619 5361 δ’
2638 5308 2694 5361 οὐ
2711 5308 2828 5374 μετὰ
2851 5307 2968 5367 δηθὰ
2988 5305 3311 5372 παρεξενέοντο
3337 5304 3589 5354 Μέλαιναν.

2285 5441 2486 5494 Iterum
2516 5435 2738 5493 Colones
2761 5432 2957 5487 mentio
2982 5427 3046 5487 flt
3072 5445 3124 5497 2,
3151 5430 3277 5501 789.
