4584 6284
1910 564 2132 627 onais
2166 564 2637 629 DESCRIPTIO.

825 703 916 764 καὶ
928 701 1181 776 Τρίπολιν
1207 698 1462 781 λιπαρὴν,
1492 699 1791 779 Ὀρθωσίδα
1811 720 1868 757 τε
1891 698 2140 777 Μάραθόν
2171 723 2226 758 τε

712 812 790 851 ela
833 790 1101 862 Λαοδίκην
1131 793 1204 863 0⁸,
1230 788 1266 861 ἢ
1295 788 1466 847 κεῖται
1487 786 1572 846 ἐπ’
1600 785 1830 859 ἠιόνεσσι
1849 786 2144 862 θαλάσσης,

825 877 917 939 καὶ
945 877 1210 949 Ποσιδήια
1241 874 1370 958 ἔργα
1398 875 1492 936 καὶ
1519 874 1632 955 ἱερὰ
1657 876 1858 953 τέμπεα
1881 873 2108 955 Δάφνης,

825 957 942 1047 [ἧγ
945 963 964 1025 ί
985 987 1087 1045 περ
1114 964 1402 1045 Ἀντιόχοιο
1436 962 1710 1042 ἰπώνυμος
1738 960 2049 1044 Ἀντιόχεια.
2077 963 2100 1043 ]

827 1054 1014 1135 Αὐτὰρ
1042 1054 1117 1114 ἐνὶ
1143 1055 1400 1133 με’σσῃσιν
1427 1050 1713 1131 Ἀπαμείης
1738 1050 2036 1132 πτολίεθρον
2053 1072 2068 1088 ·
2107 1093 2118 1103 .

823 1147 918 1213 τῆς
937 1140 994 1201 δὲ
1015 1141 1146 1225 πρὸς
1163 1141 1408 1215 άντολίην
1420 1140 1772 1222 κατασύρεται
1787 1138 1938 1221 ὑγρὸς
1959 1138 2224 1218 Ὀρόντης,

704 1252 784 1291 020
833 1231 1094 1305 ἄσπετος,
1121 1228 1404 1311 Ἀντιόχοιο
1425 1230 1594 1309 μέσην
1622 1228 1708 1289 διὰ
1727 1237 1878 1307 γαῖαν
1898 1230 2102 1309 ὁρίζων.

832 1322 996 1381 Πᾶσα
1026 1317 1084 1377 δέ
1101 1341 1180 1377 τοι
1203 1319 1402 1397 λιπαρή
1424 1341 1480 1377 τε
1509 1317 1600 1377 καὶ
1621 1316 1829 1384 εὔὸοτος
1852 1320 2035 1376 ἔπλετο
2052 1316 2222 1399 χώρη,

833 1406 982 1485 μῆλά
1004 1430 1061 1466 τε
1096 1405 1414 1489 φερὸίμεναι
1443 1406 1534 1467 καὶ
1561 1406 1790 1487 δένδρεσι
1811 1428 1897 1487 11111ι
1913 1406 2010 1465 τὸν
2031 1406 2218 1475 ἀέξειν.

828 1500 942 1571 Τῖἱς
955 1499 1000 1557 δ’
1018 1496 1081 1557 ἃν
1100 1496 1226 1565 ἴδοις
1245 1496 1480 1579 προτέρω
1493 1541 1510 1571 ,
1528 1496 1826 1579 νοτιώτερον
1847 1488 1992 1575 οἶμον
2014 1497 2220 1569 ὁδεύων,

831 1585 880 1645 Ἀ
891 1584 1072 1667 ραὸίου
1098 1586 1296 1646 κόλπου
1333 1585 1570 1667 μύχατον
1595 1585 1782 1665 πόρον,
1818 1583 1938 1645 όστε
1981 1584 2182 1664 μεσηγὺ

709 1695 792 1734 925
834 1677 1048 1733 εἱλεῖται
1075 1672 1270 1754 Συρίης
1295 1697 1351 1733 τε
1381 1672 1472 1733 καὶ
1497 1672 1746 1754 Ἀραόίης
1764 1678 2060 1753 ἐρατεινῆς,

3754 582 3900 651 161,

2312 707 2571 781 Tripolim
2592 708 2841 781 pinguem
2868 717 2919 762 et
2946 708 3281 765 Orthosidem
3309 712 3717 785 Marathumque

2312 806 2363 849 et
2385 793 2649 849 Laodicen
2665 833 2682 860 ,
2717 810 2836 867 quae
2856 794 3096 850 litoribus
3112 796 3267 851 maris
3286 796 3516 870 adjacet,

2313 893 2366 937 et
2393 881 2631 938 Posideia
2657 899 2781 937 arva
2804 893 2859 938 et
2888 900 3033 938 sacra
3062 884 3309 957 Daphnes
3337 904 3553 941 nemora
3567 926 3582 952 ,

2314 971 2437 1045 [ubi
2474 970 2721 1027 Antiochi
2748 969 2817 1025 de
2842 972 3057 1025 nomine
3082 970 3221 1027 dicta
3248 973 3583 1046 Antiochia.]

2311 1062 2563 1115 Praeterea
2588 1057 2747 1114 urbes
2780 1060 2918 1113 inter
2936 1058 3337 1116 mediterraneas
3363 1071 3444 1117 est
3464 1066 3726 1136 Apamea,

2312 1146 2461 1220 cujus
2488 1144 2556 1202 ad
2574 1158 2753 1202 ortum
2775 1148 3004 1203 Orontes
3030 1145 3289 1203 delabitur
3312 1149 3566 1205 humidus

2312 1236 2730 1309 immensusque,
2771 1233 2901 1289 dum
2938 1234 3186 1290 Antiochi
3215 1234 3393 1290 sedem
3424 1236 3653 1292 mediam
3681 1237 3870 1294 dister-

2311 1325 2495 1377 Omnis
2522 1334 2600 1377 est
2620 1333 2797 1377 autem
2822 1324 2968 1394 regio
2996 1324 3204 1395 pinguis
3224 1334 3278 1377 ct
3302 1342 3513 1397 pascua,
3660 1326 3867 1399 [minat.

2312 1428 2429 1483 quie
2448 1421 2501 1465 et
2523 1428 2645 1465 oves
2674 1421 2849 1483 pascat
2870 1422 2925 1466 et
2946 1412 3195 1466 arborum
3225 1411 3425 1467 fruetus
3450 1411 3703 1487 proferat.

2312 1498 2395 1553 Ab
2418 1499 2515 1553 hac
2542 1516 2667 1553 vero
2683 1516 2988 1571 progressus
3017 1500 3203 1554 itinere
3226 1500 3389 1571 magis
3411 1501 3623 1556 australi

2316 1586 2460 1639 sinus
2485 1586 2697 1644 Arabici
2716 1596 2941 1640 tractum
2974 1586 3145 1641 videas
3168 1588 3471 1643 interiorem
3489 1630 3505 1654 ,
3549 1590 3643 1661 qui
3668 1590 3869 1644 medius

2306 1675 2509 1746 Syriam
2534 1690 2899 1746 amoenamque
2930 1674 3173 1729 Arabiam
3194 1678 3447 1731 interfluit
3461 1718 3477 1744 ,

825 1762 1002 1853 τυτθὸν
1027 1760 1360 1835 ἔπ’ἀντολιήν
1382 1760 1738 1841 τετραμμένος
1754 1805 1770 1832 ,
1787 1760 1935 1843 ἄχρις
1960 1758 2217 1821 Ἐλάνων.
2257 1784 2267 1799 ·
2305 1760 2572 1833 paululum
2598 1762 2652 1815 in
2679 1762 2937 1815 orientem
2963 1779 3243 1816 conversus
3260 1762 3327 1817 ad
3350 1764 3513 1819 Elana
3541 1782 3723 1837 usque.

664 2027 880 2097 aliisque
905 2034 1167 2079 exaratur.
1221 2024 1458 2096 Μαραθόν
1510 2027 1610 2091 Xe,
1673 2024 1935 2097 Μάρανθον
1994 2023 2072 2095 df
2093 2023 2216 2081 Ald.

669 2128 692 2155 ι
728 2105 1024 2159 Marathum
1051 2102 1326 2158 Nostcrab
1353 2104 1584 2176 antiquis
1605 2104 1826 2158 testibus
1848 2106 2048 2176 aceepit
2065 2144 2080 2170 ,
2099 2123 2220 2159 cum

663 2196 792 2239 esset
813 2182 1019 2238 dudum
1058 2200 1259 2238 eversa.
1308 2203 1332 2233 ι
1384 2184 1600 2237 Baua.
1637 2183 1773 2237 Sane
1797 2182 1986 2237 Strabo
2015 2201 2072 2256 p.
2118 2184 2216 2255 754

665 2267 822 2337 (641,
849 2264 913 2328 34
945 2260 1114 2333 Did.)
1141 2278 1156 2317 :
1186 2262 1422 2335 Μάρσους
1438 2301 1456 2330 ,
1485 2260 1628 2325 πόλις
1652 2260 1898 2316 Φοινίκων
1927 2261 2112 2334 ἀρχαία
2135 2283 2221 2317 κα-

659 2344 1000 2416 τεσπασμένηε
1035 2351 1266 2397 attamen
1294 2340 1562 2416 oppidum.
1593 2339 1758 2409 istud,
1779 2351 1967 2413 praeter
1993 2341 2222 2397 Plinium

663 2426 714 2489 5,
745 2441 842 2491 20,
873 2422 1032 2477 etiam
1051 2420 1366 2477 Ptolemaeus
1400 2420 1450 2484 5,
1497 2420 1582 2487 15,
1620 2426 1682 2475 16
1708 2439 1764 2494 p.
1795 2421 1915 2492 367,
1950 2426 2018 2487 24
2045 2421 2220 2477 wilh.

663 2510 1064 2555 commemorat.
1099 2500 1270 2555 Simili
1293 2518 1476 2555 errore
1497 2499 1687 2554 Strabo
1720 2519 1772 2573 p.
1806 2502 1906 2571 758
1926 2502 2084 2571 (646,
2117 2502 2220 2575 27)

662 2582 878 2647 Gazam,
900 2579 968 2634 ab
990 2577 1292 2634 Alexandro
1308 2578 1570 2645 dirutam,
1592 2581 1750 2634 etiam
1771 2598 1863 2633 sua
1884 2590 2033 2635 aetate
2049 2579 2224 2635 deser·

661 2669 770 2712 tam
792 2676 904 2713 esse
929 2655 1071 2711 haud
1095 2667 1237 2712 recte
1261 2655 1412 2712 dicit.
1449 2659 1472 2729 11
1502 2687 1577 2700 -
1603 2656 1729 2729 915.
1765 2658 2022 2727 Λαοδικίην
2044 2661 2154 2725 Lb,·
2179 2662 2222 2713 θ’

661 2756 771 2793 0111.
787 2736 840 2809 f
860 2734 1006 2803 Ald.;
1035 2733 1236 2803 ἦόνεσσι
1257 2740 1310 2790 D
1336 2736 1476 2803 Ald„
1507 2734 1698 2804 ἠιόνεσι
1728 2741 1844 2801 cG‚·
1865 2737 2109 2807 θαλάττης
2127 2742 2218 2797 Gt.

661 2817 878 2871 Constat
891 2815 1030 2871 hanc
1047 2814 1362 2871 Laodiceam
1377 2856 1391 2881 ,
1414 2827 1476 2871 ut
1501 2816 1568 2871 ab
1595 2814 2000 2888 'cognominibus
2017 2816 2224 2890 oppidis

658 2895 1026 2967 distinguatur,
1045 2895 1221 2949 vocari
1240 2890 1329 2959 τὴν
1353 2892 1433 2949 ἐπὶ
1463 2894 1544 2948 vel
1570 2894 1690 2965 πρὸς
1707 2894 1948 2967 θαλάσσῃ.
1975 2896 2219 2967 11-916.

655 2974 920 3042 Ποσειδήισι
941 2978 1232 3047 CHYeeoq,
1263 2972 1496 3041 Πισιδήια
1513 2974 1812 3049 Kmepw.
1850 2974 1930 3027 Cf.
1963 2974 2220 3031 Herodot.

658 3057 708 3121 3,
737 3072 801 3127 91
831 3055 850 3127 (
865 3054 1154 3122 Ποσειδηίου
1173 3052 1380 3127 πόλιος)
1400 3094 1417 3119 ,
1437 3054 1626 3109 Strabo
1651 3072 1708 3127 p.
1742 3052 1839 3123 751
1865 3063 1918 3107 et
1946 3054 2048 3123 753
2073 3057 2219 3121 (640,

657 3156 690 3206 9
723 3146 776 3189 et
803 3139 934 3200 641,
967 3134 1036 3188 30
1067 3133 1253 3189 Didot.
1290 3150 1305 3188 ε
1333 3133 1592 3187 Ποσείδιον
1624 3132 1912 3204 πολίχνη);
1943 3134 2144 3187 Plinius
2169 3135 2218 3199 5,

663 3220 724 3278 18
757 3220 788 3284 S
814 3232 920 3285 793
953 3214 1092 3269 Ptol.
1127 3212 1178 3278 5,
1217 3212 1301 3283 15,
1339 3213 1402 3266 13
1439 3231 1495 3286 p.
1530 3212 1656 3277 363,
1696 3229 1766 3268 20
1803 3210 2002 3279 Wilb.;
2039 3213 2216 3285 Steph.

659 3294 1020 3363 (Ποσείδειον).
1046 3290 1223 3345 Hodie
1239 3290 1500 3363 oppidum
1517 3290 1735 3346 Possedi
1759 3302 1996 3357 vocatur,
2020 3302 2074 3346 et
2097 3292 2221 3345 sub·

651 3370 828 3441 jacens
850 3386 1029 3423 versus
1045 3369 1324 3423 meridiem
1348 3369 1778 3441 promontorium
1807 3372 1915 3424 aas
1947 3369 1998 3424 el
2018 3370 2218 3425 Buseit.

621 3460 626 3465 '
661 3451 728 3503 Et
747 3449 1173 3523 promontorium
1185 3457 1238 3502 et
1253 3446 1514 3522 oppidum
1531 3458 1792 3503 memorat
1814 3456 2002 3502 auctor
2019 3446 2218 3503 Stadia·

664 3530 764 3583 smi
791 3532 820 3598 S
867 3531 964 3592 142
992 3529 1160 3595 (tom.
1195 3544 1245 3586 1.
1271 3544 1326 3599 p.
1358 3527 1538 3600 474),
1571 3527 1760 3581 urbem
1788 3544 1912 3580 vero
1939 3526 2045 3595 ita,
2075 3536 2137 3581 ut
2164 3538 2218 3582 et

661 3606 916 3661 Ποσείδιον
943 3614 999 3660 et
1014 3606 1314 3661 Ποσειδωνία
1332 3606 1579 3679 appellari
1599 3604 1841 3660 videatur
1869 3605 1892 3674 (
1901 3622 2020 3677 quae
2043 3605 2222 3659 incon·

663 3687 850 3742 stantia
879 3688 933 3741 in
957 3685 1248 3741 Stadiasmo
1271 3685 1633 3759 perfrequens)
1653 3727 1669 3754 ,
1691 3685 1792 3740 uisi
1811 3684 2026 3740 fortasse
2045 3684 2222 3741 Ποσεί-

663 3768 772 3821 διον
791 3765 858 3821 de
885 3766 1118 3838 Neptuni
1142 3765 1264 3820 sano
1300 3766 1356 3820 in
1383 3766 1751 3839 promontorio
1763 3766 1954 3838 posito,
1975 3766 2222 3820 Ποσειδω·

677 3846 785 3901 νίαν
807 3863 932 3900 vero
957 3845 1146 3900 urbem
1173 3843 1460 3917 intelligere
1485 3844 1654 3900 malis.
1671 3844 1933 3898 Videlicet
1949 3842 2222 3899 Stadiasmi

665 3924 810 3980 loeus
862 3925 1008 3979 hunc
1037 3926 1094 3979 in
1129 3924 1352 3979 modum
1385 3924 1728 3997 corrigendus
1763 3924 1894 3979 mihi
1947 3923 2157 3978 videtur
2203 3942 2217 3981 τ

668 4010 790 4071 142.
841 4004 950 4060 'Aah
983 4004 1273 4077 Ἡρακλείας
1299 4002 1380 4059 ἐπὶ
1417 4002 1542 4076 [τὴν
1575 4005 1728 4077 ἄκραν
1761 4000 1852 4071 τὴν
1894 4001 2006 4077 ἐπὶ]
2046 4004 2222 4057 Ποσει·

661 4088 770 4141 δίου
812 4086 830 4160 (
851 4086 1109 4140 Ποσείδιον
1159 4084 1322 4153 cod.)
1379 4084 1437 4139 τδ
1475 4082 1706 4157 ἰπίτομον
1752 4084 1940 4137 στάδιοι
1993 4082 2057 4155 ρ’.
2103 4084 2220 4149 143.

669 4166 784 4221 ’Aah
803 4165 856 4219 Bi
886 4168 974 4233 τῆς
995 4164 1145 4237 ἄκρας
1164 4166 1252 4233 τῆς
1275 4165 1396 4236 (τοῦ
1424 4162 1588 4233 cod.)
1617 4161 1698 4217 ἐπὶ
1719 4162 1970 4216 Ποσειδίου
1993 4160 2058 4225 είς
2082 4163 2224 4217 πόλιν

661 4244 993 4300 Ποσειδωνίαν
1038 4241 1272 4314 (Σιδῶνα
1312 4242 1476 4313 cod.)
1529 4242 1721 4296 στάδιοι
1773 4237 1885 4295 τ’...
1936 4243 2056 4305 144.
2115 4238 2226 4296 ’Aah

663 4323 1030 4397 Ποσειδωνίας(
1054 4322 1168 4379 ’Aut
1191 4322 1429 4387 Σιδωνίας
1451 4321 1600 4393 cod.)
1624 4321 1814 4383 πόλεως
1833 4330 1932 4377 etc.
1955 4321 1979 4392 11
2008 4349 2083 4361 —
2101 4338 2222 4391 917.

656 4399 752 4480 ᾗχι
765 4404 883 4477 πρὸς
907 4406 964 4459 C.
997 4424 1022 4455 ε
1051 4404 1282 4457 Versum
1309 4420 1470 4475 quem
1495 4401 1645 4458 exilis
1671 4419 1798 4457 sane
1814 4399 1976 4456 dictio
2003 4398 2126 4455 facit
2147 4403 2228 4455 in·

659 4492 895 4558 gratum,
925 4486 1000 4539 ita
1037 4494 1099 4537 ut
1125 4484 1394 4557 Spohnius
1426 4500 1552 4538 eum
1575 4482 1732 4539 obelo
1757 4481 2047 4548 notaverit,
2077 4492 2229 4553 poeta

659 4566 747 4621 hic
767 4581 978 4638 quoque
993 4563 1347 4619 distinctionis
1372 4579 1526 4617 causa
1553 4562 1828 4634 subjunxit
1847 4602 1862 4626 ,
1889 4578 1998 4633 quo
2024 4561 2228 4634 planius

661 4644 951 4700 Antiochiae
975 4643 1328 4699 celeberrimae
1368 4641 1501 4695 situs
1527 4638 1596 4695 ad
1637 4639 1896 4713 Daphnen
1933 4638 2227 4710 percipere-

661 4734 770 4779 tur.
799 4746 822 4775 »
853 4726 1062 4779 Banna.
1074 4722 1304 4777 Uncellis
1319 4738 1530 4775 versum
1549 4729 1733 4791 utpote
1753 4718 1996 4789 spurium
2018 4716 2224 4782 inclusi,

662 4820 822 4876 quem
840 4812 982 4857 recte
1008 4802 1260 4857 omittunt
1283 4801 1506 4857 AMNO
1525 4796 1641 4868 (sed
1657 4798 1714 4852 in
1733 4800 1784 4856 0
1808 4796 1874 4850 ad
1900 4797 2061 4850 imam
2083 4798 2228 4868 pagi·

661 4902 786 4938 nam
810 4882 1170 4955 adscribitur),
1196 4900 1368 4955 neque
1388 4881 1686 4936 Priscianus
1699 4878 2035 4949 Avienusque
2048 4874 2228 4946 legisse

665 4962 942 5031 videntur-3
970 4964 1027 5018 in
1051 4968 1095 5017 B
1110 4979 1294 5017 manus
1315 4980 1424 5017 rec.
1445 4959 1726 5033 supplevit.
1754 4956 1838 5013 Cf.
1866 4966 1980 5011 not.
2003 4956 2225 5027 801141-

659 5046 785 5112 918.
802 5041 924 5115 ἀτὰρ
941 5060 1025 5116 eq,·
1041 5042 1092 5097 iv
1110 5062 1158 5107 e,·
1171 5040 1548 5115 ἔνιμμὲσῃσιΜ,
1571 5037 1824 5111 ἔνιμμήισι
1839 5040 1903 5101 Β,
1932 5036 2136 5109 μέσῃσιν
2166 5039 2218 5099 C,

662 5123 852 5193 μέσοισι
877 5126 952 5185 D,
991 5120 1248 5194 Ἀπαμείας
1283 5130 1383 5179 Ae.
1419 5118 1552 5173 Male
1577 5138 1646 5172 πα
1673 5116 1862 5189 syllaba
1887 5112 2218 5188 producitur.

665 5222 688 5249 ε
719 5199 1022 5255 Dodweilus
1045 5202 1128 5255 De
1143 5200 1398 5272 Dionysio
1419 5216 1475 5271 p.
1495 5200 1562 5263 44
1588 5196 1732 5252 hune
1743 5212 1971 5260 versum,
1989 5194 2222 5247 Hearnio

657 5289 805 5345 teste,
829 5276 1010 5353 prodit
1031 5282 1086 5334 in
1106 5281 1324 5335 Baroce.
1354 5281 1422 5349 78
1445 5276 1691 5332 asterisco
1713 5274 1880 5331 notari
1899 5314 1916 5341 ,
1936 5273 2082 5328 hunc
2099 5289 2222 5326 cum

659 5360 890 5431 quinque
907 5360 1174 5413 continuis
1193 5358 1456 5414 Laudensi
1476 5358 1538 5412 C.
1565 5357 1626 5412 31
1649 5355 1898 5427 margini,
1922 5351 2014 5407 sed
2033 5351 2218 5406 eadem

665 5455 822 5491 uranu
849 5436 1170 5510 adscriptos,
1212 5436 1424 5491 tandem
1451 5436 1571 5490 cod.
1604 5438 1716 5490 NF..
1751 5453 1804 5490 2.
1859 5438 1941 5487 16.
1975 5431 2132 5485 etiam
2166 5449 2216 5485 ν.

879 5542 1040 5579 0800!-
1068 5544 1120 5579 ΙΙ.

2314 2042 2415 2097 917
2450 2044 2521 2081 m.
2568 2044 2671 2081 ree.
2704 2025 2757 2078 in
2790 2026 3079 2095 marginem
3119 2021 3389 2095 rejectum.
3420 2052 3443 2072 ι
3478 2028 3692 2081 Banna.
3742 2031 3765 2101 11
3796 2061 3870 2073 --

2316 2122 2446 2175 9¹9·
2488 2103 2751 2177 Ὀρρόντης
2776 2108 2879 2171 Do,
2919 2104 3174 2176 Ὀρρόντος
3201 2110 3253 2157 C.
3291 2107 3521 2160 Orontea
3541 2106 3609 2159 ab
3638 2111 3867 2181 Apamea

2314 2203 2422 2238 11011
2458 2202 2637 2238 versus
2664 2194 2839 2237 ortum
2868 2193 2969 2248 est,
3002 2183 3092 2237 sed
3116 2202 3357 2237 occasum
3385 2202 3585 2239 versus.
3616 2188 3867 2243 Errorcm

2313 2266 2456 2319 hunc
2476 2276 2565 2319 aut
2594 2282 2699 2318 11011
2726 2264 3046 2317 commisisse
3078 2264 3361 2334 Dionysius
3387 2275 3477 2318 aut
3498 2265 3681 2321 tollere
3703 2269 3867 2324 inter·

2312 2345 2536 2419 polando
2556 2342 2771 2417 quidam
2793 2342 3014 2397 voluisse
3031 2341 3195 2397 videri
3212 2354 3400 2415 potest.
3422 2346 3573 2399 Certe
3590 2346 3688 2401 alia
3708 2366 3867 2421 quam

2312 2443 2409 2480 nos
2424 2424 2535 2497 jam
2560 2425 2779 2497 legimus
2808 2433 2861 2477 et
2891 2421 3183 2477 Priscianus
3223 2426 3507 2496 expressit,
3546 2436 3599 2479 et
3636 2428 3867 2483 Avienus

2313 2519 2365 2562 et
2380 2507 2669 2580 Stephanus
2689 2506 2814 2577 Byz.
2846 2506 2900 2557 in
2930 2504 3035 2557 suis
3060 2514 3226 2575 poetoe
3252 2504 3635 2575 exemplaribus
3662 2525 3869 2579 repere-

2312 2597 2456 2643 runt.
2488 2590 2731 2656 Quorum
2754 2585 2983 2639 Avienus
3012 2600 3085 2637 vs.
3122 2587 3255 2639 1082

2460 2690 2594 2744 Urbs
2610 2686 2797 2742 mediis
2813 2689 3051 2761 Apamea
3072 2684 3253 2740 dehinc
3273 2686 3519 2741 consistit
3544 2686 3599 2741 in
3622 2690 3793 2752 arvis,

2456 2781 2507 2823 et
2529 2787 2635 2841 qua
2662 2766 2933 2824 Phoebeum
2954 2764 3144 2839 procul
3169 2763 3487 2819 incunabula
3504 2766 3668 2821 lucem

2455 2849 2635 2922 prima
2648 2845 2868 2916 fovent,
2890 2848 3108 2899 Emesus
3116 2842 3355 2914 fastigia
3378 2844 3517 2899 celsa
3547 2845 3747 2901 renidet
3776 2867 3795 2899 .-

2456 2948 2577 2983 nam
2608 2926 2819 2997 diffusa
2848 2925 2959 2979 solo
2988 2924 3129 2979 latus
3150 2923 3415 2996 explicat,
3443 2943 3509 2979 ac
3527 2926 3678 2980 subit
3706 2946 3869 2983 aceras

2458 3008 2693 3063 turribus
2726 3006 2780 3059 in
2807 3005 2989 3059 coelttm
3016 3002 3302 3057 nitentibus
3331 3024 3351 3058 .-
3374 3004 3545 3057 incola
3563 3006 3729 3060 elaris

2454 3107 2545 3143 cor
2556 3085 2757 3143 studiis
2780 3084 2957 3148 acuit,
2972 3082 3067 3138 sed
3088 3095 3139 3136 et
3164 3083 3396 3156 amplius
3422 3083 3612 3138 imbuit
3636 3086 3798 3151 onio,-

2454 3167 2672 3241 denique
2690 3164 3045 3235 flantmicomo
3064 3161 3249 3227 devoti*
3254 3173 3472 3236 pectora
3496 3163 3605 3217 Soli
3738 3165 3861 3236 [gen

2454 3250 2625 3303 vitam
2652 3247 2866 3314 agitant
2882 3267 2904 3308 ‚-
2929 3242 3161 3299 Libanus
3168 3240 3433 3311 frondosa
3453 3242 3728 3297 cacuneina
3755 3254 3867 3299 tm·-

2449 3340 2501 3382 et
2527 3340 2700 3381 tamen
2721 3322 2807 3377 lais
2826 3320 2954 3376 celsi
2974 3331 3176 3375 certant
3190 3318 3433 3388 fastigia
3460 3319 3657 3393 templi.

2453 3407 2559 3463 Hic
2584 3423 2639 3459 se
2668 3400 2986 3473 inditjuxta
3022 3397 3269 3455 Tellurem
3288 3396 3510 3465 glateeus
3534 3400 3756 3451 Orontes
3776 3438 3791 3461 ,

2451 3503 2541 3539 nec
2554 3480 2750 3559 pmcn!
2769 3476 3025 3535 Antiochi
3041 3493 3209 3544 vagus
3237 3474 3579 3529 interlabitur
3597 3475 3791 3541 urbem,

2438 3558 2875 3637 preestrin5⁷itque
2900 3552 3057 3609 tendis·
3078 3555 3361 3627 Apamena·
3377 3553 3561 3621 [ugera
3578 3552 3759 3620 glehoe.

2312 3683 2392 3735 Ex
2424 3678 2505 3733 his
2545 3691 2670 3729 vero
2692 3688 2811 3745 quae
2832 3668 2900 3725 ad
2938 3670 3178 3723 Emesam
3208 3666 3493 3739 pertinent,
3522 3664 3727 3719 etiamsi
3752 3666 3870 3739 plu-

2312 3761 2443 3815 rima
2461 3798 2476 3821 ‚
2504 3772 2615 3810 non
2641 3752 2820 3806 omnia
2844 3760 3020 3805 tamen
3052 3746 3239 3803 Avieni
3266 3746 3477 3817 ingenio
3504 3743 3681 3798 deberi
3697 3784 3712 3809 ‚
3742 3764 3869 3819 pm-

2313 3838 2465 3891 batur
2492 3834 2609 3888 loeo
2644 3827 2893 3901 Stephani
2928 3843 2943 3881 2
2968 3824 3222 3897 Ἔμισα...
3251 3822 3498 3886 Διονῦσιος
3522 3821 3576 3877 δί
3603 3822 3632 3876 ὁ
3666 3822 3869 3892 ποιητὴς

2314 3912 2583 3969 συνέστειλε
2610 3910 2667 3965 τὶ)
2689 3906 2725 3961 ι’
2746 3906 2866 3979 φησὶ
2882 3907 2998 3977 γάρ·
3032 3926 3056 3955 ε
3086 3906 3173 3971 τῆς
3196 3902 3250 3957 δὲ
3275 3900 3393 3974 πρὸς
3419 3900 3654 3969 ἀντολίην
3699 3900 3869 3973 (invto.

2314 3995 2423 4061 λίης
2460 3990 2652 4063 codd.)
2702 3986 2921 4059 Ἐμίσων
2966 3983 3110 4039 πόλιν
3142 3998 3187 4033 ·»
3205 4022 3221 4049 ,
3258 3980 3347 4035 καὶ
3402 3980 3531 4035 ἔοικε
3578 3980 3763 4035 κλίνειν
3806 3980 3869 4035 τὲ

2318 4074 2520 4146 Ἔρωσι.
2562 4072 2801 4125 Fortasse
2827 4067 2883 4121 in
2911 4064 3011 4119 hac
3046 4062 3351 4117 recensione
3374 4060 3646 4131 legebatur
3688 4060 3787 4127 Τῆς
3816 4060 3867 4113 δὲ

2316 4156 2432 4228 πρὸς
2470 4150 2701 4218 ἆντολίην
2750 4144 2967 4219 Ἐμίσων
2994 4142 3138 4199 πόλιν
3181 4140 3328 4214 ὖγρδς
3372 4138 3607 4212 Ὀρόντης
3628 4137 3833 4209 Παρρέει
3850 4177 3867 4203 ,

2322 4234 2592 4305 ’Δντιόχοιο
2603 4240 2729 4293 etc„
2750 4225 2841 4281 sed
2856 4224 2969 4279 fieri
2990 4222 3142 4278 etiam
3156 4230 3327 4295 potest
3344 4230 3407 4274 ut
3423 4218 3581 4272 verba
3594 4216 3662 4271 ad
3684 4218 3871 4271 Avieni

2317 4308 2795 4385 interpretationem
2839 4306 3059 4379 propius
3106 4302 3438 4357 accesserint.
3482 4296 3565 4354 Cf.
3618 4297 3869 4369 Prolego·

2320 4410 2491 4448 mena.
2528 4392 2551 4462 11
2576 4420 2646 4431 -
2663 4403 2799 4459 920.
2826 4386 2977 4459 μέσην
3001 4400 3111 4437 0111.
3134 4380 3235 4446 Lb,
3268 4381 3449 4454 μέσσην
3471 4381 3563 4435 'Xe
3604 4386 3656 4431 et
3675 4394 3759 4450 pr.
3790 4395 3866 4431 m.

2317 4471 2373 4527 d.
2409 4474 2432 4545 11
2456 4502 2531 4515 -
2548 4486 2684 4543 921.·
2696 4466 2861 4538 πᾶσα]
2885 4462 3003 4519 tvo«
3029 4461 3141 4526 Klt,·
3170 4459 3331 4524 εὸοτος
3350 4459 3433 4523 be;
3455 4458 3598 4531 χώρα
3620 4474 3673 4523 ⁸3
3696 4456 3873 4511 ἶπλετο

2318 4553 2477 4624 χθόνα
2498 4554 2566 4606 G.
2602 4550 2626 4621 11
2656 4578 2729 4589 -
2763 4562 2887 4617 922.
2924 4542 3211 4616 φορὸίμεναι
3238 4542 3461 4615 QUcoq,·
3506 4536 3705 4607 δένδρεα
3743 4536 3870 4603 Bck,

2318 4634 2489 4705 δένδρα
2513 4635 2587 4687 D.
2614 4632 2639 4703 11
2668 4658 2742 4671 -
2768 4624 2989 4698 923-25.
3020 4620 3225 4677 Laudat
3245 4618 3536 4691 Stephanus
3564 4634 3616 4671 ν.
3656 4612 3868 4687 Ἀραδίοι.

2318 4744 2388 4755 -
2414 4710 2521 4787 ἴδῃς
2546 4710 2711 4767 HLX
2731 4716 2785 4761 et
2805 4723 2889 4778 pr.
2922 4721 2997 4757 m.
3026 4706 3077 4757 E
3102 4710 3155 4755 et
3177 4697 3425 4771 Stephani
3453 4693 3574 4751 cod.
3612 4693 3870 4764 Rhcdige-

2319 4809 2504 4857 ranus3
2529 4788 2714 4859 ποτέρω
2735 4783 2801 4849 d,·
2823 4783 3003 4837 νοτιότ.
3029 4782 3106 4843 Χ,·
3134 4777 3331 4839 ὁδεύσας
3356 4780 3429 4831 A.
3454 4775 3476 4845 11
3499 4804 3549 4815 ·-
3590 4776 3715 4845 924.
3744 4770 3873 4845 Ἆρα-

2318 4872 2423 4925 ὅίου
2445 4868 2713 4942 stephan„
2738 4860 2983 4935 Ἀρραὸίου
2999 4856 3265 4922 ΕΟΚΜῇ,
3294 4854 3573 4928 Ἀρραδυιοῦ
3590 4861 3736 4918 cett.;
3754 4851 3871 4905 κόλ·

2316 4950 2442 5023 που]
2480 4949 2684 5003 κόλποιο
2712 4948 2791 5007 Κ,
2832 4940 3011 4997 πόντου
3048 4938 3184 5001 wa,
3220 4954 3303 5009 γρ.
3334 4934 3521 4989 κόλπου
3550 4941 3663 4987 not.
3714 4931 3769 4985 in
3809 4950 3836 4985 e
3847 4956 3871 4995 ;

2317 5031 2539 5103 μύχατον
2562 5046 2651 5083 0111
2664 5065 2677 5079 .
2716 5028 2789 5089 Η,
2836 5019 3119 5095 μυμῦχατον
3142 5020 3213 5080 Ε,
3238 5013 3331 5069 sed
3356 5031 3511 5086 supra
3545 5008 3868 5083 μυχαίτατον,

2316 5108 2459 5181 quod
2498 5107 2658 5163 habet
2696 5102 2826 5168 Κείς
2863 5099 3080 5173 πύματον
3118 5093 3393 5166 Xbeimqw
3424 5108 3549 5163 mgo
3580 5095 3657 5154 Υ,
3694 5090 3867 5181 πόρον]

2314 5190 2427 5261 ῥόον
2446 5186 2626 5260 Stcph.
2648 5186 2797 5256 Byz.;
2815 5178 3030 5254 μεσηγὺς
3041 5176 3252 5239 Ama,
3281 5172 3526 5245 μεσσηγὺς
3545 5187 3623 5232 σο,
3646 5186 3868 5239 μεσσηγυ

2318 5272 2418 5341 Dq.
2448 5267 2559 5338 11-
2579 5263 2704 5337 925.
2726 5280 2781 5316 τε
2803 5278 2910 5315 0111.
2943 5262 3112 5330 LGeq.
3148 5253 3365 5327 Ἆραὸίης
3382 5254 3483 5307 FH
3499 5248 3705 5321 Steph„
3742 5245 3865 5318 Ἆρρ.

2313 5357 2458 5411 cett.;
2488 5343 2659 5415 ἕρστῆς
2681 5340 2838 5397 codd.
2867 5337 3043 5411 Steph.
3067 5338 3189 5408 Byz.
3221 5334 3245 5405 11
3272 5362 3345 5375 -
3367 5336 3493 5401 926.
3518 5327 3746 5395 ἂντολίης
3764 5330 3870 5389 Ec,-

2315 5426 2485 5499 ἄχρις]
2514 5424 2663 5497 άγχις
2700 5427 2760 5486 Β,
2786 5421 2909 5491 ἄγχι
2945 5416 3085 5488 COfh
3100 5413 3244 5480 Ald.;
3267 5412 3356 5483 ἅχι
3377 5415 3459 5477 Μ,
3480 5409 3599 5479 ἄχρι
3630 5410 3725 5461 ΥΕ
3745 5403 3869 5471 altu

3683 5524 3728 5567 Η
