4584 6284
1836 502 1939 567 AN
1946 506 2189 569 APLUS
2230 508 2556 573 BosPom
2600 512 2947 575 THRACll.
3911 542 3977 595 σι

1442 634 1539 695 Fr·
1584 644 1683 697 51.

838 780 967 832 Post
982 819 997 843 ,
1054 776 1229 848 inquit
1248 817 1264 843 ,
1324 774 1606 847 Myrileum
1667 785 1745 829 est
1807 776 2022 830 Licmas
2035 817 2050 841 ,
2094 776 2336 847 forsitan

762 862 1068 919 nominatas
1097 862 1214 919 sive
1243 882 1311 917 ex
1339 881 1423 929 eo,
1468 861 1611 936 quod
1628 860 1703 917 ad
1733 860 2135 919 similitudinem
2173 884 2333 920 cuna-

764 970 883 1006 rum
904 968 1161 1007 concavus
1200 949 1303 1015 sit,
1344 950 1461 1005 sive
1485 968 1551 1003 ea:
1572 968 1655 1015 eo,
1699 948 1843 1024 quod
1881 950 2161 1006 secundam
2198 949 2334 1008 imas

756 1058 891 1096 suas
908 1051 1096 1115 partes
1126 1038 1355 1113 undique
1378 1057 1531 1095 secam
1561 1040 1854 1113 projectam
1882 1038 2217 1095 eminentiam
2246 1042 2332 1097 di·

762 1127 925 1185 latae.
956 1126 1129 1200 Apud
1150 1128 1288 1182 lianc
1308 1126 1473 1183 Iocum
1504 1138 1583 1182 est
1604 1125 1755 1183 collis
1771 1144 1961 1183 saxeas
1997 1142 2330 1203 nuncupatus

765 1212 1054 1287 Gypopolis
1070 1255 1087 1278 ,
1137 1232 1408 1283 cognomen
1449 1213 1671 1287 adeptas
1726 1212 1841 1268 sive
1890 1214 1961 1268 ab
2002 1213 2330 1271 immanitate

773 1299 1033 1355 7711·αοίσο
1077 1310 1126 1354 ee
1156 1298 1382 1355 barbara
1407 1299 1700 1374 agrestique
1727 1298 1915 1369 (aiant
1938 1299 2077 1355 enim
2116 1300 2203 1357 hic
2234 1302 2328 1357 ha·

762 1387 963 1442 hitasse
1006 1387 1203 1442 Phineo
1236 1388 1494 1459 subjectos
1532 1386 1839 1443 crudelitate
1865 1387 2164 1461 plurimam
2196 1390 2322 1445 emi-

762 1472 993 1547 nentes),
1019 1473 1071 1529 si
1077 1492 1133 1529 ve
1174 1472 1333 1529 etiam
1368 1472 1666 1548 appellatus
1705 1485 1783 1529 est
1833 1474 2119 1548 Gypopolis
2157 1494 2223 1529 ex
2268 1496 2325 1532 eo

762 1557 905 1631 quod
945 1558 1172 1614 vultures
1210 1558 1507 1633 frequentes
1544 1557 1694 1635 apud
1736 1561 1872 1615 lamo
1916 1561 2083 1615 Iocum
2122 1565 2324 1619 versari

756 1644 1041 1713 gaudeant.

829 1732 955 1784 Haec
978 1728 1192 1803 quidem
1220 1730 1525 1801 Dionysius.
1556 1734 1735 1785 Posset
1776 1732 1901 1785 item
1937 1732 2183 1805 appellari
2209 1736 2316 1807 Gy-

756 1826 955 1899 papolis
978 1844 1071 1899 per
1096 1824 1247 1898 alpha
1268 1816 1371 1877 ἅπὸ
1392 1820 1497 1876 τῶν
1524 1821 1701 1894 γυπῶν
1714 1818 1875 1897 ἤγουν
1895 1822 1997 1877 τῶν
2018 1821 2314 1891 σπηλαίων.

752 1914 893 1968 Num
914 1930 1038 1968 vero
1066 1913 1181 1969 haeo
1202 1931 1270 1967 an
1288 1912 1387 1969 alia
1416 1912 1657 1985 quaedam
1688 1915 1857 1969 vicina
1882 1914 2042 1969 suerit
2070 1914 2186 1970 aula
2210 1916 2313 1983 illa,

748 1998 1017 2056 demutata
1042 1999 1258 2074 quidem
1290 2002 1499 2075 scriptis
1524 2000 1813 2057 multorum
1832 2004 2195 2075 antiquorum,
2218 2003 2318 2060 sed

744 2088 1031 2143 recentium
1071 2088 1313 2142 omnium
1338 2087 1669 2159 ignoratione
1709 2088 2019 2157 obscurata,
2052 2088 2119 2144 ad
2156 2110 2315 2165 quam

743 2174 975 2231 Phineus
999 2177 1245 2230 iasonem
1273 2184 1581 2247 ceterosque
1606 2180 1936 2246 Argonautas
1968 2178 2176 2250 excepit
2205 2194 2219 2232 z
2246 2197 2310 2233 ex

742 2260 826 2316 his
846 2280 963 2335 quae
986 2278 1145 2333 quarn
1162 2279 1289 2315 mox
1310 2258 1717 2332 subjungentur,
1743 2259 2015 2333 conjicito.
2049 2264 2312 2336 Asclepia-

743 2347 835 2404 des
859 2349 1073 2423 quidem
1098 2360 1153 2403 et
1186 2348 1449 2422 Didymus
1476 2359 1692 2403 narrant
1708 2352 1953 2403 Jasonem
1976 2351 2308 2420 navigantem

742 2434 811 2489 ad
834 2435 1089 2501 Colchos,
1118 2454 1243 2489 cum
1263 2436 1488 2489 venisset
1516 2434 1581 2488 ad
1616 2437 1881 2505 regionem
1922 2435 2305 2507 Bithynorum,

740 2526 1019 2594 exceptum
1046 2522 1203 2575 fuisse
1228 2540 1258 2574 a
1282 2520 1485 2576 Phineo
1512 2521 1565 2574 iu
1586 2538 1735 2575 suam
1766 2520 1956 2575 aulam.
1978 2520 2080 2575 Sed
2110 2520 2223 2575 haec
2243 2541 2310 2576 an

740 2606 903 2663 fuerit
930 2609 985 2663 in
1017 2608 1165 2675 Asia,
1209 2626 1277 2662 an
1308 2611 1365 2661 in
1396 2610 1611 2680 Europa
1629 2649 1645 2675 ,
1688 2606 1851 2663 dubia
1880 2608 2089 2663 videtur
2115 2626 2179 2662 ex
2214 2626 2308 2663 au-

736 2696 971 2750 ctoribus
998 2693 1265 2767 duplicem
1289 2694 1620 2749 tradentibus
1640 2694 1940 2767 Bithyniam
1958 2736 1973 2761 ,
2008 2712 2169 2750 unam
2194 2696 2306 2750 Eu-

734 2801 959 2855 ropaeam
988 2782 1129 2837 cirea
1164 2782 1551 2855 Salmydessum
1588 2783 1643 2837 in
1687 2784 1913 2839 Thracia
1941 2784 2300 2851 constitutam,

726 2870 945 2925 alteram
971 2870 1251 2925 Asiaticam
1270 2910 1287 2936 ‚
1319 2870 1687 2943 Phineumque
1713 2871 1965 2925 omnibus
1986 2870 2300 2939 Thracibus,

728 2956 883 3011 etiam
908 2956 1150 3012 Asiaticis
1174 2968 1193 2993 ²
1217 2957 1535 3029 nuncupatis
1564 2957 1833 3028 Bithynis,
1864 2958 2176 3029 imperasse;
2206 2976 2303 3013 nce

725 3043 949 3099 dubium
975 3043 1193 3110 tollunt,
1225 3044 1513 3099 scribentes
1556 3044 1819 3099 Phineum
1858 3044 2118 3098 habitasse
2162 3046 2299 3100 εἰναι

724 3130 1103 3205 Salmydessum
1118 3171 1133 3198 ,
1167 3130 1613 3203 Phinopolimque
1634 3130 1793 3185 fuisse
1828 3131 1966 3185 inter
2001 3130 2294 3205 Salmydes-

726 3236 841 3273 sum
863 3230 917 3273 et
944 3220 1197 3291 Cyaneas.
1220 3218 1379 3271 Unde
1396 3218 1715 3289 quibusdam
1744 3220 1863 3273 aula
1880 3218 2041 3273 fuisse
2066 3218 2289 3285 videtur,

724 3308 781 3360 in
810 3323 912 3379 qua
928 3307 1159 3361 Phineus
1182 3306 1388 3377 excepit
1413 3308 1679 3371 Jasonem,
1714 3317 1777 3360 ut
1794 3306 1925 3361 mihi
1952 3306 2112 3361 etiam
2144 3304 2285 3360 vide·

724 3404 888 3459 retur,
934 3393 1034 3447 nisi
1068 3403 1216 3448 extra
1256 3395 1555 3465 Bosporum
1597 3393 1665 3448 ab
1707 3394 1955 3448 omnibus
1981 3393 2289 3465 geographis

720 3483 1159 3548 constitueretur3
1184 3491 1402 3554 excepto
1440 3480 1660 3536 sortasse
1689 3482 1891 3550 Plinio,
1925 3481 2019 3552 qui
2042 3499 2165 3535 eum
2190 3480 2276 3554 (5,

2431 641 2518 709 32,
2545 646 2635 711 43,
2664 646 2694 713 S
2727 645 2858 716 150)
2887 650 3204 705 constituere
3233 650 3440 708 videtur
3473 656 3612 712 intra
3653 660 3986 733 Bosporum,

2428 746 2550 784 cum
2577 732 2651 785 ait
2693 751 2707 787 ε
2740 731 2872 787 Iade
2891 732 3084 802 fauces
3099 736 3323 813 primae,
3365 741 3458 795 abi
3483 743 3795 819 Phinopolis
3835 750 3990 824 oppi-

2427 814 2728 887 dumsuiffi.
2751 817 2854 873 Sed
2875 819 2978 875 alio
2997 819 3114 877 loco
3133 825 3217 893 (1.,
3251 842 3310 879 11
3330 865 3346 891 ‚
3381 830 3464 895 18,
3495 830 3648 905 545)
3673 850 3851 889 secum
3879 836 3990 893 dis-

2425 906 2609 971 sentit,
2633 926 2754 963 cum
2779 926 2928 963 oram
2946 909 3225 969 Thraciam
3251 914 3512 989 inceptam
3539 918 3607 973 ab
3623 921 3743 975 Istri
3758 926 3904 979 ostiis
3921 927 3990 982 ad

2423 994 2716 1066 Bosporum
2735 1013 3050 1069 persequens
3071 1010 3248 1054 narrat
3269 1001 3521 1074 1713·an
3542 1046 3556 1069 ‚
3582 1007 3982 1079 Salmydessum,

2423 1082 2673 1138 Deaelton
2689 1125 2704 1150 ,
2748 1082 3066 1160 Phinopolim
3093 1088 3262 1159 juxta
3301 1108 3459 1162 qnam
3486 1095 3747 1167 Bosporus
3761 1118 3782 1159 ‚·
3809 1099 3911 1153 sed
3949 1118 3986 1154 a

2423 1173 2648 1245 Bosporo
2668 1170 2820 1226 sinus
2845 1172 3122 1229 Lasthenes
3136 1196 3159 1239 ,·
3197 1192 3305 1247 quo
3335 1176 3550 1249 quidem
3585 1180 3775 1238 ordine
3797 1187 3986 1243 verbo-

2421 1276 2540 1313 rum
2587 1260 2819 1316 excludit
2867 1280 2900 1316 a
2946 1263 3184 1336 Bosporo
3225 1265 3558 1340 Phinopolin.
3621 1271 3981 1339 Quamobrem

2417 1344 2720 1420 Phinopolis
2741 1358 2890 1403 extra
2911 1350 3206 1423 Bosporum
3232 1353 3330 1407 sita
3362 1371 3468 1408 non
3497 1354 3600 1410 suit
3621 1357 3740 1411 aula
3771 1358 3978 1431 Phinei,

2417 1434 2470 1487 in
2494 1451 2599 1506 qua
2637 1436 2840 1509 excepit
2873 1438 3120 1492 Jasonem
3153 1439 3450 1497 Phineus&
3479 1442 3614 1497 Nam
3649 1446 3692 1499 si
3723 1464 3888 1520 usque
3911 1448 3982 1505 ad

2414 1520 2748 1595 Phinopolim
2766 1526 2926 1579 Jason
2951 1526 3268 1598 navigasset,
3291 1526 3402 1599 jam
3423 1540 3818 1603 praetergressus
3845 1537 3980 1610 Cya-

2415 1627 2536 1663 neas
2550 1648 2567 1676 ,
2603 1628 2710 1665 non
2740 1628 2949 1667 necesse
2983 1612 3247 1669 habuisset
3279 1627 3456 1688 petere
3480 1620 3760 1675 consilium
3785 1641 3815 1678 a
3850 1625 3978 1680 Phi·

2415 1716 2541 1761 neo,
2570 1718 2673 1771 qua
2703 1700 2906 1755 ratione
2937 1702 3166 1773 Cyaneas
3203 1706 3511 1775 praeteriret.
3557 1710 3760 1763 Verum
3801 1711 3975 1769 aulam

2411 1784 2594 1841 Phinei
2623 1785 2784 1841 fuisse
2804 1792 2956 1859 Juxta
2987 1790 3285 1863 Bosporum
3305 1792 3442 1847 inter
3469 1796 3700 1867 Cyaneas
3731 1798 3976 1873 interque

2409 1872 2576 1926 aulam
2597 1874 2780 1947 Amyci
2807 1874 3102 1948 Bebrycum
3123 1878 3256 1949 regis
3273 1918 3289 1943 ,
3313 1897 3343 1933 a
3365 1883 3578 1936 nemine
3603 1884 3796 1939 certius
3818 1887 3973 1945 intel-

2409 1960 2564 2031 ligere
2589 1980 2867 2035 possumus
2905 1982 3064 2037 quam
3087 1965 3160 2020 ob
3194 1966 3410 2041 Orpheo
3449 1970 3846 2045 antiquissimo,
3873 1978 3972 2051 qui

2407 2068 2544 2105 unus
2568 2070 2634 2106 ex
2654 2054 2970 2124 Argonautis
2997 2052 3125 2120 fuit,
3162 2073 3192 2109 a
3228 2073 3338 2127 quo
3359 2074 3542 2112 omnes
3559 2057 3862 2117 didicerunt
3881 2105 3898 2128 ,
3923 2064 3972 2118 si

2405 2136 2532 2209 quid
2560 2138 2668 2192 veri
2695 2137 2764 2193 de
2782 2139 2898 2194 aula
2926 2140 3110 2195 Phinei
3145 2142 3469 2215 seripserunt
3493 2160 3510 2201 ε
3549 2163 3733 2200 verum
3768 2148 3823 2202 in
3863 2167 3969 2223 qua

2405 2236 2550 2297 parte
2576 2228 2828 2300 Bospori,
2861 2228 3143 2300 intelligere
3177 2248 3284 2283 non
3325 2248 3638 2303 possumus,
3674 2236 3776 2290 nisi
3818 2237 3968 2309 prius

2404 2314 2804 2384 cognoverimus
2819 2355 2836 2381 ,
2862 2316 2957 2369 ubi
2983 2314 3142 2370 suerit
3160 2316 3278 2372 aula
3297 2319 3506 2391 Amyci.
3529 2322 3794 2396 Utrasque
3814 2322 3967 2395 juxta

2403 2402 2696 2474 Bosporum
2713 2441 2740 2467 ,‚
2757 2400 2896 2456 illam
2920 2404 2974 2457 in
3001 2404 3244 2475 Europa,
3281 2403 3420 2460 hanc
3455 2407 3511 2460 in
3541 2409 3664 2462 Asia
3708 2407 3868 2465 fuisse
3897 2430 3963 2467 ex

2402 2487 2616 2559 Orpheo
2637 2497 2691 2541 et
2707 2488 2986 2561 Apollonio
3003 2491 3206 2561 assequi
3229 2492 3484 2563 potuisset
3518 2493 3722 2549 Plinius
3748 2506 3799 2551 et
3829 2498 3963 2551 Her-

2404 2572 2629 2637 molaus,
2654 2572 2698 2627 si
2747 2572 3018 2644 diligenter
3055 2584 3304 2647 utrosque
3335 2578 3715 2650 perpendisset.
3749 2584 3960 2638 Etenim

2401 2659 2642 2732 Orpheus
2669 2660 2742 2713 ait
2776 2663 3098 2730 Argonautas
3115 2700 3132 2726 ,
3160 2680 3284 2717 cum
3309 2667 3826 2737 praeternavigassent
3857 2670 3962 2742 Cy-

2401 2747 2570 2801 zicum
2587 2756 2642 2800 ct
2659 2745 3004 2819 Rhyndacum
3017 2786 3034 2812 ‚
3067 2749 3267 2803 venisse
3289 2748 3354 2803 ad
3375 2751 3530 2805 Cium
3543 2791 3560 2817 ,
3584 2752 3760 2809 locum
3795 2756 3954 2811 situm

2391 2834 2542 2907 juxta
2559 2834 2961 2908 Propontidem3
2989 2834 3111 2889 inde
3129 2846 3240 2889 tum
3267 2836 3478 2893 solvisse
3511 2844 3658 2911 (Arg.
3681 2842 3808 2911 652)
3833 2862 3846 2899 :

2517 2993 2671 3056 Αὐτὰρ
2693 2995 2739 3043 οἱ
2759 2992 2964 3056 μεσᾶτην
2987 2994 3058 3053 ἠῶ
3075 2994 3208 3059 φέρον
3222 2994 3366 3051 ὠκέες
3382 2995 3516 3045 ἵπποι

2515 3064 2717 3124 Ἠελίου,
2742 3066 2958 3127 κραιπνὸς
2977 3065 3018 3113 δ’
3036 3065 3082 3121 ἐξ
3099 3066 3252 3129 οὔρεος
3273 3066 3428 3115 ἔπνεεν
3451 3066 3604 3132 οὖρος,

2511 3134 2558 3182 ἐν
2581 3133 2624 3184 δ’
2645 3134 2776 3185 ἔπειτ’
2793 3135 3026 3199 ἀργενναῖς
3050 3135 3244 3191 ὀθόναις.
3275 3138 3415 3197 Τῖφυς
3437 3138 3477 3186 δ’
3496 3139 3710 3201 ἐγεγώνει

2511 3206 2618 3262 νηὸς
2643 3204 2739 3253 ἔσω
2758 3204 2956 3269 περάαν,
2983 3206 3102 3261 θινὸς
3125 3205 3169 3254 δ’
3195 3206 3249 3254 ἐκ
3269 3206 3509 3267 πείσματα
3531 3209 3653 3257 λύειν
3667 3223 3678 3235 ·

2511 3276 2555 3321 οἱ
2579 3275 2628 3323 δὲ
2655 3275 2983 3337 κυδερνητῆρος
3004 3272 3318 3337 ἐφημοσύνῃσι
3353 3276 3539 3325 πίθοντο
3545 3312 3640 3325 .....

2505 3346 2660 3409 Αὐτὰρ
2682 3348 2864 3408 ὗπηῷοι
2887 3346 3055 3407 λυγρὴν
3082 3345 3370 3408 ἒπερήσαμεν
3389 3347 3514 3407 αἶαν,

2507 3415 2594 3466 ἔνθ’
2613 3416 2812 3478 Ἄμυκος
2833 3414 3139 3479 &sponsam
3163 3416 3506 3477 ὑπερφιάλοισιν
3529 3415 3734 3467 ἄνασσεν

2504 3487 2616 3537 ὅστε
2631 3484 2928 3549 amp-saion
2947 3486 3090 3543 Ζηνὸς
3109 3486 3234 3548 θέμιν
3259 3486 3348 3534 οὐκ
3363 3484 3609 3549 ἀλεγίζων,

790 3703 879 3755 Fr.
904 3700 991 3755 ⁵1.
1021 3701 1229 3756 Licnias
1254 3700 1385 3772 quid
1406 3711 1461 3755 et
1482 3700 1574 3754 ubi
1592 3700 1781 3765 fuerit,
1810 3719 1919 3755 non
1944 3702 2068 3755 satis
2096 3702 2275 3773 liquet.
2378 3701 2463 3755 Sic
2493 3697 2842 3771 Apollodorus
2891 3714 2939 3762 1,
2973 3716 3005 3767 9
3022 3736 3038 3763 ,
3079 3712 3144 3749 αι
3183 3700 3519 3766 Argonautas
3555 3696 3944 3769 Salmydessum

721 3781 968 3853 Suspicor
1010 3780 1291 3852 significari
1331 3781 1759 3853 promontorium
1806 3781 1944 3835 inter
1986 3782 2281 3851 Katybsdaee
2379 3780 2592 3845 venisse,
2625 3777 2806 3849 ibique
2828 3773 2896 3829 de
2919 3773 3320 3847 symplegadum
3349 3774 3653 3831 discrimine
3678 3795 3711 3832 a
3739 3777 3944 3833 Phineo

720 3857 929 3915 Kalessi
944 3868 997 3913 et
1020 3862 1201 3931 Papas
1225 3859 1457 3913 bom-nou
1482 3857 1751 3924 medium;
1776 3877 2022 3914 saxosum
2062 3857 2191 3914 illud
2224 3871 2277 3914 et

718 3938 777 3993 in
818 3956 964 3993 mare
1002 3936 1158 4009 longe
1182 3938 1477 4010 projectum
1494 3978 1509 4005 ,
1552 3938 1646 3993 sed
1672 3937 1740 3993 ad
1766 3938 1925 3993 imam
1955 3940 2037 3993 sui
2076 3950 2279 4011 partem

718 4016 1114 4072 meridionalem
1143 4017 1201 4070 in
1243 4016 1461 4087 planum
1492 4035 1546 4071 se
1572 4015 1848 4089 expandit,
1878 4028 1941 4071 ut
1964 4016 2279 4072 habitationi

714 4096 892 4151 locum
912 4094 1185 4151 concedat.
1214 4097 1261 4150 A
1282 4095 1501 4150 meridie
1519 4094 1724 4167 objecta
1741 4106 1819 4149 est
1840 4100 2073 4150 Carnam
2088 4096 2273 4150 insula.

710 4174 791 4230 Ab
816 4184 941 4229 ortu
966 4174 1023 4228 in
1044 4174 1179 4228 mari
1201 4183 1281 4229 est
1304 4173 1479 4229 talian
1507 4176 1618 4229 sive
1644 4175 1945 4247 piscationis
1968 4174 2135 4229 locus.
2161 4176 2279 4229 Hoc

708 4256 753 4310 si
779 4265 891 4324 est,
916 4252 1219 4328 Gypopolin
1264 4252 1332 4309 ad
1380 4272 1606 4328 sequens
1632 4257 2057 4329 promontorium
2102 4258 2281 4329 Papas

709 4334 938 4391 boarnou
974 4334 1279 4403 retulerim3
1306 4334 1513 4408 Gyllius
1538 4352 1657 4389 eam
1682 4352 1851 4409 prope
1888 4336 2062 4407 ipsum
2092 4336 2280 4408 Lycio·

706 4432 827 4470 xum
850 4425 1065 4489 portum
1088 4414 1295 4487 quaerit.

780 4512 831 4549 ι.
862 4493 1148 4568 Didymus]
1186 4496 1427 4550 Fortasse
1456 4493 1739 4567 legendum
1783 4506 1863 4549 est
1902 4495 2275 4550 Antimachus.

708 4574 861 4629 Certe
882 4574 937 4628 in
965 4574 1173 4628 scholiis
1200 4574 1377 4646 Apoll.
1417 4590 1471 4641 τι,
1506 4592 1603 4645 ι77
1628 4592 1771 4647 sqq„
1802 4591 1922 4645 quae
1954 4584 2077 4628 ante
2099 4572 2279 4627 oculos

709 4651 939 4724 Gyllium
977 4652 1218 4707 habuisse
1258 4663 1401 4725 patet
1417 4691 1432 4718 ,
1481 4650 1765 4707 laudantur
1798 4650 2153 4721 Ἀσκληπιάδης
2196 4651 2279 4705 καὶ

718 4728 1021 4803 Ἀντίμαχος.
1050 4732 1132 4785 De
1167 4730 1487 4803 Asclepiadis
1508 4732 1627 4786 loco
1654 4748 1706 4784 v.
1744 4730 1835 4787 Fr.
1866 4731 1934 4785 H.
1978 4732 2031 4793 3,
2064 4746 2119 4801 p.
2150 4730 2270 4786 302.

714 4810 737 4881 ΙΙ
766 4840 838 4852 -
864 4826 917 4864 2.
948 4810 1108 4864 etiam
1141 4808 1441 4883 Asiaticis]
1468 4810 1637 4865 Simul
1669 4821 1721 4866 et
1746 4811 1803 4864 in
1837 4812 2097 4881 Europaea
2128 4820 2183 4863 et
2218 4810 2273 4863 in

704 4890 935 4944 Asiatica
967 4887 1192 4944 Thracia
1214 4890 1473 4944 Phineum
1504 4907 1744 4960 regnasse
1790 4906 1977 4956 nemo,
2013 4898 2271 4961 quantum

702 4970 841 5035 scio,
866 4967 1123 5040 prodidit.
1154 4967 1439 5023 Scholiasta
1460 4968 1721 5041 Apollonii
1745 4985 1798 5033 α,
1836 4971 1955 5035 181,
1977 4986 2136 5039 quem
2160 4966 2272 5023 obi-

702 5055 786 5102 ter
810 5046 1041 5119 inspexit
1073 5047 1275 5119 Gyllius
1288 5085 1306 5114 ‚
1344 5048 1419 5102 ita
1442 5047 1599 5102 habet
1629 5065 1645 5103 ι
1682 5050 1761 5102 ὅτι
1788 5050 1843 5104 δὲ
1864 5044 2019 5120 ἦρχεν
2044 5048 2071 5103 6
2094 5048 2271 5113 Φινεὺς

2374 3859 2586 3915 edoctos
2613 3875 2726 3911 esse
2762 3866 2954 3913 narrat.
2979 3856 3147 3909 Porro
3172 3855 3446 3928 AEschylus
3477 3856 3778 3929 (Prometh.
3812 3862 3941 3929 728)

2373 3937 2754 4011 Salmydessum
2779 3938 2836 3991 in
2855 3938 2979 3991 Asia
2998 3936 3151 4009 ponit
3168 3976 3185 4001 ,
3213 3935 3445 3991 confusis
3467 3934 3682 4003 sabulis,
3713 3954 3942 4009 quarum

2373 4021 2484 4075 aliae
2509 4019 2768 4073 Phineum
2803 4019 2860 4071 in
2892 4014 3219 4089 Salmydesso
3254 4018 3511 4089 Europae,
3537 4017 3650 4071 aliae
3674 4018 3729 4070 in
3758 4018 3933 4091 Paph-

2373 4098 2576 4169 lagonia
2601 4107 2652 4149 et
2675 4096 2920 4169 Bithynia
2952 4096 3087 4150 Asiae
3107 4093 3424 4168 (Pherecyd.
3453 4094 3520 4149 fr.
3561 4097 3650 4159 68;
3679 4095 3935 4154 Hellanic.

2376 4175 2442 4231 fr.
2470 4177 2575 4246 38)
2601 4191 2840 4244 regnasse
2881 4173 3230 4227 tradiderunt.
3275 4172 3557 4246 Sophole
3591 4192 3804 4247 quoque
3827 4176 3937 4230 Sal-

2375 4255 2672 4329 mydessum
2693 4293 2709 4319 ,
2744 4272 2901 4325 quem
2940 4253 3124 4308 Phinei
3149 4252 3326 4307 sedem
3351 4251 3481 4307 dicit
3504 4253 3721 4324 (Antig.
3747 4255 3848 4325 953
3877 4254 3932 4329 ),

2375 4334 2713 4408 probabiliter
2736 4335 2790 4387 in
2815 4334 2937 4388 Asia
2959 4332 3255 4398 collocavit,
3295 4329 3554 4404 siquidem
3589 4330 3723 4385 filios
3746 4332 3932 4388 Phinei

2377 4414 2532 4469 fuisse
2558 4413 2688 4469 dicTt
2703 4412 3041 4469 Parthenium
3074 4423 3129 4467 ct
3153 4411 3438 4467 Crambum
3463 4410 3664 4485 (Schol.
3701 4414 3804 4484 Ap.
3826 4412 3930 4469 Rh.

2379 4512 2432 4559 a,
2465 4496 2625 4569 181),
2667 4512 2783 4568 quae
2814 4495 3028 4549 nomina
3070 4493 3136 4548 ad
3163 4494 3382 4548 fluvium
3419 4503 3473 4547 et
3503 4493 3926 4565 promontorium

2370 4574 2732 4648 Paphlagoniae
2770 4577 3050 4647 pertinent.
3084 4574 3240 4648 Gyllii
3267 4573 3620 4647 disputatione
3643 4572 3774 4627 nihil
3809 4590 3932 4647 pro-

2369 4654 2591 4709 ficimus.
2620 4654 2924 4728 Phinopolis
2951 4672 3069 4727 quae
3099 4672 3128 4709 a
3154 4653 3461 4727 geographis
3493 4664 3834 4719 memoratur,
3861 4652 3929 4707 ad

2370 4734 2660 4807 Bosporum
2706 4734 2838 4788 nihil
2883 4734 3142 4807 pertinet,
3184 4732 3278 4787 sed
3321 4734 3376 4787 in
3419 4730 3734 4806 Salmydessi
3770 4731 3924 4789 litore

2365 4816 2534 4887 posita
2561 4832 2730 4886 neque
2754 4832 2787 4868 a
2809 4812 2973 4868 Philia
2985 4812 3186 4869 diversa
3215 4824 3310 4869 est.
3331 4814 3410 4868 Ex
3438 4812 3922 4883 Argonauticorum

2363 4894 2530 4966 poetis
2556 4893 2827 4967 Orpheus,
2860 4895 2951 4966 qui
2993 4905 3224 4959 vocatur,
3262 4893 3447 4948 Phinei
3489 4892 3667 4948 sedem
3705 4890 3924 4948 collocat

2363 4974 2420 5027 in
2470 4974 2715 5047 Bithynia
2733 5012 2750 5040 ,
2784 4974 3090 5046 Apollonius
3133 4992 3258 5029 vero
3297 4975 3353 5027 in
3397 4974 3656 5045 Europaea
3695 4973 3919 5045 Bospori

2366 5064 2516 5125 parte
2531 5094 2547 5119 ,
2565 5053 2636 5108 ita
2655 5062 2828 5108 tamen
2847 5063 2908 5107 ut
2929 5056 3218 5108 accuratius
3243 5054 3402 5107 situm
3429 5050 3542 5123 ejus
3563 5069 3672 5105 non
3701 5048 3918 5107 indicet.

703 5124 851 5199 μὶχρι
868 5130 957 5180 τοῦ
978 5126 1231 5199 Βοσπόρου
1256 5125 1461 5199 Θρᾳκῶν
1490 5128 1684 5183 πάντων
1703 5134 1799 5181 τῶν
1826 5126 1875 5181 ἐν
1894 5130 1959 5200 τῇ
1994 5125 2127 5200 Ἀσίᾳ
2147 5131 2165 5200 (
2177 5127 2270 5183 εἶσὶ
2361 5130 2567 5202 Quodsi
2593 5150 2715 5187 eum
2752 5131 2819 5187 ad
2848 5131 3146 5205 Gypopolin
3173 5132 3412 5204 Dionysii
3435 5129 3630 5185 referre
3652 5130 3880 5185 volueris
3897 5170 3914 5196 ,

702 5204 759 5263 δὶ
780 5201 921 5261 οὗτοι
947 5206 1150 5261 Βιθυνοί
1172 5226 1226 5262 τε
1255 5206 1341 5261 καὶ
1370 5206 1717 5281 Παφλαγόνες)
1744 5208 2023 5281 Φερεκύδης
2044 5208 2093 5263 ἔν
2117 5212 2182 5283 τῇ
2214 5208 2270 5275 ς’

694 5286 866 5357 φησίν.
890 5286 1004 5358 ss—
1021 5286 1074 5343 3.
1098 5290 1180 5341 De
1205 5286 1309 5343 hoc
1321 5287 1478 5343 Plinii
1493 5288 1609 5343 loco
1633 5288 1751 5344 vide
1767 5306 1923 5362 supra
1946 5308 2001 5363 p.
2026 5306 2111 5345 ιο.
2142 5290 2165 5361 ll
2193 5320 2265 5332 —

2363 5210 2698 5267 statuendum
2722 5210 2854 5268 soret
2879 5215 3205 5283 Argonautas
3225 5252 3242 5278 ,
3265 5220 3326 5265 ut
3343 5209 3624 5265 duodecim
3644 5208 3746 5263 diis
3768 5226 3913 5262 aram

2359 5302 2678 5357 struemmffi
2698 5292 2882 5347 Phinei
2917 5290 3130 5345 stabulis
3149 5288 3218 5346 ad
3243 5291 3373 5345 Fani
3407 5288 3584 5345 locum
3615 5300 3756 5343 retro
3791 5306 3912 5341 cur·

698 5368 755 5429 l..
784 5368 857 5421 At
877 5367 1218 5441 geographica
1245 5385 1435 5440 parum
1453 5386 1637 5425 curare
1676 5370 1843 5425 solent
1867 5369 2256 5443 mythographi.
2357 5386 2476 5424 sum
2502 5368 2665 5441 egisse
2681 5408 2696 5435 ,
2732 5369 2824 5423 sed
2858 5369 2963 5424 hoc
2979 5386 3148 5441 neque
3169 5366 3352 5441 prodit
3379 5378 3530 5443 poeta
3543 5407 3560 5434 ,
3589 5384 3762 5438 neque
3787 5382 3911 5422 eum
