4584 6284
1743 496 2204 559 nssscml’no
2245 494 2477 557 omns
2518 496 2823 559 TERRAE.

661 640 864 713 cespitis
885 654 901 692 ε
923 638 1020 693 hac
1043 634 1251 710 pecoris
1267 630 1430 687 dorso
1448 631 1698 685 sternacis
1715 631 1772 684 in
1803 646 1980 702 aequor

661 725 868 781 Inachis
893 723 1030 779 illata
1054 730 1138 775 est
1169 736 1186 775 ε
1211 720 1290 774 sic
1316 730 1500 791 pectus
1522 714 1741 772 canduit
1767 717 1844 771 ira
1859 756 1875 781 ,

515 819 632 871 205
659 812 854 885 pellicis
872 820 922 863 et
943 817 1092 863 tanto
1121 805 1298 860 divam
1318 803 1474 858 dolor
1503 803 1692 859 extulit
1719 803 1844 875 igni.

661 900 772 953 Illic
795 894 1023 951 instabili
1051 892 1195 947 fama
1219 900 1302 947 est
1325 890 1432 946 sale
1452 908 1576 945 saxa
1598 890 1798 945 moveri
1812 927 1828 954 ,

662 982 944 1055 inferrique
976 980 1078 1035 sibi
1103 980 1285 1034 flabris
1311 977 1622 1050 urgentibus
1645 994 1790 1043 oras3

659 1072 745 1125 hic
771 1068 968 1141 rigidas
999 1084 1176 1123 enare
1204 1064 1386 1121 serunt
1409 1082 1505 1138 per
1529 1080 1790 1119 marmora
1812 1072 2015 1127 cautes,

658 1168 710 1211 et
735 1174 881 1211 nunc
905 1172 1001 1209 ora
1026 1154 1118 1209 sali
1147 1163 1318 1207 vastas
1344 1151 1664 1226 praetendere
1687 1166 1874 1222 rupes,

515 1248 630 1299 21⁰
658 1263 804 1299 nunc
829 1244 1034 1318 aperire
1060 1242 1258 1297 sinum.
1288 1242 1468 1296 Gemit
1490 1239 1664 1313 amplo
1692 1254 1964 1293 murmure
1987 1246 2209 1309 pontus,

657 1352 752 1389 seu
773 1332 920 1407 quod
947 1332 1148 1387 collisas
1166 1330 1347 1386 Thetis
1373 1328 1637 1400 indignata
1665 1345 1761 1400 per
1784 1342 1926 1381 arces

659 1422 837 1476 saeviat
859 1418 1076 1491 objectis
1090 1456 1110 1485 ,
1129 1436 1222 1473 seu
1247 1416 1390 1489 quod
1418 1416 1590 1469 brevis
1620 1415 1792 1467 exitus
1813 1408 1983 1465 undas

658 1516 894 1577 exserat,
921 1515 974 1560 et
993 1506 1186 1559 strictis
1212 1512 1412 1557 eructet
1433 1500 1669 1555 saucibus
1694 1514 1892 1571 equor.

505 1583 630 1663 (14⁶)
657 1597 886 1649 Interim
906 1593 1013 1648 lato
1028 1593 1228 1647 Pontus
1245 1608 1300 1645 se
1319 1590 1521 1661 gurgite
1549 1586 1727 1644 fundit
1743 1628 1758 1653 ,

516 1686 632 1736 215
661 1679 1026 1752 undarumque
1049 1677 1232 1752 procul
1255 1677 1390 1731 latus
1414 1674 1637 1748 explicat
1655 1712 1671 1737 ,
1696 1689 1856 1728 aurea
1877 1669 2062 1727 Phoebi

661 1787 763 1842 qua
783 1778 898 1823 rota
917 1784 1184 1841 purpureo
1203 1765 1390 1839 repetit
1407 1781 1641 1819 convexa
1663 1761 1762 1815 sub
1781 1770 1922 1817 ortu.

657 1861 742 1913 Sic
765 1857 974 1930 obliqua
994 1855 1152 1910 maris
1171 1851 1481 1926 panduntur
1493 1850 1725 1921 denique
1744 1848 1900 1904 dorsa

659 1958 714 2001 ut
739 1944 1002 2000 matutinis
1023 1942 1276 1997 inclinent
1301 1957 1514 2013 aequora
1536 1938 1754 1993 habenis
1767 1976 1782 2003 ,

655 2033 855 2104 longior
887 2050 948 2085 ac
973 2030 1151 2086 boreae
1174 2026 1433 2083 concedat
1455 2043 1642 2097 gurges
1663 2025 1718 2077 in
1752 2041 1922 2079 axem.

513 2122 626 2172 220
655 2120 846 2174 Pontus
861 2118 1002 2173 enim
1025 2126 1218 2171 nostrae
1232 2116 1382 2168 sinus
1416 2122 1496 2167 est
1521 2108 1871 2185 amplissimus
1891 2108 2064 2161 undae.

651 2208 752 2261 Hic
777 2204 900 2261 Asia
920 2204 988 2257 ab
1013 2202 1154 2257 levis
1178 2200 1533 2275 praecingitur,
1552 2200 1928 2269 Europamque

653 2296 846 2369 excipit
860 2333 876 2360 ,
901 2292 1256 2363 adversusque
1281 2288 1476 2343 dehinc
1495 2305 1554 2341 se
1570 2284 1832 2341 Thracius
1857 2293 1992 2337 artat

654 2385 947 2456 Bosporus,
969 2392 1024 2435 et
1050 2380 1196 2434 tenui
1217 2380 1305 2431 vix
1326 2375 1578 2451 panditur
1597 2373 1706 2429 oris
1729 2372 1896 2427 hiatu.

659 2476 731 2527 At
751 2488 857 2543 qua
881 2468 1102 2523 diducto
1125 2469 1330 2523 Pontus
1347 2462 1668 2519 distenditur
1689 2471 1818 2516 aestu
1831 2497 1848 2526 ,

509 2556 626 2609 225
658 2568 712 2611 et
739 2564 978 2630 porrecta
1005 2554 1141 2609 mari
1163 2562 1320 2608 terre
1348 2550 1476 2624 juga
1501 2549 1707 2621 longius
1733 2547 1934 2603 intrant

657 2643 716 2697 in
739 2642 952 2715 pelagus
967 2682 982 2705 ,
1005 2650 1284 2712 tractuque
1305 2655 1438 2709 vago
1464 2654 1560 2690 sua
1583 2637 1739 2690 litora
1756 2634 2035 2704 linquunt,

503 2718 626 2794 (¹⁵⁰)
657 2731 850 2801 cespite
874 2726 1272 2799 Paphlagonum
1301 2722 1482 2797 prodit
1505 2738 1689 2776 saxosa
1711 2718 2000 2775 Carambis.

653 2815 830 2870 Altera
851 2831 908 2868 se
932 2822 1110 2867 mutas
1130 2810 1316 2865 similis
1343 2808 1527 2883 procul
1551 2808 1729 2862 arietis
1755 2808 1835 2861 ori
1851 2845 1866 2868 ,

651 2899 784 2955 dura
805 2900 1058 2971 pruinoso
1081 2915 1184 2968 qua
1217 2906 1392 2968 torpet
1410 2896 1634 2949 Taurica
1663 2893 1823 2957 caelo,

507 2994 620 3047 230
653 2988 872 3051 exserit,
903 2996 956 3040 et
977 2997 1122 3039 tenta
1144 2985 1248 3039 late
1265 2984 1456 3055 premit
1483 2999 1695 3055 aequora
1719 2981 1908 3037 fronte.

652 3074 874 3128 Eminus
887 3074 984 3126 ista
1001 3082 1188 3125 notum
1211 3068 1380 3133 videt,
1401 3079 1573 3123 arctos
1589 3068 1797 3122 eminus
1824 3066 1927 3121 illa.

651 3162 816 3215 Porro
833 3159 973 3213 inter
999 3158 1191 3211 fluctus
1213 3174 1275 3210 ac
1296 3155 1400 3209 susi
1419 3171 1686 3209 marmora
1710 3154 1867 3208 Ponti

651 3246 888 3319 proxima
911 3245 1172 3299 celsorum
1205 3245 1282 3297 sic
1307 3253 1434 3296 sunt
1457 3242 1557 3295 sibi
1583 3242 1740 3294 dorsa
1759 3241 1994 3294 locorum
2012 3278 2028 3303 ,

657 3333 892 3403 quamvis
916 3342 1057 3385 vasta
1081 3330 1175 3385 sali
1203 3328 1367 3385 moles
1388 3328 1646 3383 interfluit
1675 3346 1820 3381 arces
1837 3366 1852 3391 ,

509 3421 626 3473 235
655 3430 717 3475 ut
746 3418 936 3489 gemini
958 3419 1026 3472 sit
1045 3417 1212 3473 forma
1237 3417 1416 3471 maris.
1443 3413 1548 3470 Sed
1573 3413 1788 3468 brachia
1807 3416 2007 3468 Pontus

502 3505 628 3583 (iss)
659 3504 851 3561 finibus
875 3506 1063 3561 arctois
1085 3522 1192 3559 eoae
1226 3504 1358 3558 lucis
1383 3504 1439 3557 in
1467 3513 1642 3557 ortum
1659 3540 1678 3567 ,

658 3601 714 3646 et
733 3608 840 3663 qua
866 3608 1034 3665 prona
1051 3590 1162 3645 dies
1185 3591 1312 3645 atris
1344 3587 1632 3643 involvitur
1651 3587 1856 3642 umbris
1871 3626 1888 3651 ,

657 3680 883 3736 molliter
903 3678 1182 3744 inclinans,
1201 3677 1433 3750 Scythici
1449 3678 1674 3748 speciem
1693 3674 1816 3731 facit
1835 3694 1986 3730 arcus
2015 3692 2032 3730 z

657 3777 711 3821 at
725 3764 890 3841 tepidi
923 3762 990 3819 de
1012 3774 1160 3838 parte
1179 3765 1292 3818 noti
1319 3762 1566 3817 directior
1587 3778 1679 3817 ora
1694 3801 1711 3825 ,

511 3862 628 3917 240
657 3854 1076 3923 continuumque
1093 3849 1272 3923 jacens
1291 3848 1447 3919 rigidi
1470 3848 1572 3902 sub
1591 3850 1817 3919 imagine
1839 3850 1984 3902 nervi

657 3938 894 3994 tenditur
922 3953 938 3991 z
969 3934 1175 3992 excedit
1203 3934 1432 3991 conlinia
1452 3934 1562 3988 sola
1587 3934 1857 3989 Carambis

503 4021 624 4105 (teo)
657 4029 714 4083 in
739 4027 958 4083 hor-eam
986 4042 1222 4097 vergens.
1247 4022 1450 4079 Boreali
1469 4040 1652 4077 rursus
1671 4022 1726 4075 in
1751 4032 1896 4077 arcto

655 4136 748 4173 ore
767 4118 917 4173 sinus
947 4114 1128 4189 patulo
1157 4111 1418 4169 Maeotidis
1449 4122 1563 4166 atra
1590 4108 1794 4183 paludis

655 4222 868 4279 aequora
884 4211 1241 4278 prorumpunt
1267 4218 1281 4256 :
1305 4200 1497 4273 Scytha
1518 4199 1621 4253 late
1645 4197 1896 4253 barbarus
1921 4214 2040 4253 oras

509 4294 622 4347 245
652 4292 861 4357 incolit,
881 4291 1176 4347 etMatrem
1201 4290 1356 4343 Ponti
1386 4286 1722 4357 cognominat
1747 4284 1964 4339 undam.

499 4376 622 4452 (tes)
651 4379 768 4435 Sola
787 4394 977 4451 parens
997 4379 1198 4442 Ponto,
1229 4376 1452 4445 genitrix
1473 4372 1585 4426 haec
1610 4370 1718 4425 sola
1736 4372 1935 4426 fluento
1958 4381 2036 4426 est
2051 4410 2068 4437 ,

651 4467 754 4521 hoc
773 4484 830 4520 se
853 4464 1000 4520 sonte
1020 4464 1235 4518 trahunt
1263 4480 1391 4534 vaga
1413 4460 1580 4531 glauci
1597 4476 1862 4514 marmora
1887 4459 2070 4531 ponti,

653 4554 936 4610 Cimmerio
957 4552 1195 4627 prolapsa
1215 4552 1356 4605 sinu.
1379 4550 1516 4605 Nam
1535 4551 1802 4621 Bosporus
1827 4546 1933 4601 illic

655 4640 968 4696 Cimmerius
995 4638 1170 4693 fauoes
1185 4638 1357 4711 aperit
1368 4677 1385 4703 ,
1405 4638 1713 4707 circumque
1737 4650 2002 4706 superque

511 4733 626 4786 250
657 4728 928 4783 Cimmerii
950 4744 1076 4799 gens
1099 4725 1233 4780 dura
1257 4724 1458 4781 colunt.
1491 4725 1592 4778 Hic
1616 4720 1782 4777 ardua
1808 4720 2018 4775 Taurus

655 4817 712 4869 in
728 4812 856 4887 juga
876 4812 1144 4883 consurgit
1159 4852 1175 4877 ,
1193 4812 1489 4883 coelutnque
1512 4809 1786 4863 cacumine
1817 4804 1997 4876 fulcit,

657 4902 864 4955 verticis
894 4910 948 4954 et
975 4899 1122 4954 celsis
1141 4897 1243 4952 late
1267 4908 1425 4969 caput
1443 4896 1627 4949 inserit
1646 4895 1817 4953 astris.

653 4991 774 5043 Huc
795 4989 1022 5041 mirante
1039 4987 1148 5040 salo
1167 4983 1435 5057 quondam
1462 5000 1574 5037 sese
1599 4981 1773 5035 intulit
1793 4985 1938 5052 Argo

650 5072 929 5139 Thessala,
959 5082 1016 5126 ct
1035 5073 1302 5125 innantem
1329 5077 1644 5141 stupuerunt
1669 5084 1881 5139 aequora
1902 5066 2168 5139 cymbam.

507 5161 621 5213 255
651 5161 736 5215 Sic
763 5160 894 5213 vasti
905 5157 1082 5213 -moloe
1100 5157 1266 5229 pelagi
1285 5153 1662 5210 interfunditur
1681 5170 1824 5218 oras,

653 5246 728 5299 sic
745 5262 799 5298 se
815 5242 988 5298 forma
1007 5244 1168 5297 maris
1191 5253 1305 5297 toto
1324 5239 1508 5315 procul
1531 5239 1750 5314 explieat
1772 5240 1918 5298 orbe.

504 5323 624 5399 (17⁰)
721 5332 875 5385 Nunc
903 5330 998 5384 tibi
1017 5328 1256 5383 tellurem
1277 5346 1429 5383 versu
1456 5327 1660 5399 loquar.
1689 5328 1875 5381 Incute
1901 5324 2091 5392 docto,

3755 514 3779 563 t
3794 508 3867 563 70

2308 626 2533 693 Pha-be,
2562 628 2747 701 chelyn
2777 627 2997 702 plectro.
3020 629 3181 685 Musis
3210 632 3493 687 intermina
3510 636 3619 687 vita

2310 725 2611 789 permanet,
2638 726 2691 770 et
2718 718 2941 771 memori
2968 716 3081 771 laus
3101 735 3310 793 semper
3325 718 3545 793 pullulat
3572 737 3705 777 aevo.

2309 800 2573 857 Indefessa
2594 813 2696 857 tuoe
2721 804 2826 857 sint
2848 803 3038 857 mentis
3064 806 3305 859 acumina
3320 845 3338 871 ,
3363 805 3545 872 lector,

2308 889 2621 963 sudorisque
2650 891 2755 945 mei
2779 890 2957 963 patulo
2976 890 3101 947 bibe
3124 894 3357 947 carmine
3374 894 3547 948 rictu:

2307 976 2475 1033 dulcis
2504 982 2561 1033 in
2580 978 2663 1033 his
2682 980 2897 1034 haustus
2917 1019 2933 1047 ,
2962 982 3207 1035 meritum
3230 1000 3385 1052 grave
3399 1022 3416 1048 ,
3434 984 3601 1053 gratia
3620 1000 3825 1057 perpes.

2376 1068 2519 1139 Ergo
2544 1067 2715 1122 solum
2734 1077 2989 1140 terreque
3010 1068 3294 1141 Libystidis
3326 1087 3421 1124 ora
3442 1086 3539 1143 per
3558 1080 3796 1125 austrum

2308 1158 2562 1223 tenditur,
2592 1174 2701 1211 eoae
2722 1156 2907 1230 procul
2932 1158 2987 1211 in
3010 1156 3233 1212 confinia
3256 1156 3405 1212 lucis.

2307 1242 2481 1298 Gades
2506 1246 2825 1317 principium
2853 1256 2948 1301 est.
2970 1246 3141 1319 Caput
3174 1244 3331 1317 hujus
3352 1246 3559 1320 cespitis
3584 1256 3759 1300 autem

2307 1334 2471 1386 artius
2491 1343 2713 1404 angusto
2736 1332 2987 1387 conducit
3012 1333 3159 1387 litora
3190 1344 3359 1387 tractu
3376 1372 3391 1399 ,

2306 1419 2593 1490 oceanique
2610 1418 2777 1473 salum
2798 1436 2967 1473 cuneo
2989 1419 3163 1487 subit;
3190 1420 3339 1473 istius
3362 1438 3469 1474 orn

2308 1508 2565 1561 terminus
2590 1508 2857 1563 immensis
2891 1506 3123 1563 Arabum
3146 1508 3481 1563 concluditur
3498 1506 3653 1561 undis
3684 1522 3699 1561 τ

2304 1604 2359 1649 at
2384 1593 2519 1647 latus
2544 1593 2650 1648 hoc
2676 1604 2827 1649 terrae
2844 1593 3089 1649 diffusius
3122 1594 3345 1666 explicat
3364 1612 3545 1665 agros,

2306 1698 2535 1752 arvaque
2556 1690 2699 1735 tenta
2719 1692 2917 1756 patent.
2940 1683 3065 1735 Haec
3089 1682 3273 1753 pingui
3294 1684 3487 1754 cespite
3504 1680 3655 1734 tellus

2304 1767 2615 1839 AEthiopum
2642 1778 2721 1823 est
2742 1770 2921 1822 nutrix
2942 1808 2958 1830 ,
2986 1770 3077 1838 qui
3106 1767 3281 1837 nigros
3298 1777 3517 1841 pnopter
3538 1765 3793 1821 Erembos

2304 1856 2523 1907 extremi
2550 1853 2731 1927 Libyae
2753 1872 2915 1908 curvo
2942 1853 3053 1908 sola
3070 1870 3281 1907 vomere
3306 1852 3540 1919 sulcant;

2304 1952 2356 1995 et
2382 1958 2591 1996 rursum
2619 1941 2889 2014 AEthiopoe
2908 1942 3005 1997 soli
3025 1940 3257 2012 subjecta
3286 1941 3493 1995 cadenti

2304 2048 2429 2085 arva
2456 2040 2651 2087 tenent.
2686 2032 2771 2085 Sic
2788 2032 2943 2085 scissa
2960 2030 3131 2083 virum
3148 2047 3274 2101 gens
3290 2029 3477 2083 ultima
3499 2039 3651 2083 terrae

3899 807 4015 865 260

2306 2117 2488 2172 incolit
2506 2138 2521 2185 3
2550 2119 2651 2173 hos
2670 2118 2851 2172 afflant
2872 2118 3044 2171 rutilae
3060 2116 3377 2172 incunabula
3396 2117 3528 2171 lucis
3542 2157 3557 2182 ,
3894 2119 4008 2171 27⁵

2304 2204 2360 2257 hi
2382 2202 2493 2276 jam
2523 2206 2805 2278 praecipitis
2824 2214 3089 2259 terrentur
3114 2204 3237 2257 solis
3262 2202 3499 2259 habenis.

2307 2290 2529 2361 Propter
2550 2308 2793 2364 proceras
2822 2290 3035 2363 zephyri
3062 2291 3275 2361 regione
3292 2290 3563 2344 columnas

2306 2379 2477 2432 Mauri
2505 2377 2759 2434 habitant.
2790 2378 2887 2431 His
2908 2378 3050 2432 {luxa
3066 2375 3193 2431 fides
3210 2416 3227 2443 ,
3256 2388 3308 2432 et
3326 2376 3592 2449 inhospita
3615 2392 3825 2449 semper
3894 2368 4023 2439 (1⁸⁸)

2306 2463 2469 2519 corda
2490 2467 2665 2536 rigent
2685 2485 2701 2532 ;
2724 2464 2951 2519 trahitur
2980 2462 3131 2518 duris
3153 2482 3279 2535 vaga
3304 2466 3411 2518 vita
3432 2464 3647 2536 rapinis.

2308 2552 2559 2607 Proxima
2577 2568 2633 2605 se
2651 2551 2753 2606 late
2774 2548 3123 2605 Numidarum
3146 2568 3337 2623 pascua
3353 2548 3577 2604 tendunt
3595 2589 3612 2616 ‚
3894 2549 4010 2601 280

2306 2638 2621 2711 Massylique
2636 2655 2794 2710 super
2816 2636 2997 2709 populi
3016 2655 3112 2709 per
3128 2648 3303 2712 aperta
3323 2637 3563 2692 Ιοοοηιιιι

2308 2723 2540 2797 palantes
2566 2725 2779 2795 agitant.
2808 2724 2951 2778 Certi
2970 2724 3093 2779 laris
3122 2725 3283 2778 inscia
3310 2741 3437 2795 gens
3454 2733 3534 2776 est
3561 2740 3577 2777 t

2312 2828 2455 2865 nunc
2478 2812 2537 2865 in
2558 2809 2803 2865 dumosas
2818 2819 3039 2882 crepunt
3060 2808 3289 2881 denique
3313 2827 3471 2881 rupes
3488 2848 3505 2876 ,
3897 2798 4021 2877 (190)

2308 2914 2455 2951 nunc
2480 2897 2727 2969 quatiunt
2754 2912 2965 2969 campos
2980 2936 2997 2962 ,
3026 2912 3171 2950 nunc
3196 2895 3349 2949 silvas
3378 2896 3517 2949 iuter
3544 2894 3794 2949 obet-mut
3895 2896 4009 2949 285

2308 2980 2622 3054 conjugibus
2645 2982 2883 3055 natisque
2907 2981 3097 3049 simul;
3116 2982 3265 3036 cibus
3290 3000 3473 3055 aspera
3498 2979 3689 3052 glando

2306 3072 2589 3138 omnibus;
2610 3069 2757 3125 haud
2774 3070 2887 3125 ollis
2910 3071 3143 3125 sulcatur
3162 3088 3339 3143 cespes
3366 3079 3543 3124 aratro
3561 3111 3577 3135 ,

2306 3177 2413 3214 non
2440 3160 2523 3213 his
2553 3160 2783 3229 mugitus
2802 3154 3065 3231 pecudum
3098 3159 3297 3229 strepit.
3328 3157 3526 3229 Inclyta
3548 3166 3669 3230 post
3697 3157 3793 3210 hos

2306 3246 2499 3299 moenia
2519 3252 2844 3314 consurgunt
2866 3245 3039 3314 Tyria
3061 3243 3387 3313 Carthaginis
3416 3259 3431 3296 :
3462 3241 3548 3297 illa

2305 3332 2431 3386 urbs
2456 3332 2725 3386 Phoenissa
2745 3330 2891 3403 prius
2909 3369 2926 3396 ‚
2950 3329 3133 3401 Libyci
3155 3346 3299 3383 nunc
3320 3331 3457 3383 ruris
3475 3330 3685 3383 alumna
3704 3370 3717 3391 ‚

2302 3420 2417 3491 paci
2436 3417 2630 3472 blanda
2647 3418 2793 3490 quies
2808 3456 2825 3483 ‚
2850 3427 2905 3470 et
2920 3416 3057 3471 bello
3081 3427 3325 3490 prompta
3352 3426 3595 3471 cruento.

2305 3512 2403 3561 Ast
2430 3506 2555 3560 hinc
2580 3507 2637 3560 in
2668 3504 2861 3578 Syrtim
2890 3522 3119 3577 praeceps
3144 3504 3255 3559 ruit
3283 3504 3427 3559 unda
3456 3505 3717 3557 minorem

2304 3594 2623 3667 ulteriusque
2656 3592 2847 3647 dehinc
2866 3610 2972 3665 qua
2997 3592 3085 3646 lux
3108 3610 3165 3645 se
3185 3589 3361 3645 reddit
3384 3592 3613 3664 Olympo
3630 3632 3645 3654 ,

2306 3679 2477 3755 major
2505 3690 2647 3735 vasta
2664 3680 2763 3735 sibi
2793 3678 2894 3735 late
2920 3678 3079 3733 tmhit
3100 3696 3315 3751 aequora
3341 3679 3507 3750 Syrtis
3523 3718 3539 3744 ,

2302 3766 2631 3840 infidamque
2650 3766 2749 3821 rati
2772 3764 2983 3838 pelagus
3004 3763 3133 3819 furit
3159 3780 3175 3819 ε
3201 3762 3365 3819 ardua
3386 3764 3581 3836 quippe

2304 3852 2565 3909 undarum
2590 3852 2753 3906 moles
2775 3850 3053 3924 Tyrrheno
3078 3850 3284 3922 cogitur
3310 3861 3466 3916 testu,

2302 3949 2685 4011 cut-vatumque
2703 3937 2869 3993 salum
2897 3938 3065 4010 quatit
3084 3935 3258 4009 amplo
3276 3934 3429 3991 litora
3448 3936 3611 3990 fluctu
3628 3956 3644 4001 ς

2303 4044 2425 4082 ecce
2447 4025 2573 4079 alias
2596 4024 2741 4079 lento
2762 4024 2999 4097 prorepit
3016 4023 3218 4095 gurgite
3236 4024 3437 4077 Nereus
3452 4060 3471 4089 ,

2303 4114 2553 4187 undaque
2576 4113 2662 4167 vix
2685 4113 2853 4167 tenuis
2879 4114 3039 4166 siccas
3060 4114 3297 4185 praetexit
3321 4128 3524 4165 arenas.

2302 4206 2588 4259 Immemor
2604 4219 2729 4273 ergo
2755 4199 2900 4255 modi
2926 4218 3131 4273 semper
3154 4209 3345 4253 natura
3364 4198 3570 4252 duabus

2306 4288 2575 4363 Syrtibus,
2606 4298 2659 4342 et
2684 4292 2897 4345 classem
2923 4286 3032 4341 sors
3066 4286 3252 4341 oeehro
3284 4302 3419 4339 caeca
3444 4284 3642 4355 fatigat.

2307 4376 2605 4434 Amharum
2632 4372 2807 4429 medio
2826 4390 3047 4446 procera
3064 4372 3307 4445 Neapolis
3334 4389 3509 4427 arcem

2308 4464 2561 4534 subrigit3
2588 4462 2727 4517 hanc
2748 4478 2959 4516 rursum
2979 4478 3105 4532 gens
3130 4461 3229 4515 late
3248 4461 3419 4533 prisca
3446 4460 3683 4513 virorum

2308 4550 2599 4622 Lotophagi
2620 4548 2911 4605 includunt.
2938 4549 3217 4619 Durosque
3241 4548 3559 4601 Nasamonas
3577 4542 3701 4599 inde

2306 4638 2479 4709 aspice
2493 4675 2510 4702 ‚
2538 4636 2691 4707 queis
2714 4634 2981 4707 quondam
3007 4633 3325 4706 populorum
3361 4633 3602 4686 examina
3624 4631 3787 4685 multa

2306 4740 2573 4778 versavere
2598 4722 2767 4777 solum
2783 4760 2800 4787 ‚
2836 4720 3025 4775 multos
3046 4738 3273 4775 sonuere
3296 4737 3393 4791 per
3417 4736 3569 4789 agros

2304 4810 2483 4865 balatu
2500 4807 2729 4881 pecudes
2749 4828 2765 4873 3
2789 4824 2933 4861 nunc
2954 4806 3043 4860 lati
3059 4804 3243 4877 jugera
3260 4806 3433 4877 campi

2303 4906 2357 4949 et
2378 4910 2531 4965 grege
2554 4891 2694 4945 nuda
2708 4891 2883 4963 jacent
2898 4930 2913 4957 ,
2936 4901 2990 4945 et
3011 4901 3134 4945 sunt
3159 4890 3449 4944 cultoribus
3475 4888 3625 4943 orba.

2304 4980 2533 5035 Ausonis
2561 4977 2673 5032 haec
2690 4978 2827 5031 duro
2858 4969 3077 5031 vastavit
3099 4975 3311 5029 dextera
3334 4974 3501 5039 bello;

2304 5070 2532 5123 Ausonis
2555 5067 2735 5120 invicti
2758 5083 2881 5137 gens
2896 5064 3103 5119 roboris
3139 5082 3245 5118 una
3266 5081 3363 5136 per
3388 5064 3573 5117 orbem

2300 5171 2449 5208 arma
2483 5154 2636 5217 tulit3
2656 5151 2849 5224 pubem
2871 5150 3072 5205 Latiam
3096 5148 3234 5203 ferus
3256 5148 3467 5203 horruit
3486 5150 3641 5213 Ister,

2302 5242 2565 5293 Romanas
2584 5238 2779 5309 aquilas
2807 5235 3091 5291 Rhodanus
3110 5238 3321 5301 tremit,
3347 5232 3597 5289 Italidum
3628 5234 3675 5285 vi

2302 5336 2487 5379 moesta
2508 5323 2841 5399 paludivagos
2868 5324 3148 5379 Germania
3175 5322 3317 5377 flevit
3343 5322 3601 5376 alumnos.

3583 5415 3659 5464 12,

3897 4278 4009 4330 aco

3894 4369 4015 4448 (²⁰⁶)

3890 4718 4006 4773 ⁸0⁵

3891 4802 4016 4885 (πω)

3890 5064 4003 5113 310
