4584 6284
775 492 896 546 ³5ss

2180 490 2593 554 EUSTATffll

773 614 866 674 καὶ
891 612 988 689 τὴν
1019 615 1207 676 αὖτῶν
1235 619 1336 696 γ’ἥν
1368 615 1646 698 πάμφορόν
1673 639 1730 677 τε
1764 616 1854 678 καὶ
1896 616 2160 702 εὔδενδρον
2196 608 2331 681 εἶναί
2415 622 2559 679 dare.
2633 625 2835 682 Verum
2878 629 3178 686 Herodotus
3212 635 3301 707 (7,
3360 635 3460 713 75)
3518 641 3679 698 tradit
3706 643 3964 716 Thraces,

771 726 901 783 φασι
915 751 932 778 ,
957 702 1049 764 καὶ
1073 703 1370 782 λιθοτομίας
1390 703 1615 786 ἔχουσαν
1635 707 1907 787 πολλαχοῦ
1922 752 1940 780 ,
1963 708 2057 768 καὶ
2076 709 2331 788 κρυστάλ-

769 793 889 860 λους
916 794 969 853 έν
988 792 1133 873 ὄρεσι
1159 792 1389 874 φύουσαν
1403 834 1421 866 ,
1440 791 1534 852 καὶ
1554 791 1688 854 ἄλλα
1703 796 1873 854 πολλὰ
1891 793 2114 879 ἔχουσαν
2137 798 2328 875 ἀγαθά.

769 876 1045 961 Ἡρόδοτος
1076 880 1132 939 δὲ
1156 879 1299 960 λέγει
1326 881 1550 963 Θρᾷκας
1573 879 1855 953 διαὸἄντας
1880 886 1953 954 εἷς
2001 885 2177 947 Ἀσίαν
2202 887 2331 962 κλη-

714 991 742 1032 5
768 972 922 1039 θῆναι
969 965 1220 1035 Βιθυνοὺς
1234 1011 1252 1043 ,
1306 967 1400 1027 καὶ
1443 955 1574 1028 εἶναι
1616 974 1742 1048 παρ’
1791 972 1965 1041 αὐτοῖς
2010 974 2325 1054 χρηστήριον

764 1053 964 1136 Ἄρεος.
1053 1055 1282 1136 Λέγεται
1325 1053 1383 1116 δὲ
1410 1053 1504 1116 καὶ
1531 1053 1610 1115 ὅτι
1649 1054 1744 1129 τὴν
1788 1057 1892 1119 ἀπὸ
1930 1056 2197 1138 Βοσπόρου
2227 1064 2323 1137 γῆν

767 1143 866 1212 ἕως
911 1143 1000 1203 int
1040 1141 1321 1215 Ῥήὸαντα
1349 1142 1559 1204 Βιθυνοί
1598 1168 1723 1204 ποτε
1768 1143 2042 1226 κατέσχον.
2125 1145 2239 1220 Τὴν
2268 1147 2323 1208 δὲ

767 1235 926 1293 αὐτοῦ
949 1233 1198 1294 ἐπέκεινα
1220 1232 1309 1293 ἐπὶ
1328 1232 1530 1294 Πόντον
1551 1231 1751 1315 ὀρεινὴν
1768 1236 1816 1294 οἱ
1838 1235 2002 1298 Θυνοὶ
2021 1235 2172 1316 ἶσχον
2195 1235 2321 1316 ἄχρι

762 1325 1008 1398 ποταμῶ
1049 1320 1328 1392 Κάλητος·
1353 1322 1428 1389 ὣς
1463 1310 1595 1382 εἶναι
1630 1320 1848 1404 ὁμόρους
1895 1321 2010 1392 τούς
2038 1345 2094 1382 τε
2122 1323 2321 1391 Θυνοὺς

686 1427 739 1466 ιο
766 1406 999 1477 καὶτοὺς
1027 1409 1311 1483 Βιθυνοὺς,
1339 1407 1474 1469 οὕτω
1495 1411 1838 1488 καλουμένους
1867 1412 1975 1474 ἀπό
1998 1434 2148 1472 τινων
2170 1414 2317 1473 ἀδελ·

765 1498 876 1576 φῶν
917 1497 1186 1578 έπιφανῶν
1223 1497 1400 1560 euve?
1439 1496 1530 1558 καὶ
1576 1502 1792 1560 Βιθυνοῦ
1810 1544 1827 1577 ,
1865 1499 2066 1559 παίδων
2112 1499 2317 1569 Φινέως

765 1580 907 1642 κατὰ
932 1581 1178 1658 ποίησιν,
1208 1581 1326 1657 ἤτοι
1350 1588 1581 1657 ποιητῶν
1609 1586 1699 1646 καὶ
1741 1589 1930 1665 θετῶν,
1974 1587 2113 1648 καθά
2158 1609 2314 1669 φησιν

767 1670 1068 1753 Ἀρριανὸς,
1093 1672 1150 1739 ὃς
1181 1673 1271 1732 καὶ
1299 1672 1510 1753 γνήσιον
1535 1676 1697 1734 παῖδα
1729 1675 1936 1744 Φινέως
1959 1676 2154 1755 ἱστορεῖ
2192 1678 2313 1736 Πα-

765 1760 1030 1840 φλαγόνα,
1062 1759 1114 1828 ἐξ
1151 1751 1210 1818 οὗ
1250 1760 1400 1840 χώρα
1432 1763 1789 1842 Παφλαγονία.
1874 1761 1986 1824 Καὶ
2033 1767 2130 1842 γῆν
2169 1762 2313 1842 λέγει

680 1873 734 1915 15
764 1846 1088 1922 Ῥηὸαντίαν
1116 1845 1214 1919 τὴν
1239 1847 1366 1929 πρὸς
1412 1851 1488 1930 τῷ
1512 1849 1731 1933 Ψιλλίῳ
1766 1854 2023 1932 ποταμῷ,
2072 1851 2164 1912 καὶ
2214 1854 2307 1926 δη·

760 1935 1006 2019 μιουργόν
1032 1958 1149 1995 τινα
1173 1937 1370 2018 ἱστορεῖ
1395 1938 1542 2018 παρὰ
1567 1939 1796 2009 Βιθυνοῖς
1822 1942 2082 2003 Δαίδαλον
2107 1941 2307 2003 καλού-

759 2048 944 2103 μενον,
986 2015 1048 2084 οὗ
1077 2022 1226 2106 ἔργον
1268 2027 1322 2085 ἓν
1365 2024 1691 2108 Νικομηδείᾳ
1728 2026 1967 2107 γενέσθαι
2007 2031 2304 2107 θαυμαστὸν

753 2113 972 2196 ἄγαλμα
1000 2112 1258 2196 Στρατίου
1287 2111 1428 2182 Διός.
1512 2111 1667 2192 Λέγει
1713 2113 1769 2174 δὲ
1797 2118 1825 2174 ὁ
1851 2114 2005 2186 αὐτὸς
2045 2116 2303 2199 Ἀρριανὸς

751 2202 847 2262 καὶ
867 2200 946 2262 ὅτι
977 2203 1126 2264 ἄλλοι
1151 2200 1405 2282 Ὀδρύσου
1424 2201 1615 2269 παῖδάς
1638 2223 1764 2284 φασι
1790 2201 1878 2262 τὸν
1901 2204 2072 2265 Θυνὸν
2097 2207 2186 2264 καὶ
2212 2207 2301 2268 τὸν

671 2306 728 2347 ao
756 2289 971 2351 Βιθυνὸν
991 2334 1008 2367 ,
1033 2280 1107 2350 ὧν
1133 2288 1335 2371 ἠχῶρα
1358 2288 1649 2369 ὁμώνυμος.
1740 2291 2044 2368 Σημείωσαι
2069 2292 2123 2353 δὲ
2145 2293 2226 2352 ὅτι
2244 2295 2304 2354 τὸ

755 2378 851 2458 μὲν
876 2383 976 2458 γῆν
1005 2377 1328 2450 Ῥηὸαντίαν
1359 2376 1507 2458 παρὰ
1538 2381 1616 2460 τῷ
1643 2379 1894 2460 Ἀρριανῷ
1945 2379 2186 2465 ἀφορμὴν
2225 2381 2304 2440 δί-

751 2467 878 2526 δωσι
907 2471 1002 2526 τοῦ
1024 2468 1258 2546 φανερῶς
1289 2466 1421 2526 νοεῖν
1446 2465 1526 2524 ὅτι
1551 2465 2035 2545 περιττοσυλλᾶὅως
2051 2471 2081 2526 ὃ
2099 2466 2301 2541 Ῥήὸας

745 2553 974 2617 κλίνεται
990 2600 1009 2632 ,
1034 2554 1226 2633 ὁμοίιος
1270 2557 1353 2634 τῷ
1384 2551 1604 2616 Αἴαντι·
1630 2555 1690 2616 τὸ
1723 2554 1781 2614 δέ
1825 2553 2075 2629 Ῥηὸαῖος
2101 2558 2300 2618 ἐθνικὸν

741 2641 913 2702 κλίσιν
955 2639 1271 2724 δπεμιραίνει
1309 2640 1430 2703 τινὰ
1463 2639 1836 2719 ἶσοσῦλλαόον,
1866 2644 2013 2727 παρὰ
2053 2647 2159 2715 τοῖς
2184 2669 2297 2706 πα-

656 2745 712 2787 25
740 2733 907 2799 λαιοῖς
931 2729 1022 2790 καὶ
1049 2730 1180 2790 αὐτὸ
1209 2728 1593 2810 εὑρισκόμενον.

812 2839 916 2881 soe.
945 2813 1076 2880 Ὅτι
1105 2819 1152 2876 ol
1179 2817 1494 2889 Χαλκιδέες,
1521 2815 1552 2877 δ
1570 2814 1709 2877 ἔστιν
1736 2816 1924 2899 οἱπερὶ
1954 2818 2295 2896 Χαλκηδόνα,

731 2908 803 2976 ὣς
831 2905 1151 2989 προερρέθη,
1180 2903 1344 2964 οἱκαὶ
1371 2909 1592 2983 Δωριεῖς
1615 2904 1973 2986 ῖστοροῦμενοι
2005 2897 2139 2967 εἶναι
2171 2908 2295 2967 ἀνέ-

730 2997 918 3065 καθεν,
957 2993 1078 3075 περὶ
1105 2994 1167 3054 τὸ
1197 2991 1373 3071 στόμα
1400 2997 1658 3067 οἰκοῦσιν,
1679 2993 1840 3074 ἤγουν
1867 2993 1992 3076 περὶ
2019 2992 2115 3067 τὴν
2143 2997 2295 3076 Προ-

728 3081 944 3141 ποντίδα
962 3124 980 3156 ,
1008 3079 1126 3155 ἥτις
1153 3079 1288 3159 μετὰ
1309 3081 1611 3162 προσθήκης
1640 3083 1873 3160 μάλιστα
1892 3082 2098 3144 Πόντου
2121 3084 2292 3163 στόμα

648 3188 703 3230 ³0
728 3169 960 3249 λέγεται.
1048 3167 1160 3230 Καὶ
1185 3167 1282 3248 δρα
1306 3166 1388 3228 ὅτι
1422 3172 1473 3229 οἱ
1498 3167 1783 3237 Χαλκιδεῖς
1811 3161 1952 3230 obtat
1980 3172 2296 3252 παρώνυμοί

730 3261 832 3317 εἰσι
851 3261 946 3328 τῆς
966 3256 1192 3317 ἐνταῦθα
1211 3279 1313 3315 που
1351 3256 1649 3333 Χαλκίδος,
1678 3258 1766 3339 ἀφ’
1797 3247 1862 3328 ἧς
1904 3258 2129 3340 ἄρουραν
2158 3261 2295 3320 ἅνω·

727 3344 864 3423 τέρω
909 3341 1158 3405 Χαλκίδα
1200 3332 1314 3401 εἶπε
1342 3341 1412 3401 τὰ
1445 3341 1566 3422 περὶ
1613 3343 1960 3416 Χαλκηδόνα.
2046 3345 2202 3407 Κατὰ
2237 3348 2294 3407 δὶ

726 3431 826 3503 τὴν
847 3430 1119 3510 Ἀρριανοῦ
1140 3428 1375 3510 ἱστορίαν
1405 3428 1675 3507 ἐπώνυμός
1697 3430 1838 3490 ἔστιν
1865 3434 1901 3503 ἡ
1934 3434 2040 3491 τῶν
2067 3434 2117 3495 Χ
2125 3437 2292 3506 αλκη·

730 3513 912 3574 δονίων
930 3513 1081 3583 πόλις
1103 3518 1180 3597 τῷ
1207 3514 1410 3595 Κρόνου
1432 3516 1529 3598 υἱῷ
1555 3517 1887 3592 Χαλκηδόνι,
1911 3517 2003 3595 ἀφ’
2018 3508 2078 3578 οὗ
2105 3522 2290 3596 πρῶτα

649 3621 705 3663 as
734 3601 828 3681 μὶν
878 3605 908 3663 ὃ
960 3604 1069 3664 έκεῖ
1108 3627 1212 3663 που
1255 3603 1387 3686 ῥέων
1423 3603 1657 3681 ποταμὸς
1699 3605 1891 3679 ἐκλήθη
1951 3607 2251 3682 Χαλκηδὼν
2267 3655 2287 3689 ‚

731 3691 914 3754 ἔπειτα
938 3696 975 3764 ἡ
1004 3691 1184 3765 πόλις,
1206 3692 1452 3774 Δωριέων
1480 3692 1878 3766 ἀποικησάντων
1901 3695 2132 3777 ὑπέροις
2159 3699 2286 3780 χρό-

727 3802 865 3856 νοις,
906 3782 1185 3859 ὃμῶνυμος
1225 3782 1422 3861 γίνεται
1462 3787 1539 3864 τῷ
1572 3787 1814 3862 ποταμῷ.
1898 3783 2123 3867 Ἱστορεῖ
2162 3787 2218 3846 δὲ
2259 3791 2286 3846 ὁ

728 3868 886 3938 αὐτὸς
922 3868 1017 3930 καὶ
1069 3869 1152 3930 δτι
1191 3879 1297 3939 τοῖς
1333 3871 1708 3945 Χαλκηδονίοις
1740 3871 1980 3954 ἀποφρὰς
2022 3873 2286 3946 νομίζεται

725 3954 921 4022 παντὸς
951 3958 1114 4035 μηνὸς
1140 3957 1400 4038 ’φθίνοντος
1427 3959 1602 4034 ένᾶτη,
1614 3959 1793 4040 ἤγουν,
1815 3965 1888 4028 ὧς
1909 3968 2014 4029 τοῖς
2035 3960 2284 4032 Ἀττικοῖς

641 4059 699 4101 ευ
724 4040 972 4123 ἀρέσκει,
999 4046 1055 4105 αἱ
1087 4045 1323 4106 εἷκοσταὶ
1349 4049 1556 4128 πρῶται
1581 4050 1685 4107 τῶν
1714 4047 1852 4108 ὅλων
1879 4051 2094 4127 μηνῶν,
2116 4051 2282 4110 ἀπαί-

723 4152 826 4191 σιοι
845 4133 1019 4199 αὐτοῖς
1039 4133 1301 4216 κρίνονται
1313 4177 1330 4206 ,
1357 4133 1489 4195 διότι
1514 4136 1567 4195 έν
1596 4133 1856 4204 τοιαύταις
1872 4133 2098 4218 ἡμέραις
2117 4136 2281 4208 ἄλλας

718 4241 778 4278 τε
817 4217 1097 4300 δυστυχίας
1143 4221 1293 4281 αὐτοὶ
1321 4219 1516 4282 έπαθον
1531 4265 1551 4296 ,
1599 4223 1692 4284 καὶ
1742 4222 2094 4305 Φαρνᾶὅαζος
2138 4225 2194 4286 δέ
2249 4232 2277 4288 ὁ

719 4307 931 4388 Πέρσης
965 4307 1084 4377 τοὺς
1107 4312 1280 4370 αὐτῶν
1317 4310 1510 4377 παῖδας
1553 4309 1786 4391 ἐκτεμὼν
1818 4313 1892 4380 εἰς
1928 4310 2020 4374 τὸν
2059 4315 2278 4396 Δαρεῖον

721 4395 1007 4481 ἀνέπεμψε.
1093 4401 1452 4480 Κατασκῆψαι
1471 4397 1529 4460 δέ
1554 4423 1708 4483 φησιν
1729 4403 1904 4471 αὖτοῖς
1930 4401 2022 4462 καὶ
2041 4403 2189 4464 νόσον
2216 4406 2277 4464 ἐκ

637 4494 697 4537 ⁴³
722 4487 1022 4563 θεομηνίας,
1047 4487 1108 4549 τὸ
1131 4486 1312 4556 αὐτοὺς
1327 4489 1392 4548 τὰ
1417 4490 1560 4570 σφῶν
1581 4488 1890 4569 ἀποτέμνειν
1914 4493 2087 4552 αἰδοῖα
2103 4535 2122 4566 ,
2147 4492 2277 4552 διότι

720 4577 908 4634 θυσιῶν
938 4599 1090 4635 τινων
1127 4576 1526 4654 κατημέλησαν.
1612 4576 1921 4658 Ἱστορεῖται
1948 4577 2006 4640 δὲ
2051 4577 2143 4639 καὶ
2174 4577 2273 4653 τὴν

718 4662 774 4720 ἓν
806 4663 1053 4744 ἀριστερᾷ
1082 4669 1172 4724 τοῦ
1218 4663 1460 4734 Εὐξείνου
1489 4664 1694 4727 Πόντου
1735 4665 2094 4748 Μεσημὸρίαν
2121 4667 2272 4730 Χαλ-

715 4897 766 4936 1.
791 4881 1252 4952 πάμφορον...ἅλλα
1273 4901 1382 4938 om.
1402 4882 1568 4956 d.11—-
1582 4900 1637 4940 α.
1660 4885 1922 4957 πολλαχοῦ
1937 4882 2066 4943 add.
2092 4902 2158 4939 ex
2185 4889 2276 4958 (ἔγ,-

708 4957 850 5014 idem
874 4970 998 5034 post
1016 4960 1226 5033 φῦουσαν
1240 4961 1398 5018 habet
1422 4981 1471 5018 c.
1504 4965 1694 5037 11—6.
1717 4961 1807 5034 τὴν
1827 4983 1942 5023 οιιι.
1974 4962 2041 5023 d.
2071 4965 2096 5037 ΙΙ
2118 4994 2189 5007 -·
2217 4967 2271 5024 8.

705 5037 756 5090 οῖ
773 5055 888 5096 om.
910 5037 980 5105 d,·
999 5041 1195 5097 Βιθυνοὶ
1224 5048 1280 5102 0.
1305 5044 1328 5116 fl
1349 5073 1423 5086 -
1439 5045 1628 5115 9.,toi›;
1643 5063 1754 5099 om.
1776 5062 1827 5115 y.
1853 5046 1876 5116 ΙΙ
1893 5075 1968 5088 -
1988 5062 2074 5100 ιι.
2104 5044 2273 5117 imea-

701 5121 803 5170 νῶν
840 5135 952 5176 οιιι.
976 5116 1034 5176 d.
1071 5121 1096 5192 11
1134 5153 1209 5165 —-
1235 5123 1320 5178 15.
1362 5123 1537 5197 Ψιλίῳ
1573 5128 1690 5193 DL,
1715 5124 1979 5196 Ψίλλῳγ.
2029 5128 2051 5194 ΙΙ
2076 5155 2148 5167 ——
2180 5129 2265 5180 16.

701 5193 1012 5269 καλούμενον
1051 5199 1298 5256 Δαίδαλον
1323 5200 1386 5256 d.
1429 5202 1452 5274 ss
1501 5233 1574 5244 —
1615 5219 1701 5275 ¹9·
1735 5200 1972 5276 Ὀδρύσου
2007 5201 2156 5256 ἄλλοι
2194 5202 2268 5267 (1)·

705 5271 997 5348 Ὀστρίσσου
1023 5279 1097 5345 d,·
1121 5283 1280 5336 παῖδα
1304 5286 1384 5338 Μ.
1414 5282 1617 5338 Deinde
1641 5283 1727 5339 τὸν
1770 5301 1880 5339 om.
1911 5282 1967 5336 d.
2004 5285 2025 5354 ΙΙ
2057 5313 2131 5324 -
2173 5299 2260 5337 22.

699 5359 789 5408 τοῦ
816 5373 929 5414 om.
955 5356 1016 5414 d.
1043 5359 1068 5430 ΙΙ
1099 5390 1174 5402 -
1194 5365 1284 5417 26.
1312 5361 1422 5435 περὶ
1443 5360 1532 5430 τὴν
1557 5362 1616 5418 Χ.
1641 5361 1821 5428 codd„
1857 5381 1971 5417 exc.
2013 5367 2105 5435 ᾤ’.
2138 5367 2158 5434 ΙΙ
2191 5393 2263 5405 -

2386 730 2748 794 «posteaquam
2772 725 2829 779 in
2858 728 3037 782 Asiam
3070 727 3391 802 trajecissent
3404 774 3420 801 ,
3448 737 3699 812 Bithynos
3724 761 3835 798 esse
3876 764 3966 820 ap-

2411 817 2624 890 pellatos
2637 861 2657 887 ‚
2676 839 2892 895 esseque
2912 824 3052 897 apud
3076 845 3167 882 eos
3192 831 3463 887 oraculum
3488 837 3693 896 Martis.
3767 843 3967 900 Ferunt

2410 914 2567 970 etiam
2605 919 2861 992 Bithynos
2891 940 3006 977 eam
3042 924 3169 980 olim
3205 929 3476 999 regionem
3506 951 3815 1009 compasse,
3850 959 3967 1014 que

2410 1023 2489 1067 eat
2527 1032 2560 1069 a
2602 1016 2839 1090 Bosporo
2864 1037 3029 1092 usque
3079 1022 3149 1077 ad
3190 1024 3549 1097 Rhehantem3
3591 1050 3708 1106 quae
3734 1053 3860 1094 vero
3888 1051 3966 1095 eat

2408 1108 2544 1164 ultra
2562 1130 2683 1167 eum
2698 1114 2919 1171 fluvium
2948 1130 3197 1177 montana
3225 1121 3294 1176 ad
3320 1126 3550 1181 Pontum
3572 1167 3587 1194 ‚
3609 1149 3725 1186 eam
3748 1135 3965 1208 Thynos

2408 1225 2575 1279 usque
2598 1209 2665 1264 ad
2692 1212 2923 1269 Caletem
2948 1233 3158 1272 amnem
3203 1223 3461 1288 tenuisse,
3496 1226 3570 1280 ita
3594 1237 3655 1282 ut
3681 1230 3820 1285 inter
3853 1251 3963 1289 sese

2404 1303 2616 1360 finitimi
2655 1321 2825 1364 essent
2869 1311 3149 1386 'I'hynique
3196 1327 3250 1370 et
3283 1319 3524 1393 Bithyni,
3562 1325 3639 1378 sic
3669 1327 3904 1399 appellati
3931 1349 3964 1385 a

2402 1402 2595 1476 Thyno
2652 1417 2707 1460 et
2760 1408 2989 1482 Bithyno
3043 1410 3321 1480 stati-ibus,
3365 1417 3493 1472 viris
3546 1419 3727 1489 claris,
3779 1426 3961 1484 Phinei

2401 1497 2520 1554 filiis
2560 1501 2817 1575 adoptivis
2832 1545 2849 1572 ,
2894 1517 2953 1560 ut
2995 1508 3069 1562 ait
3102 1511 3388 1578 Arrianus,
3426 1514 3518 1584 qni
3554 1516 3715 1572 etiam
3751 1531 3961 1577 natura-

2399 1594 2504 1651 lem
2554 1599 2737 1654 Phinei
2783 1600 2949 1658 filium
2986 1604 3374 1679 Paphlagonem
3422 1625 3706 1682 memorat,
3746 1635 3812 1672 ex
3854 1636 3963 1690 quo

2399 1692 2753 1766 Paphlagonia
2797 1699 2960 1768 regio.
3067 1700 3219 1756 Idem
3273 1704 3619 1763 Rhebantiam
3672 1722 3825 1766 vocat
3880 1732 3965 1769 re·

2397 1783 2607 1854 gionem
2633 1803 2751 1858 quae
2772 1799 2851 1843 est
2876 1789 2943 1844 ad
2983 1792 3217 1848 Psillium
3250 1813 3461 1851 amnem
3480 1839 3497 1864 ‚
3524 1810 3680 1871 atque
3704 1803 3961 1860 artificem

2396 1877 2661 1949 quendam
2687 1880 2826 1954 apud
2848 1883 3101 1956 Bithynos
3122 1900 3534 1960 commemorat,
3564 1892 3839 1950 Daedalum
3864 1915 3961 1953 no-

2393 1969 2570 2042 mine,
2599 1971 2746 2044 cujus
2780 1992 2914 2047 opus
2947 1977 3270 2034 Nicomediae
3304 1979 3464 2036 ruisse
3496 1983 3571 2038 ait
3613 1986 3954 2043 simulacrum

2392 2060 2698 2118 admirabile
2735 2067 2881 2121 Jovis
2904 2069 3099 2124 Sta-atii.
3174 2071 3342 2127 Addit
3382 2072 3631 2130 Arrianus
3663 2076 3793 2134 alios
3828 2081 3959 2136 velle

2387 2154 2639 2229 Thynum
2670 2168 2722 2212 et
2768 2159 3081 2234 Bithynum,
3124 2180 3354 2235 quorum
3402 2169 3733 2239 cognominis
3775 2173 3919 2244 regio
3933 2215 3951 2240 ‚

2390 2246 2583 2321 Odrysi
2624 2249 2759 2306 lilios
2803 2251 2979 2310 fuisse.
3055 2255 3219 2324 Quod
3264 2267 3443 2313 autem
3473 2259 3617 2334 apud
3662 2264 3951 2320 Arrianum

2388 2344 2533 2414 regio
2555 2343 2698 2400 dicta
2730 2356 2811 2402 est
2834 2347 3150 2415 Rhebann'a,
3180 2350 3307 2406 inde
3330 2352 3468 2408 clare
3485 2354 3747 2429 colligitur
3774 2356 3965 2428 Ῥήὸας

2388 2458 2581 2496 nomen
2609 2443 2797 2516 impari
2826 2444 3140 2518 syllabarum
3183 2467 3409 2505 numero
3448 2452 3680 2521 inflecti,
3710 2457 3955 2513 similiter

2386 2547 2545 2608 atque
2572 2535 2726 2606 Αἴας,
2756 2538 2993 2609 Aren-053
3046 2541 3281 2613 Ῥηὸαΐος
3322 2565 3449 2601 vero
3486 2566 3685 2604 nomen
3721 2550 3946 2621 gentile,

2384 2633 2531 2706 quod
2564 2645 2619 2690 et
2640 2638 2814 2711 ipsum
2840 2638 2981 2712 apud
3003 2651 3202 2696 veteres
3230 2645 3512 2716 reperitur,
3541 2645 3951 2705 declinationem

2382 2726 2583 2784 indicat
2602 2732 2717 2802 pari
2738 2730 3055 2805 syllabarum
3081 2752 3325 2792 numero.

2454 2821 2581 2876 803.
2618 2821 2983 2878 Chalcidenses
3001 2865 3017 2890 ‚
3046 2824 3107 2880 h.
3133 2844 3183 2880 e.
3222 2826 3407 2881 incolae
3445 2838 3603 2901 atque
3625 2829 3951 2888 habitatores

2383 2907 2758 2978 Chalcedonis,
2792 2921 2852 2965 ut
2890 2929 3048 2984 supra
3074 2911 3279 2967 dictum
3315 2925 3395 2968 est
3418 2955 3434 2981 ,
3461 2917 3555 2987 qui
3598 2918 3805 2988 origine
3832 2922 3944 2974 Do-

2382 2995 2582 3049 rienses
2626 3013 2739 3050 esse
2771 2995 3034 3064 seruntur,
3072 2997 3141 3052 ad
3168 3001 3365 3053 ostium
3392 3000 3661 3067 incolunt,
3692 3004 3947 3059 nimirum

2383 3078 2450 3132 ad
2491 3081 2871 3153 Propontidem
2885 3121 2904 3150 ,
2931 3101 3050 3156 quae
3074 3093 3136 3138 ut
3175 3083 3464 3157 plurimum
3503 3104 3625 3141 cum
3674 3087 3948 3146 additione

2381 3167 2539 3221 Ponti
2562 3169 2755 3222 ostium
2782 3167 3087 3241 appellatur.
3159 3173 3239 3224 Ac
3255 3168 3377 3226 vide
3400 3171 3767 3228 Chalcidenses
3786 3175 3947 3231 deno-

2381 3257 2573 3310 minari
2613 3274 2645 3311 a
2672 3255 2919 3310 Chalcide
2939 3295 2956 3322 ‚
3004 3274 3123 3328 quae
3159 3268 3239 3312 est
3290 3257 3365 3312 ibi
3390 3258 3659 3328 locorum,
3704 3263 3851 3318 unde
3891 3276 3943 3318 et

2380 3342 2725 3399 Chalcedonis
2745 3360 2929 3414 agrum
2952 3360 3109 3416 supra
3136 3341 3273 3398 dixit
3294 3345 3504 3418 ἄρουραν
3529 3347 3770 3403 Χαλκίδα.
3848 3353 3942 3405 Est

2378 3438 2555 3483 autem
2572 3468 2587 3495 ‚
2610 3447 2675 3483 ex
2697 3428 2907 3484 Arriani
2930 3427 3149 3486 historia
3163 3470 3181 3500 ,
3207 3430 3337 3485 urbs
3363 3431 3755 3488 Chalcedonam
3774 3433 3943 3492 deno·

2379 3519 2575 3572 minata
2616 3537 2648 3572 a
2690 3517 3047 3585 Chalcedone,
3077 3519 3289 3574 Saturni
3315 3519 3427 3575 filio
3443 3560 3461 3587 ,
3501 3540 3533 3575 a
3560 3538 3669 3592 quo
3706 3525 3937 3594 primum

2377 3601 2547 3656 amnis
2570 3601 2644 3656 ibi
2667 3601 2835 3656 fluens
2858 3611 3070 3656 vocatus
3095 3610 3176 3654 est
3206 3599 3504 3656 Chalcedon
3520 3641 3538 3668 ‚
3564 3600 3758 3658 deinde
3778 3605 3935 3672 urbs,

2376 3703 2541 3757 quum
2559 3703 2625 3739 eo
2642 3685 2918 3740 Dorienses
2934 3682 3309 3755 posterioribus
3330 3684 3655 3758 temporibus
3677 3687 3937 3746 coloniam

2375 3764 2713 3822 deduxissent
2732 3805 2749 3832 ,
2779 3764 2913 3820 sacta
2948 3776 3027 3819 est
3058 3764 3220 3820 fluvio
3246 3767 3601 3838 cognominis.
3680 3767 3939 3843 Idemque

2372 3851 2631 3906 Arrianus
2664 3860 2844 3905 narrat
2876 3847 3134 3904 nefastum
3152 3848 3519 3906 Chalcodoniis
3530 3855 3767 3924 reputari
3794 3872 3939 3910 men·

2370 3935 2442 3988 sis
2463 3931 2715 4006 cujusque
2740 3930 3020 3987 desinentis
3045 3930 3186 3986 diem
3212 3950 3416 3987 nonum
3432 3973 3449 3999 ,
3483 3933 3615 4001 sive,
3653 3946 3716 3991 nt
3748 3939 3938 3993 Atticis

2370 4015 2561 4088 placet,
2584 4015 2782 4087 primos
2800 4018 2854 4068 et
2876 4014 3151 4084 vigesimos
3174 4015 3503 4086 integrorum
3529 4019 3793 4075 mensium
3823 4020 3931 4077 diet

2368 4099 2716 4171 inauspicatos
2736 4097 2807 4153 ab
2830 4098 2895 4152 iis
2914 4095 3170 4170 judicari,
3200 4110 3480 4171 propterea
3506 4099 3653 4171 quod
3680 4101 3793 4157 istis
3821 4103 3929 4158 die·

2368 4181 2468 4236 bus
2492 4191 2607 4236 tum
2638 4180 2763 4236 alias
2787 4181 2825 4234 ii
2850 4180 3165 4236 calamitates
3187 4183 3519 4255 acceperint,
3550 4193 3665 4237 tum
3696 4183 3931 4240 Pharna·

2366 4262 2523 4318 bazus
2548 4265 2705 4319 Persa
2730 4261 2921 4317 liberos
2945 4256 3132 4317 eorum
3153 4271 3406 4321 castratos
3425 4263 3496 4319 ad
3518 4266 3746 4319 Darium
3779 4269 3939 4324 mise-

2363 4347 2453 4402 rit.
2526 4349 2697 4402 Porro
2741 4343 2963 4399 deorum
3009 4345 3088 4399 ira
3140 4345 3385 4400 morbum
3429 4347 3485 4401 in
3532 4365 3625 4402 eos
3678 4349 3934 4406 invasisse

2364 4425 2527 4484 tradit
2541 4469 2559 4494 ,
2604 4438 2665 4482 ut
2690 4426 2902 4482 sibimet
2923 4427 3023 4500 ipsi
3064 4426 3305 4498 genitalia
3340 4437 3676 4500 amputarent
3710 4441 3931 4504 propter

2362 4510 2658 4584 neglectum
2679 4509 2879 4566 cultum
2896 4509 3232 4584 quorundam
3259 4510 3662 4569 sacrificiorum.
3707 4511 3793 4568 Ad
3818 4513 3928 4569 haet

2362 4594 2631 4648 memoriae
2653 4591 2923 4666 proditum
2954 4602 3033 4646 est
3052 4591 3408 4647 Chaloedones
3440 4603 3494 4647 et
3509 4593 3787 4666 Byzantios
3808 4595 3926 4649 Me·

2362 4675 2644 4729 sembi-iam
2683 4675 2870 4730 urbem
2897 4672 2966 4728 ad
2991 4674 3173 4728 laevam
3193 4677 3353 4729 Ponti
3375 4675 3572 4729 Euxini
3604 4673 3925 4742 condidisse,

2365 4901 2457 4958 27.
2491 4885 2595 4939 Pro
2616 4885 2683 4948 ὡς
2704 4886 2964 4957 προερρέθη
2986 4923 3001 4950 ,
3034 4882 3082 4937 οἳ
3110 4884 3166 4937 in
3194 4887 3242 4940 C
3263 4882 3456 4954 legitur
3474 4883 3599 4939 κατὰ
3622 4883 3675 4938 δὲ
3707 4882 3796 4951 τὴν
3825 4883 3925 4958 Ἀρι-

2363 4969 2531 5038 ριανοῦ
2559 4965 2771 5037 ἱστορίαν
2790 5004 2805 5029 ,
2828 4963 2973 5037 quod
2996 4981 3061 5018 ex
3082 4963 3177 5018 h'n.
3204 4962 3273 5018 32
3294 4962 3404 5018 huc
3428 4963 3738 5020 maslaum
3768 4976 3865 5020 est.
3893 4967 3917 5037 ss

2360 5061 2525 5117 —29.
2546 5046 2738 5099 Πόντου
2761 5043 2992 5117 λέγεσθαι
3019 5047 3075 5097 C.
3099 5043 3121 5114 {1
3145 5071 3219 5085 -—
3242 5041 3331 5098 33.
3354 5044 3443 5096 τοῦ
3467 5039 3592 5115 app.
3620 5041 3689 5108 d‚·
3712 5041 3914 5110 Χαλκη·

2358 5124 2518 5179 δόνων
2537 5126 2708 5182 ΚΜΥ
2730 5124 2940 5196 aliique.
2970 5122 2995 5196 11
3020 5151 3096 5164 —-
3115 5120 3383 5193 34.Κρόνῳ
3411 5124 3479 5190 G,-
3507 5121 3710 5193 πρώτως
3728 5119 3915 5186 codd„

2358 5220 2473 5257 exc.
2507 5207 2593 5274 ίξγ.
2619 5204 2643 5274 u
2687 5232 2759 5244 —
2783 5201 2872 5258 35.
2908 5199 2994 5274 μὶν
3021 5217 3133 5257 om.
3156 5197 3230 5263 d,-
3255 5197 3533 5268 Χαλκηδὼν
3558 5196 3744 5267 ἐκλήθη
3781 5199 3860 5255 Μ.
3892 5201 3915 5268 ΙΙ

2354 5313 2428 5324 -
2452 5283 2539 5338 38.
2558 5284 2642 5336 καί
2667 5301 2732 5336 ex
2762 5287 2830 5352 6)·
2848 5279 3110 5338 additum.
3154 5281 3177 5352 ΙΙ
3212 5309 3285 5322 --
3314 5279 3402 5349 39.
3429 5276 3624 5351 ἤγουν]
3647 5277 3681 5346 ἢ
3726 5281 3793 5344 L‚·
3817 5277 3918 5350 ὣς]

2354 5363 2406 5418 ὲν
2422 5381 2479 5435 y.
2508 5365 2529 5434 ΙΙ
2556 5393 2629 5406 -
2655 5367 2742 5428 40.
2780 5361 2996 5418 ἀπαίδιοι
3029 5367 3099 5427 0,-
3129 5360 3275 5416 αὐτοῦ
3304 5366 3358 5418 D
3374 5381 3395 5424 ,·
3422 5358 3675 5413 κλίνονται
3700 5355 3758 5414 d.
