4584 6284
798 462 915 516 390

788 601 953 659 σαρας
982 582 1151 656 μῆνας
1190 586 1280 639 τοῦ
1310 579 1557 639 ἔνιαυτοῗῗ
1578 576 1759 660 τρίφει
1782 579 1871 639 τὸν
1901 580 2066 660 μέγαν
2096 581 2353 662 βασιλέα,

781 671 818 739 ἡ
866 668 922 727 δὲ
974 666 1136 740 λοιπὴ
1168 676 1319 727 πᾶσα
1381 666 1534 727 Ἀσία
1563 665 1683 733 τοὺς
1729 665 1943 736 λοιποὺς
1992 668 2129 729 ὀκτὼ
2162 674 2352 746 μῆνας.

781 756 1068 839 Θεόκριτος
1114 752 1170 816 δὲ
1218 754 1479 839 ἀσφάλτῳ
1522 753 1805 833 δείμασθαι
1832 754 1931 827 τὴν
1961 758 2258 838 Σεμίραμιν
2299 758 2360 820 τὸ

778 846 875 917 τῆς
902 842 1223 913 Βαδυλῶνος
1242 843 1419 924 τεῖχός
1443 864 1625 925 φησιν.
1709 840 1929 923 Ἐτεροι
1962 843 2017 904 δὲ
2040 842 2356 906 Σελεύκειάν

726 946 755 987 ⁸
780 954 911 993 ποτε
951 932 1232 993 καλεῖσθαι
1268 930 1366 1004 τὴν
1424 928 1672 1005 τοιαύτην
1714 930 2011 993 Βαὸυλῶνά
2054 954 2212 1011 φασι,
2265 932 2358 992 καὶ

779 1017 981 1098 κτίσμα
1002 1009 1135 1079 εἶναι
1158 1016 1478 1087 Βαὸυλῶνός
1503 1042 1642 1087 τινος
1665 1017 1847 1099 ἀνδρὸς
1870 1019 2171 1101 σοφωτάτου
2187 1064 2205 1097 ,
2228 1044 2358 1079 παι-

780 1107 865 1176 δὸς
889 1106 1113 1182 Μήδου,
1159 1106 1254 1167 καὶ
1300 1105 1648 1189 ἀρχαιοτέραν
1690 1106 1786 1180 τὴν
1828 1106 1979 1168 πόλιν
2018 1107 2215 1183 ταύτην
2261 1113 2356 1184 τῆς

780 1196 1115 1277 Σεμιράμιδο
1132 1194 1254 1277 ελίγ
1266 1219 1401 1257 )υσιν
1416 1194 1557 1255 ἔτεσι
1568 1196 1755 1277 χιλίοις
1770 1197 2112 1267 ὀκτακοσίοις.
2158 1198 2354 1259 Ἰστέον

780 1281 838 1343 δὲ
864 1282 947 1345 ὅτι
974 1282 1196 1356 συνετὴν
1222 1282 1326 1357 μὲν
1352 1292 1575 1361 γυναῖκα
1599 1283 1693 1344 καὶ
1713 1284 1809 1358 τὴν
1837 1285 2135 1366 Σεμίραμιν
2152 1291 2188 1358 ἡ
2210 1288 2354 1347 tereo-

704 1386 756 1427 10
782 1370 869 1453 ρία
898 1372 1046 1452 ἔχει,
1074 1394 1113 1429 σι
1130 1394 1221 1432 ινετ
1236 1370 1434 1454 ωτίραν
1460 1368 1515 1432 δὲ
1548 1374 1705 1447 αὐτῆς
1720 1372 1816 1446 τὴν
1846 1372 2140 1453 Νίτωκριν,
2168 1373 2355 1435 Βαθυ-

780 1462 946 1527 λῶνος
973 1460 1067 1519 καὶ
1094 1460 1217 1519 οὔτ)
1232 1484 1259 1518 ν
1286 1460 1696 1541 βασιλεύσασαν.
1780 1461 1916 1529 Τοὺς
1933 1462 1989 1522 δὲ
2014 1460 2254 1542 Πέρσας,
2276 1454 2350 1524 ὧν

782 1548 1106 1631 μητρόπολις
1123 1554 1157 1621 ἡ
1178 1550 1215 1611 Β
1228 1547 1457 1623 αὸυλὼν,
1480 1550 1733 1633 Κηφῆνάς
1755 1573 1885 1612 ποτε
1902 1551 2174 1611 καλεῖσθαί
2193 1575 2350 1634 φησιν

781 1640 812 1697 ὁ
834 1636 1125 1717 Ἀρριανός.
1158 1663 1161 1665 ’
1226 1631 1393 1698 Ἀλλοι
1418 1638 1473 1697 δὲ
1510 1640 1603 1698 καὶ
1634 1638 1853 1697 τοιαῦτά
1880 1661 2000 1698 τινα
2026 1641 2349 1719 ἱστοροῦσιν,

780 1724 863 1785 ὅτι
890 1724 1055 1788 Νίνου
1082 1730 1173 1786 τοῦ
1200 1724 1391 1807 ’.Σύρων
1422 1725 1677 1806 βασιλέως
1722 1726 1818 1801 τὴν
1846 1721 2031 1789 Νινευῒ
2056 1726 2348 1803 κτίσαντος,

700 1826 753 1867 1⁸
778 1818 814 1887 ἡ
841 1814 1030 1876 τούτου
1054 1814 1187 1897 γυνὴ
1214 1814 1305 1874 τὸν
1327 1814 1491 1895 ἄνδρα
1520 1813 1951 1895 ὕπερὸαλλομίνη
1976 1814 2268 1877 Βαὸυλῶνα
2292 1819 2345 1876 ἐν

777 1908 856 1987 τῷ
884 1903 1051 1986 πεδίῳ
1087 1904 1253 1973 κτίζει
1280 1902 1336 1973 ἒξ
1382 1908 1548 1977 ὀπτῆς
1573 1904 1789 1965 πλίνθου
1828 1906 1921 1965 καὶ
1951 1906 2217 1985 ἀσφάλτου
2255 1905 2346 1966 καὶ

776 1992 935 2055 λίθων
962 1992 1223 2063 λαξευτῶν
1245 1992 1549 2074 τριπήχεων
1574 1992 1670 2072 μὲν
1694 1992 1755 2052 τὸ
1779 1994 2004 2065 πλάτος,
2036 1992 2343 2074 ἐξαπήχεων

765 2080 834 2142 vi
862 2080 923 2141 τὸ
952 2084 1148 2159 μῆκος,
1179 2080 1272 2143 καὶ
1299 2080 1614 2163 περίμετρον
1644 2084 1776 2163 αὗτῇ
1806 2082 2123 2163 διεγράψατο
2154 2083 2342 2142 στάδια

774 2173 919 2237 τπε’.
987 2170 1067 2233 Τὸ
1114 2168 1171 2229 δὲ
1202 2178 1376 2251 τεῖχος
1404 2171 1473 2239 εἰς
1516 2170 1645 2253 ὕψος
1684 2168 1909 2231 ἀνέτεινε
1934 2170 1981 2228 ν’
2002 2170 2251 2252 πήχεων,
2282 2164 2343 2233 οὗ

690 2278 747 2320 20
773 2259 834 2321 τὸ
857 2261 1031 2341 πάχος
1058 2262 1131 2330 εἷς
1159 2260 1442 2340 τριάκοντα
1474 2260 1662 2341 πήχεις
1693 2260 1991 2336 διέστησεν,
2038 2264 2109 2329 ὥς
2136 2262 2228 2321 καὶ
2252 2261 2339 2321 τέ·

773 2354 978 2431 θριππα
1019 2350 1105 2409 ἐπ’
1140 2350 1303 2409 αὐτοῦ
1337 2350 1748 2431 ἑναντιοδρομεῖν
1779 2348 2048 2422 ἀλλήλοις·
2076 2348 2167 2409 καὶ
2202 2348 2340 2432 πύρ-

768 2461 889 2519 γους
908 2438 1025 2507 ταῗς
1058 2437 1250 2505 πύλαις
1276 2437 1564 2511 ἐπέστησεν
1610 2435 1839 2519 ὑψηλοὺς
1856 2482 1875 2515 ,
1917 2441 2120 2519 χαλκᾶς
2147 2460 2205 2497 τε
2244 2440 2340 2507 τὰς

766 2524 939 2595 πύλας
976 2525 1254 2597 ποιήσασα
1283 2528 1355 2594 εἰς
1386 2523 1516 2608 ὕψος
1556 2548 1615 2585 τε
1643 2526 2040 2603 ἀνατεινομίνας
2074 2525 2209 2586 πολὺ
2245 2527 2338 2585 καὶ

761 2615 836 2680 εἰς
859 2612 1060 2681 πλάτος
1083 2612 1369 2691 ἀξιόλογον.
1450 2612 1673 2675 Ἔκτισε
1707 2614 1761 2675 δὲ
1795 2616 1886 2676 καὶ
1915 2614 2203 2695 δεξαμενὴν
2242 2640 2338 2694 με-

680 2724 733 2763 25
758 2702 928 2781 γάλην
942 2744 962 2775 ,
998 2692 1037 2783 ᾖ
1091 2708 1265 2776 κῆπον
1319 2701 1563 2783 ἰπήγειρε
1616 2705 1917 2780 θαυμαστὸν
1967 2704 2337 2783 ἐπιλεγόμενον

754 2790 1087 2872 κρεμαστὸν,
1115 2789 1171 2859 ὃς
1195 2790 1581 2872 τετράπλευρος
1600 2790 1697 2871 μὶν
1717 2786 1780 2865 ἦν
1801 2838 1819 2871 ,
1844 2792 2070 2867 ἑκάστην
2095 2792 2151 2852 δὲ
2175 2795 2339 2853 πλευ·

755 2878 852 2961 ρὰν
902 2869 1017 2960 εἶχε
1050 2877 1461 2961 τετράπλεθρον.
1551 2880 1663 2942 Καὶ
1710 2872 1774 2955 ἦν
1806 2880 1860 2941 ἓν
1904 2885 1997 2959 καὶ
2038 2882 2191 2951 αὐτὸς
2231 2890 2336 2945 τῶν

753 2967 889 3028 ἑπτὰ
916 2972 1188 3047 κωμικῶν
1208 2967 1511 3044 θεαμάτων.
1594 2965 1757 3030 Ἔστι
1779 2968 1833 3029 δὲ
1862 2970 1953 3029 καὶ
1982 2970 2118 3043 ἄλλη
2149 2970 2336 3032 Βαὸυ-

751 3054 859 3115 λὼν
888 3054 1125 3125 Λιὸυκή.
1211 3053 1493 3136 Ἡρόδοτος
1521 3054 1578 3114 δὲ
1602 3056 1725 3133 περὶ
1750 3059 1844 3128 τῆς
1867 3059 2137 3137 Περσικῆς
2158 3056 2336 3120 Βαὸυ·

673 3166 727 3208 so
751 3145 917 3211 λῶνος
942 3140 1035 3201 καὶ
1058 3142 1229 3201 ταῦτά
1242 3165 1402 3225 φησιν
1420 3185 1438 3214 ,
1460 3141 1543 3201 ὅτι
1566 3147 1659 3214 τῆς
1680 3140 1956 3220 Ἀσσυρίας
1982 3145 2339 3218 ὀνομαστότα-

751 3252 840 3289 τον
868 3230 1110 3307 πόλισμα
1136 3228 1229 3289 καὶ
1256 3227 1597 3309 ἰσχυρότατον
1622 3232 1660 3301 ἡ
1686 3227 1944 3289 Βαὸυλὼν
1964 3274 1982 3305 ,
2002 3227 2125 3289 ἔνθα
2151 3231 2243 3290 καὶ
2268 3232 2339 3291 τὰ

756 3319 1033 3396 βασίλεια,
1052 3307 1185 3375 οὖσα
1202 3314 1257 3375 δὲ
1280 3315 1607 3395 τετράγωνος
1634 3324 1806 3375 κεῖται
1826 3318 1878 3375 ἐν
1906 3317 2122 3397 μεγάλῳ
2154 3318 2338 3400 πεδίῳ,

753 3404 847 3465 καὶ
881 3404 1127 3482 με’τωπον
1148 3405 1367 3463 ἕκαστον
1396 3404 1559 3473 αὐτῆς
1580 3402 1747 3463 εἴκοσι
1768 3404 1861 3463 καὶ
1878 3404 2065 3464 ἑκατὸν
2090 3406 2335 3466 σταδίων·

754 3492 893 3553 ὥστε
940 3483 1075 3551 εἶναι
1103 3494 1224 3551 κατ’
1250 3490 1409 3550 αὐτὸν
1447 3489 1543 3565 τὴν
1570 3490 1812 3573 περίοδον
1851 3495 1947 3563 τῆς
1975 3492 2177 3560 πόλεως
2207 3495 2337 3555 στά-

671 3604 730 3644 35
758 3582 847 3641 δια
875 3577 1192 3661 τετρακόσια
1215 3578 1557 3659 ὀγδοήκοντα.
1648 3579 1826 3640 Πύλαι
1851 3576 1909 3638 δὲ
1934 3578 2083 3661 πέριξ
2108 3585 2201 3639 τοῦ
2225 3580 2338 3639 τεί-

756 3691 883 3749 χους
906 3666 1131 3743 ίκατὸν,
1158 3667 1389 3748 χάλκεαι
1416 3676 1585 3727 πᾶσαι
1605 3712 1623 3745 ,
1668 3665 1847 3747 ὥσπερ
1882 3666 1977 3726 καὶ
2020 3670 2067 3727 οἱ
2108 3668 2334 3744 σταθμοὶ

754 3756 849 3817 καὶ
880 3755 951 3815 τὰ
979 3756 1269 3835 ὑπέρθυρα.
1358 3756 1471 3817 Καὶ
1498 3754 1799 3836 σημείωσαι
1824 3758 1906 3818 ὅτι
1933 3759 1993 3818 οὗ
2024 3756 2181 3834 μόνον
2211 3760 2335 3817 ἑκα-

752 3844 1015 3923 τόμπυλοι
1037 3843 1224 3917 Θῆὅαι
1242 3890 1261 3918 ,
1290 3846 1411 3903 ἀλλ’
1442 3844 1554 3917 ἰδοὺ
1575 3844 1792 3917 τοιαύτη
1812 3845 1901 3905 καὶ
1933 3850 1963 3918 ἡ
1993 3843 2269 3906 affluit-av.

836 3954 964 3995 1010.
994 3932 1126 3995 Ὅτι
1150 3932 1409 3994 Βαθυλὼν
1433 3938 1469 4008 ἡ
1495 3932 1734 4015 Περσικὴ
1766 3932 1988 3999 πολλοὺς
2012 3932 2334 4015 ἄκροκόμους

675 4042 727 4084 to
751 4020 1047 4103 ἐπηρεφέας
1089 4020 1235 4103 φέρει
1280 4019 1543 4103 φοίνικας·
1574 4021 1771 4095 ἰδιότης
1810 4022 1870 4081 δέ
1896 4022 2010 4080 ἐστι
2050 4026 2203 4081 τοῦτο
2236 4029 2330 4081 τοῦ

750 4116 934 4191 φυτοῦ.
1024 4109 1135 4171 Καὶ
1162 4108 1407 4189 λε’γονται
1437 4110 1715 4192 ἐπηρεφεῖς
1760 4104 1886 4187 μὶν,
1920 4101 2004 4169 οἷα
2026 4108 2329 4169 ἐπικλίνον-

747 4222 832 4267 τες
857 4197 977 4265 τοὺς
1002 4197 1228 4265 κλάδους
1246 4198 1319 4263 εἰς
1340 4196 1527 4279 ὄροφον
1544 4240 1562 4269 ,
1588 4199 1875 4278 ἀκρόκομοι
1898 4198 1952 4257 δὲ
1974 4200 2043 4265 ὡς
2065 4200 2123 4257 οὗ
2149 4196 2328 4257 κάτω-

752 4292 836 4346 θεν
866 4287 985 4345 ἀλλ’
1016 4287 1070 4345 ἕν
1092 4285 1242 4367 ἄκρῳ
1265 4284 1376 4344 ἅνω
1405 4288 1704 4361 κομῶντες·
1731 4292 1959 4345 τοιοῦτον
1989 4282 2093 4366 γὰρ
2121 4284 2181 4345 τὸ
2207 4284 2322 4345 δέν·

752 4374 889 4453 δρον.
974 4373 1083 4435 Καὶ
1108 4371 1203 4455 ὅρα
1238 4370 1319 4433 ὅτι
1345 4378 1451 4433 τῶν
1483 4376 1678 4454 Καρῶν
1702 4372 2011 4453 ἄκροκόμων
2033 4373 2324 4453 λεχθέντων

751 4658 805 4713 5.
832 4654 921 4723 τὴν
942 4674 1054 4711 om.
1073 4659 1135 4717 L,·
1154 4655 1238 4707 καὶ
1258 4655 1438 4726 κτίσμα
1462 4673 1503 4709 ε.
1538 4658 1597 4716 Β,-
1617 4673 1746 4717 τινος
1769 4653 1941 4725 ἀνδρὸς
1967 4672 2077 4708 om.
2102 4659 2164 4708 L.
2195 4656 2217 4722 ΙΙ
2249 4684 2322 4695 —-

749 4740 804 4791 6.
829 4755 962 4798 τινος
988 4752 1097 4790 om.
1122 4738 1187 4790 Μ
1194 4758 1217 4796 ,·
1243 4752 1352 4805 σοφ.
1380 4732 1552 4805 ἀνδρὸς
1578 4732 1635 4800 d,
1662 4752 1772 4806 σοφ.
1796 4734 2092 4796 Βαὸυλῶνος
2110 4740 2183 4797 L,·
2208 4732 2320 4799 Μή-

747 4813 865 4885 δου]
892 4813 1061 4880 Βήλου
1084 4812 1266 4885 steph.
1288 4830 1340 4866 v,
1362 4812 1619 4866 Βαδυλών.
1649 4814 1671 4881 ΙΙ
1702 4844 1768 4855 --
1791 4817 1844 4869 8.
1870 4812 2203 4883 ὀκτακοσίοις]
2232 4812 2320 4865 δύο

744 4892 909 4949 codd.
940 4892 1149 4965 steph..
1178 4891 1312 4948 adeo
1336 4903 1397 4946 ut
1435 4891 1483 4963 β’
1519 4904 1572 4947 et
1596 4892 1658 4946 ω’
1680 4894 1928 4948 alterutro
1956 4894 2074 4949 loeo
2101 4891 2317 4947 confusa

742 4974 870 5030 sint.
895 4974 918 5043 ΙΙ
936 5002 1011 5015 --
1028 4991 1083 5043 9.
1111 4971 1195 5025 καὶ
1212 4991 1323 5027 om.
1340 4991 1391 5042 γ.
1418 4974 1531 5043 11-
1556 4990 1639 5029 1ο.
1662 4978 1746 5041 τῆς
1764 4972 1949 5040 καὶτὴν
1977 4978 2045 5038 0,·
2065 4972 2212 5040 αὗτῆς
2240 4974 2317 5027 Η.

749 5052 772 5121 ΙΙ
806 5081 885 5093 -
919 5066 1004 5104 12.
1032 5050 1279 5122 Καιφῆνάς
1308 5056 1366 5114 C,-
1402 5050 1658 5105 καλεῖσθαι
1677 5051 1795 5123 φησί
1818 5072 1937 5107 ποτε
1952 5069 2024 5123 y,·
2054 5052 2187 5123 λέγει
2217 5069 2319 5123 pro

2177 458 2596 523 EUSTATfflt

2449 585 2634 640 tribuit
2648 626 2665 651 ,
2697 597 2757 642 ut
2779 606 3024 661 magnum
3065 592 3178 665 ipsa
3211 610 3390 665 regem
3419 608 3649 668 quatuor
3675 618 3772 673 per
3809 622 4008 664 annum

2449 683 2650 719 menses
2665 704 2680 731 ,
2701 667 2901 740 reliqua
2921 672 3094 726 omnis
3121 673 3246 727 Asia
3281 673 3514 746 reliquos
3533 688 3655 733 octo
3685 697 3888 739 menses
3905 688 4008 742 ale-

2447 755 2547 801 ret.
2622 747 2933 804 Theocritus
2956 753 3070 820 (16,
3104 750 3227 826 εοο)
3255 771 3420 827 porro
3445 756 3762 816 Samiramin
3790 762 4011 839 Babylo-

2449 826 2530 879 nis
2587 829 2784 884 moenia
2839 849 2904 885 ex
2947 830 3209 887 bitumine
3255 832 3539 891 edificasse
3585 838 3828 899 affirmat.
3902 847 4010 903 Alii

2450 902 2648 979 (Steph.
2692 906 2969 984 Βαθυλών)
3033 911 3172 967 hanc
3213 912 3539 986 Babylonem
3593 932 3828 979 vocatam
3880 926 4006 983 olim

2447 981 2604 1039 fuisse
2648 987 2862 1043 tradunt
2900 991 3186 1047 Seleuciam
3209 1032 3226 1058 ,
3256 994 3632 1070 conditamque
3661 1000 3818 1059 fuisse
3853 1026 3884 1061 a
3905 1011 4008 1065 Ba-

2445 1062 2660 1136 bylone,
2693 1068 2806 1123 viro
2824 1072 3203 1143 sapientissimo
3221 1114 3237 1139 ,
3267 1074 3412 1129 Medi
3437 1076 3578 1143 filim
3598 1089 3652 1133 et
3685 1082 3869 1140 urbem
3887 1100 4010 1145 ante

2443 1143 2798 1201 Semiramidis
2820 1158 3055 1222 tempora
3083 1150 3240 1207 fuisse
3262 1153 3413 1208 aiunt
3427 1158 3582 1210 annis
3607 1160 3749 1215 mille
3773 1174 3826 1219 et
3841 1168 4006 1221 octin-

2443 1223 2628 1291 gentis.
2705 1227 2984 1283 Sciendum
3019 1241 3198 1285 autem
3237 1243 3344 1297 est,
3387 1234 3534 1306 quod
3575 1236 3731 1293 habet
3757 1240 4000 1312 historia,

2445 1318 2631 1373 magna
2657 1306 2928 1362 mulierem
2968 1310 3312 1381 intelligentia
3352 1312 3512 1369 fuisse
3539 1316 3755 1387 quidem
3785 1322 4004 1379 Semira-

2443 1380 2580 1445 min;
2607 1381 2700 1436 sed
2727 1394 2897 1439 tamen
2921 1404 2978 1441 ea
3005 1390 3374 1460 sapientiorem
3403 1390 3564 1447 fuisse
3584 1394 3822 1452 Nitocrin
3838 1440 3853 1465 ,
3891 1419 4006 1473 qua:

2441 1467 2493 1510 et
2517 1460 2628 1531 ipsa
2651 1462 2914 1537 Babylone
2938 1468 3249 1539 regnaverit.
3325 1471 3512 1525 Persas
3552 1490 3748 1545 porro,
3775 1495 4006 1549 quorum

2441 1542 2745 1613 metropolis
2799 1544 3025 1617 Babylon
3042 1588 3057 1613 ‚
3112 1550 3384 1621 Cephenes
3428 1552 3556 1606 olim
3587 1565 3796 1611 vocatos
3827 1560 4008 1617 scribit

2439 1620 2714 1679 Arrianus.
2791 1624 2891 1679 Alii
2917 1628 3115 1695 (Str-ab.
3137 1648 3178 1701 p
3221 1630 3365 1701 738)
3386 1648 3512 1685 vero
3540 1633 3612 1687 ita
3627 1633 3736 1690 sere
3750 1653 4002 1699 narrant:

2437 1698 2784 1773 Posteaquam
2811 1706 2994 1770 Ninus,
3017 1708 3274 1778 Syrorum
3301 1726 3395 1764 rex
3411 1750 3427 1775 ,
3455 1712 3686 1767 Ninevin
3717 1714 4002 1774 aedifieave·

2437 1788 2547 1845 rat,
2591 1778 2749 1852 hujus
2771 1801 2988 1838 uxorem
3018 1788 3173 1857 longe
3201 1789 3451 1844 maritum
3471 1804 3808 1863 superantem
3833 1799 4004 1872 Baby·

2435 1856 2609 1913 lonem
2626 1860 2682 1914 in
2696 1866 2970 1935 campestri
2989 1865 3105 1919 loco
3127 1885 3192 1921 ex
3213 1869 3376 1923 coctis
3397 1868 3645 1926 latoribus
3666 1884 3720 1928 et
3744 1873 4002 1934 bitumine

2435 1939 2680 2011 raesisque
2721 1941 3008 2015 lapidibus,
3051 1946 3354 2002 cubitorum
3389 1950 3556 2004 trium
3579 1950 3883 2021 latitudine,
3911 1978 4000 2014 sex

2433 2016 2778 2089 longitudine,
2799 2028 3110 2080 exstruxisse
3128 2067 3142 2091 ‚
3173 2025 3394 2099 ejusque
3417 2029 3678 2085 ambitum
3701 2034 3881 2090 stadiis
3897 2047 3999 2093 tre·

2431 2099 2596 2151 centis
2634 2111 2688 2155 et
2717 2104 2980 2173 octoginta
3029 2106 3267 2177 quinque
3294 2106 3625 2177 definivisse3
3655 2128 3838 2168 muros
3879 2135 4001 2173 vero

2429 2174 2496 2229 ad
2552 2180 2926 2253 quinquaginta
2975 2184 3279 2240 cubitorum
3345 2186 3679 2244 altitudinem
3727 2195 3994 2263 extulisse,

2429 2274 2658 2329 quorum
2697 2264 2988 2319 crassitudo
3015 2265 3081 2319 ad
3107 2267 3320 2338 triginta
3365 2286 3536 2342 usque
3561 2271 3773 2327 cubitos
3800 2275 3999 2333 dimen-

2428 2338 2630 2393 sionem
2669 2340 2918 2411 habebat,
2972 2346 3046 2400 ita
3079 2357 3142 2401 ut
3184 2346 3452 2419 quadrigae
3487 2363 3824 2409 occurrentes
3853 2355 3998 2414 facile

2428 2434 2482 2471 se
2513 2422 2955 2491 transmitterent3
2987 2437 3258 2499 turresque
3285 2427 3414 2482 altas
3443 2432 3610 2501 portis
3652 2432 3996 2505 imposuisse,

2429 2508 2479 2551 et
2499 2510 2677 2570 portas
2695 2520 2852 2557 mas
2875 2516 2927 2559 et
2953 2506 3020 2559 ad
3048 2525 3292 2577 magnam
3329 2508 3662 2563 altitudinem
3693 2524 3892 2569 erectas
3917 2518 3996 2572 in·

2427 2576 2693 2651 signisque
2755 2582 3045 2640 altitudinis
3109 2586 3323 2655 fecisse3
3391 2599 3642 2659 praeterea
3701 2610 3830 2649 veno
3886 2614 3995 2653 ma-

2427 2674 2591 2743 gnum
2647 2664 3032 2737 receptaculum
3089 2683 3347 2737 aquarum
3401 2670 3755 2725 construxisse
3769 2712 3787 2738 ,
3845 2676 3997 2748 eique

2428 2736 2792 2791 imminentem
2855 2740 3104 2798 excitasse
3149 2740 3368 2797 hortum
3421 2742 3796 2799 admirandum
3837 2766 3992 2820 quem

2427 2810 2680 2878 pensilem
2729 2812 2974 2868 dicebant
2991 2854 3008 2879 ,
3048 2814 3297 2870 lateribus
3347 2828 3578 2889 quatuor
3629 2831 3956 2877 constantem
3971 2866 3986 2892 ,

2426 2899 2660 2952 quorum
2702 2886 2906 2958 singula
2937 2900 3086 2943 erant
3114 2888 3362 2962 jugerum
3390 2902 3807 2963 quaternorum;
3837 2908 3992 2969 atque

2427 2974 2550 3011 eum
2579 2977 2790 3032 quoque
2815 2964 3026 3017 hortum
3057 2981 3222 3018 unum
3247 2966 3314 3019 de
3349 2976 3548 3036 septem
3577 2968 3765 3021 mundi
3795 2982 3993 3041 specta-

2427 3032 2557 3084 culis
2580 3033 2757 3089 fnisse.
2833 3038 2923 3090 Est
2945 3050 3120 3092 autem
3143 3050 3196 3093 et
3239 3040 3337 3093 alia
3361 3040 3592 3111 Babylon
3624 3043 3840 3113 Libyca.
3883 3048 3986 3101 Ve-

2428 3122 2546 3159 rum
2570 3106 2638 3160 de
2663 3109 2926 3181 Babylone
2943 3110 3025 3165 illa
3043 3114 3248 3166 Persica
3266 3112 3604 3181 Herodotus(
3625 3132 3671 3179 1,
3709 3120 3842 3190 178)
3860 3119 3986 3175 dicit

2427 3178 2644 3252 Assyria:
2685 3184 2872 3238 urbem
2917 3186 3370 3241 celebratissimum
3409 3199 3568 3258 atque
3617 3190 3986 3249 validissimam

2426 3270 2538 3307 esse
2560 3256 2877 3328 Babylonem
2897 3300 2911 3324 ‚
2933 3260 3022 3313 ubi
3051 3262 3207 3313 etiam
3232 3262 3388 3331 regia.
3467 3262 3670 3317 Urbem
3699 3264 3834 3318 hanc
3861 3285 3986 3337 qna·

2425 3326 2681 3399 drangula
2703 3331 2866 3416 fissura
2895 3334 2948 3386 in
2972 3335 3168 3404 ingenti
3189 3335 3402 3406 planitie
3424 3340 3576 3390 sitam
3603 3356 3714 3391 esse
3735 3350 3786 3391 et
3804 3357 3988 3395 unam-

2425 3406 3986 3556 3353013¹fflfssfflf⁰ffsffl²sstffssssssffist25323'3353

2425 3550 2492 3604 sit
2525 3555 2816 3610 stadiorum
2844 3556 3344 3629 qttadringentorum
3375 3569 3429 3613 et
3465 3561 3760 3632 octoginta,
3806 3575 3986 3635 portas

2425 3644 2551 3684 vero
2583 3648 2680 3701 per
2704 3632 2844 3685 muri
2870 3632 3122 3687 ambitum
3150 3652 3260 3687 esse
3287 3644 3500 3688 centum
3518 3676 3533 3699 ‚
3583 3654 3742 3690 aereas
3771 3640 3980 3693 univer·

2423 3720 2536 3770 sas,
2569 3707 2722 3759 sicuti
2745 3707 2900 3761 etiam
2925 3719 3094 3779 postes
3117 3719 3168 3762 et
3185 3708 3620 3781 superliminaria.
3669 3712 3740 3765 Et
3765 3712 3979 3769 observa

2422 3795 2531 3832 non
2579 3781 2786 3835 Thebas
2824 3782 2984 3836 modo
3023 3785 3186 3855 portis
3231 3802 3344 3837 csse
3388 3794 3601 3840 centum
3619 3827 3634 3853 ,
3689 3787 3780 3841 sed
3825 3790 3981 3845 etiam

2419 3871 2540 3909 ecce
2579 3855 2672 3908 tibi
2706 3856 2857 3909 talem
2885 3856 3212 3929 Babylonem.

2495 3944 2650 3987 1010.
2673 3929 2906 4002 Babylon
2935 3930 3017 3985 illa
3051 3933 3256 3987 Persica
3301 3933 3491 3988 multas
3521 3935 3620 3991 sert
3646 3937 3877 4010 palmas,
3917 3942 3972 3995 in

2419 4021 2627 4057 summo
2649 4015 2878 4058 cometas
2904 4014 2957 4058 et
2977 4024 3199 4077 superne
3238 4018 3498 4078 tegentes;
3537 4014 3832 4082 proprietas
3869 4014 3983 4069 haec

2418 4089 2495 4132 est
2536 4078 2692 4149 hujus
2738 4078 2959 4134 arboris.
3037 4082 3302 4135 Dicuntur
3346 4081 3444 4136 illae
3485 4083 3765 4157 ἔπηρεφεῒς,
3823 4087 3979 4142 veluti

2415 4152 2726 4207 inclinantes
2749 4164 2905 4226 atque
2925 4154 3247 4210 inflectentes
3263 4173 3438 4209 ramos
3467 4156 3534 4219 εἰς
3559 4159 3766 4230 ὄροφον,
3792 4160 3847 4215 in
3871 4181 3977 4216 mo·

2414 4226 2539 4282 dum
2559 4227 2686 4282 tecti
2697 4249 2719 4292 ,-
2755 4227 3020 4299 ἀκρόκομοι
3049 4247 3174 4284 vero
3189 4271 3205 4295 ,
3240 4231 3277 4283 i.
3308 4249 3356 4283 e.
3395 4230 3660 4285 alticoma·
3675 4274 3690 4296 ,
3729 4244 3976 4307 tanquam

2415 4320 2524 4357 non
2560 4303 2800 4363 inferne,
2825 4302 2916 4357 sed
2946 4320 3172 4375 superne
3208 4314 3366 4375 atque
3391 4306 3445 4357 in
3495 4322 3706 4359 summo
3733 4320 3974 4376 comatae5

2416 4379 2530 4433 talis
2571 4396 2801 4450 namque
2829 4378 2938 4433 lure
2972 4378 3149 4433 arbor.
3225 4384 3304 4435 Ac
3339 4378 3459 4433 vide
3495 4391 3582 4446 ut,
3627 4398 3796 4453 quum
3823 4385 3981 4439 Cares

2411 4656 2552 4724 gitur
2579 4672 2667 4725 ap.
2711 4653 2953 4707 Strabon.
2981 4672 3036 4725 p.
3077 4654 3178 4723 738
3201 4658 3354 4719 (628,
3388 4656 3454 4717 34
3481 4654 3645 4725 Did.)
3664 4654 3976 4723 ;·ὓπε’στησεν

2414 4738 2467 4788 C.
2501 4734 2524 4804 ss
2546 4764 2615 4775 —-
2639 4749 2729 4787 21.
2753 4732 2837 4785 καὶ
2856 4732 3008 4795 πύλας
3037 4735 3143 4794 τοῖς
3167 4732 3366 4804 πύργοις
3387 4731 3648 4800 ἐπέστησεν
3673 4733 3863 4805 ὑψηλὰς
3892 4739 3936 4792 L
3950 4758 3976 4799 ,-

2408 4832 2462 4867 τε
2486 4831 2598 4867 om.
2639 4817 2714 4875 L,·
2737 4811 2821 4875 τὰς
2855 4811 2980 4867 add.
3007 4816 3088 4882 cy.
3121 4812 3143 4882 11
3190 4842 3264 4853 -
3289 4813 3378 4869 23.
3404 4832 3457 4866 τε
3484 4830 3596 4869 om.
3622 4813 3697 4877 ά,-
3719 4812 3975 4867 ἂνατεινά·

2411 4911 2553 4964 μενος
2581 4896 2638 4947 L.
2664 4892 2686 4963 ΙΙ
2709 4922 2782 4933 -
2804 4890 2891 4945 25.
2917 4890 3000 4945 τὸν
3027 4890 3300 4962 λεγόμενον
3325 4892 3607 4963 θαυμαστόν
3638 4897 3704 4949 L.
3733 4893 3754 4962 ΙΙ
3782 4922 3857 4934 -—
3882 4893 3969 4949 30.

2407 4972 2578 5043 Συρίας
2605 4990 2664 5043 y.
2710 4974 2732 5042 ΙΙ
2764 5002 2835 5014 -
2862 4972 2948 5027 33.
2978 4970 3147 5025 ἑκατὸν
3173 4990 3250 5025 στ.
3295 4970 3378 5023 καὶ
3418 4968 3574 5024 εἴκοσι
3607 4976 3666 5025 L.
3717 4974 3740 5042 ΙΙ
3769 5002 3841 5014 -
3881 4973 3970 5037 34.

2407 5048 2558 5117 αὖτὴν
2581 5050 2643 5114 cI,·
2663 5048 2752 5116 τὴν
2773 5066 2881 5105 om.
2903 5048 3070 5106 ΗΜΛ.
3099 5051 3217 5119 11-
3239 5050 3326 5120 39.
3349 5049 3380 5117 ἡ
3402 5050 3464 5106 tl.
3497 5051 3622 5103 Rae.
3647 5050 3833 5116 codd„
3854 5068 3970 5106 exe.

740 5148 860 5202 φησι
895 5128 953 5186 d.
996 5130 1019 5201 ΙΙ
1047 5160 1119 5172 -
1154 5130 1237 5189 15,
1273 5130 1559 5203 βαλλομένη
1674 5130 1915 5194 λαξευτῶν
1946 5152 2041 5203 τρι.
2068 5150 2176 5185 om.
2204 5135 2258 5186 C.
2289 5131 2312 5201 ΙΙ
2409 5131 2698 5202 Cde.ss·-—
2713 5134 2800 5193 [40.
2819 5128 3018 5183 ἐστιτοῦ
3039 5129 3258 5182 τοιούτου
3283 5148 3337 5200 φ.
3355 5130 3416 5193 ιζ·
3438 5128 3539 5183 ἐστι
3557 5134 3644 5184 τοῦ
3655 5134 3805 5202 φυτοῦ
3827 5134 3970 5185 τοῦτο

739 5239 813 5252 -
836 5213 922 5266 18.
954 5208 1083 5283 αὗτῇ
1105 5228 1216 5265 om.
1251 5215 1309 5268 L.
1350 5213 1373 5282 ΙΙ
1413 5241 1488 5253 -
1517 5228 1606 5280 «19.
1637 5211 1742 5283 ‘res'
1770 5216 1911 5277 ΚΜ,
1939 5212 2015 5267 πε’
2034 5216 2145 5267 FL.
2184 5213 2207 5283 ΙΙ
2241 5242 2314 5253 -
2397 5228 2454 5280 y.
2486 5211 2507 5278 ΙΙ
2536 5240 2609 5251 -
2634 5213 2723 5273 41.
2747 5208 2998 5280 ‘’was-9423
3029 5207 3098 5272 d,·
3118 5204 3222 5279 οἶα]
3251 5208 3299 5261 οἱ
3322 5212 3374 5263 C.
3413 5209 3434 5279 ΙΙ
3459 5240 3532 5251 -
3564 5215 3652 5273 4²·
3683 5210 3752 5273 ὡς
3770 5208 3837 5273 εἰς
3859 5228 3911 5280 γ.
3940 5210 3963 5281 ΙΙ

740 5305 830 5345 20.
870 5288 938 5353 εἰς
966 5290 1232 5364 τριάκοντα
1262 5289 1469 5364 πήχεις]
1498 5292 1661 5347 ποδῶν
1698 5291 1785 5345 δύο
1812 5292 1895 5345 καὶ
1939 5292 2199 5365 τριάκοντα
2238 5290 2313 5344 le·
2402 5290 2558 5354 -43,
2589 5296 2808 5343 τοιοῦτον
2827 5308 2880 5351 γ.
2905 5288 2962 5343 τὶ)
2976 5288 3169 5360 δένδρον
3196 5308 3306 5343 om.
3335 5292 3608 5361 bil—44.
3632 5289 3826 5363 Καρῶν]
3844 5288 3968 5346 deb.
