4584 6284
1764 409 2114 473 ANAPLUS
2156 410 2474 473 Bospont
2515 411 2861 473 THRACII.

695 546 803 599 veri
828 544 1084 611 videatur,
1110 544 1350 615 adeoque
1378 541 1675 615 profundus
1689 580 1705 609 ,
1735 552 1799 597 ut
1822 540 2069 613 pontibus
2094 542 2247 595 etiam
2337 552 2433 610 est,
2466 558 2626 614 quem
2671 545 2882 615 Pyrgon
2909 542 3064 615 vulgo
3099 542 3376 615 appellant.
3414 543 3584 597 Etiam
3609 546 3650 598 si
3679 544 3895 619 jampri.

690 644 803 688 tota
826 642 1003 687 aestate
1032 640 1345 687 transeatur.
1378 628 1575 685 Eadem
1612 639 1689 683 est
1708 628 1822 701 ejus
1842 627 2062 683 latitudo
2086 628 2253 701 spatio

694 719 861 775 ferme
886 720 1071 775 decem
1104 719 1457 773 miliariorum
1475 759 1493 789 ,
1520 717 1576 771 in
1597 735 1708 789 quo
1728 715 1941 789 quidem
1976 717 2143 791 spatio
2164 733 2252 771 eu·

687 808 793 879 ripi
816 806 885 861 ab
906 826 971 861 eo
1004 806 1229 861 derivati
1250 807 1397 859 omni
1422 805 1543 859 anni
1565 816 1797 877 tempore
1822 805 2111 877 praecipites
2142 822 2255 859 ver-

688 904 809 947 sant
835 893 1003 949 molas
1028 893 1431 948 moletrinorum
1454 889 1732 947 sexdecim.
1762 890 1899 945 Fluit
1918 907 2013 963 per
2030 890 2251 945 mediam

693 980 879 1035 vallem
903 980 1117 1053 planam
1138 991 1193 1036 ct
1216 990 1539 1054 pratensem,
1576 990 1635 1034 ut
1662 996 1693 1033 a
1716 978 1949 1034 fontibus
1990 996 2153 1052 usque
2183 977 2252 1034 ad

686 1070 889 1124 ostium
916 1071 985 1124 sit
1000 1080 1314 1142 perpetuum
1334 1078 1560 1142 pratum,
1580 1066 1727 1140 cujus
1752 1068 2031 1123 maximam
2050 1078 2251 1139 partem

692 1178 790 1215 rex
814 1158 1067 1233 possidet.
1099 1163 1233 1228 Quae
1253 1167 1449 1228 quanta
1465 1158 1551 1225 sit,
1573 1154 1863 1227 conjectare
1886 1156 2041 1211 etiam
2065 1154 2253 1209 absens

696 1256 849 1318 potes
868 1262 934 1299 ex
948 1243 1339 1318 quadringentis
1360 1241 1597 1314 agricolis
1612 1242 1937 1309 Christianis,
1956 1259 2107 1315 quos,
2128 1259 2251 1296 cum

696 1333 822 1388 illuc
844 1332 1106 1408 profectus
1144 1349 1337 1399 essem,
1374 1328 1571 1387 offendi
1620 1348 1728 1386 uno
1752 1328 1939 1385 ordine
1974 1329 2253 1403 dispositos

694 1419 917 1475 herbam
934 1430 1181 1487 secantes,
1202 1416 1394 1491 quibus
1414 1427 1669 1489 praeerant
1684 1416 1837 1471 Turci
1860 1418 2093 1491 quinque
2112 1417 2254 1489 equi·

698 1516 805 1572 tes,
836 1515 957 1561 octo
985 1502 1185 1579 pedites
1226 1521 1361 1577 opus
1400 1513 1675 1574 urgentes3
1718 1501 1937 1558 totidem
1974 1502 2251 1576 quadrigas

697 1591 841 1648 foeno
860 1602 1069 1647 onustas
1085 1592 1290 1656 inveni,
1316 1588 1542 1659 singulas
1567 1606 1673 1643 uno
1694 1606 1821 1661 pare
1852 1588 2021 1645 boum
2040 1599 2247 1654 tractas,

697 1688 923 1750 quatuor
934 1677 1061 1732 rotis
1076 1686 1383 1731 sustentatas
1403 1674 1777 1749 posterioribus
1788 1675 2073 1749 majoribus
2084 1677 2251 1733 excel-

686 1764 1021 1836 sioribusque
1061 1762 1129 1818 ad
1171 1760 1506 1835 excipiendas
1542 1763 1766 1835 priores.
1814 1762 1987 1818 Incidi
2034 1764 2159 1818 item
2192 1766 2245 1818 in

694 1852 1020 1915 Genisatios,
1055 1849 1147 1922 qui
1168 1849 1379 1907 circiter
1406 1848 1621 1904 trecenti
1647 1849 1820 1903 emissi
1839 1848 2155 1905 dicebantur
2179 1848 2245 1905 ad

689 1936 1001 2009 colligendas
1041 1936 1323 1991 fluminum
1357 1946 1411 1989 et
1442 1935 1653 1991 lacuum
1690 1935 2015 2009 nymphus,
2060 1936 2251 2009 quibus

690 2023 943 2097 Barbyses
959 2033 1013 2078 et
1028 2021 1247 2095 Cydaris
1264 2018 1539 2076 abundant
1552 2058 1569 2086 ,
1594 2020 1889 2094 quibusque
1904 2023 2059 2093 regite
2080 2022 2252 2094 potio·

688 2130 784 2167 nes
806 2111 943 2167 fiunt
966 2112 1075 2183 regi
1110 2111 1345 2177 usitatae,
1382 2120 1446 2165 ut
1469 2110 1775 2165 Christianis
1814 2108 2107 2165 vinolentae.
2148 2108 2249 2165 Sed

690 2198 849 2255 redeo
871 2196 938 2252 ad
960 2197 1263 2269 Barbysem.
1280 2196 1463 2251 Primo
1476 2214 1507 2251 a
1528 2197 1881 2269 septentrione
1896 2194 1965 2250 ad
1982 2196 2250 2251 meridiem

684 2286 891 2359 aliquot
911 2284 1134 2339 miliaria
1160 2282 1434 2357 procedit,
1462 2282 1653 2339 deinde
1678 2284 1849 2337 varios
1876 2283 2040 2337 flexus
2060 2282 2219 2338 efficit
2233 2324 2249 2349 ,

694 2389 840 2427 nunc
870 2368 939 2425 ad
968 2380 1147 2425 ortum
1188 2368 1629 2441 aequinoctialem,
1658 2386 1803 2423 nunc
1836 2368 1903 2423 ad
1939 2367 2249 2437 hibernum,

691 2477 841 2516 nunc
856 2462 995 2515 inter
1017 2468 1197 2514 ortum
1232 2466 1289 2513 et
1330 2456 1604 2513 meridiem
1620 2496 1637 2524 ,
1680 2454 1999 2528 tandemque
2030 2458 2253 2527 spatium

694 2560 925 2623 quatuor
948 2547 1295 2605 miliariorum
1321 2544 1659 2622 progrediens
1681 2544 1749 2600 ab
1770 2554 1893 2600 ortu
1922 2543 2169 2599 solstitiali
2187 2543 2254 2599 ad

686 2654 937 2693 occasum
959 2633 1275 2701 hibernum,
1313 2632 1423 2689 exit
1454 2633 1513 2687 in
1550 2632 1727 2687 sinum
1754 2632 2073 2687 Cet-atinum.
2112 2631 2255 2687 Illius

688 2724 834 2781 vallis
870 2742 967 2798 per
1007 2720 1273 2778 anfractus
1314 2720 1576 2777 normales
1618 2720 1855 2775 similiter
1896 2731 1958 2775 ut
1994 2723 2255 2795 Bosporus

688 2814 879 2888 pergit,
904 2829 1061 2885 quem
1100 2810 1262 2866 babet
1290 2808 1618 2883 parallelum,
1649 2810 1723 2863 ita
1748 2818 1808 2863 ut
1832 2811 1875 2863 si
1900 2810 2281 2883 porrigeretur·

692 2919 859 2975 usque
882 2900 949 2955 ad
982 2902 1215 2955 Pontum
1228 2938 1245 2966 ,
1282 2908 1346 2953 ut
1380 2897 1596 2971 quidam
1638 2898 1803 2969 ipsius
1833 2896 2015 2952 vallem
2055 2898 2253 2970 porrigi

684 2988 874 3043 dicunt
888 3026 905 3053 ,
934 2984 1159 3041 insulam
1180 2984 1447 3041 efficerent
1478 2981 1729 3055 Barbyses
1755 2992 1809 3037 et
1832 2984 2114 3054 Bosporus.
2144 2984 2253 3052 Qui

687 3076 758 3131 ab
782 3074 919 3130 illius
935 3074 1073 3130 ostio
1086 3072 1495 3147 proficiscuntur
1510 3069 1575 3125 ad
1596 3068 1832 3142 ejusdem
1856 3070 2045 3137 fontes,
2076 3070 2256 3127 vident

692 3164 837 3219 illum
870 3180 902 3217 a
940 3164 1053 3235 ripa
1080 3161 1264 3216 dextra
1303 3158 1439 3214 duos
1470 3158 1656 3213 fluvios
1694 3158 1927 3230 accipere
1943 3196 1962 3225 ,
2002 3166 2253 3231 utrosque

692 3250 956 3304 venientes
988 3246 1053 3303 ab
1084 3256 1207 3301 ortu
1234 3244 1386 3314 solis,
1426 3256 1537 3299 tota
1558 3252 1731 3299 aestate
1764 3260 2049 3317 perennes,
2080 3260 2251 3297 unum

696 3336 752 3390 in
778 3332 953 3389 medio
973 3350 1158 3398 cursu,
1179 3332 1399 3385 alterum
1420 3328 1577 3404 paulo
1604 3327 1741 3385 infra
1758 3344 1881 3384 suos
1908 3326 2096 3395 fontes,
2124 3346 2246 3403 per·

692 3418 929 3476 lucidum
946 3458 963 3487 ,
995 3420 1152 3473 etiam
1177 3427 1341 3471 totam
1379 3426 1607 3471 oestatem
1641 3414 1805 3470 molas
1844 3431 2049 3471 versare
2082 3416 2253 3470 valen-

696 3519 829 3577 tem,
872 3524 1033 3581 quem
1072 3506 1351 3579 scriptores
1388 3514 1575 3560 vocant
1612 3500 1928 3576 Hydralem3
1966 3521 2109 3559 nunc
2140 3502 2253 3577 ejus

694 3615 889 3653 nomen
928 3596 1259 3667 ignorantes,
1295 3592 1385 3648 alii
1421 3591 1679 3667 appellant
1709 3590 2023 3663 Belgi-adum
2062 3610 2095 3647 a
2136 3593 2255 3647 vico

694 3702 861 3759 prope
880 3684 1041 3757 ipsius
1062 3684 1203 3756 ripas
1219 3682 1321 3736 sito
1340 3721 1357 3746 ,
1388 3680 1474 3734 alii
1492 3680 1690 3735 flumen
1714 3679 1991 3734 nominant
2018 3680 2255 3735 Camas-

698 3792 820 3829 rum
859 3790 891 3827 a
931 3770 1216 3827 fornicibus
1251 3768 1443 3842 quibus
1484 3766 1773 3822 ducebatur
1819 3766 2256 3841 Constantinopo-

698 3860 813 3915 lim.
857 3858 1015 3913 Hunc
1050 3859 1194 3913 enim
1219 3854 1553 3911 Andronicus
1585 3870 1679 3908 rex
1714 3851 1926 3907 excelsis
1967 3850 2255 3908 fornicibus

697 3962 962 4019 opereque
994 3942 1335 3998 subterraneo
1368 3940 1425 3995 in
1451 3940 1639 3995 urbem
1670 3936 1959 4011 perducere
1992 3956 2255 4011 aggressus

699 4041 779 4089 est
791 4073 810 4101 ,
830 4050 953 4089 cum
974 4040 1036 4086 ut
1061 4040 1234 4086 cetera
1258 4028 1387 4083 urbs
1408 4043 1544 4099 aqua
1562 4023 1877 4091 abundaret,
1898 4036 2011 4079 tum
2032 4026 2259 4080 maxime

696 4122 753 4177 bi
768 4161 787 4188 ,
838 4121 931 4194 qui
966 4118 1266 4175 babitarent
1311 4117 1453 4171 circa
1491 4112 1829 4179 Blachernas,
1867 4112 1959 4167 ubi
2002 4112 2259 4183 cogitabat

697 4226 945 4281 magnum
984 4205 1323 4280 nympheum
1361 4212 1697 4269 construere,
1754 4211 1817 4255 ut
1852 4200 1930 4255 ibi
1968 4199 2255 4257 habitantes

694 4296 1045 4370 copiosiorem
1064 4310 1259 4367 aquam
1287 4291 1547 4348 haberent
1570 4306 1585 4345 τ
1608 4300 1667 4345 at
1702 4297 1875 4344 morte
1906 4288 2223 4361 interceptus
2238 4327 2255 4354 ,

696 4402 832 4459 opus
848 4382 1058 4455 reliquit
1082 4378 1445 4454 imperfectum
1461 4418 1479 4447 ,
1512 4376 1661 4451 quod
1690 4376 1887 4449 posteri
1913 4392 2059 4447 reges
2088 4373 2257 4429 absol-

700 4490 821 4526 vere
856 4470 1227 4542 neglexerunt,
1264 4475 1325 4521 ut
1347 4482 1482 4540 opus
1514 4464 1741 4519 nimium
1766 4472 2135 4536 sumptuosum
2150 4501 2168 4530 ,
2196 4470 2257 4516 ut

698 4560 858 4615 etiam
882 4558 1075 4613 isacius
1108 4572 1235 4624 rex,
1271 4555 1365 4627 qui
1400 4551 1765 4609 Andronicum
1802 4558 1857 4603 et
1882 4566 2045 4621 regno
2065 4558 2119 4603 et
2152 4548 2258 4603 vita

703 4644 927 4719 privavit
941 4683 956 4712 ,
998 4653 1199 4697 turrem
1236 4650 1291 4696 et
1334 4638 1584 4713 palatium
1597 4678 1613 4704 ,
1656 4654 1776 4709 quae
1820 4633 2153 4691 Andronicus
2186 4632 2255 4687 ad

2338 628 2458 683 dem
2481 629 2554 685 ibi
2579 630 2718 685 nulla
2743 632 2900 685 turris
2918 670 2933 697 ,
2967 630 3170 686 nullum
3191 630 3440 703 palatium
3462 633 3555 699 sit,
3577 642 3750 688 tamen
3771 634 3897 690 olim

2340 713 2494 769 fuisse
2515 718 2670 787 Pyrgi
2695 715 2880 771 incolae
2905 715 3120 783 dicunt,
3159 734 3388 789 saxaque
3409 716 3597 773 effoua
3625 737 3686 775 ex
3713 719 3902 776 funda·

2339 802 2526 856 mentis
2543 819 2820 857 murorum
2853 820 2911 857 se
2931 800 3123 857 vidisse
3151 812 3408 858 testantur
3442 804 3666 861 incisum
3703 825 3898 863 nomen

2339 887 2628 945 Andronici
2652 888 2912 945 babentia.
2946 892 3064 946 Jam
3088 888 3332 963 Hydrelis
3349 891 3524 947 influit
3543 893 3600 946 in
3617 893 3899 969 Barbyscm

2337 976 2626 1033 fornicibus
2665 976 2890 1053 diruptis
2904 1018 2922 1047 ,
2967 977 3161 1052 quibus
3203 979 3708 1054 (bmtantinopolim
3739 983 3900 1039 duce-

2339 1063 2510 1119 batur.
2540 1063 2776 1137 Cydarus
2815 1064 3008 1121 fluvius
3027 1106 3043 1133 ,
3073 1084 3232 1139 quem
3259 1064 3414 1139 vulgo
3451 1066 3780 1125 Machleuam
3802 1088 3896 1145 ap·

2339 1148 2564 1221 pellant,
2599 1149 2838 1205 similiter
2873 1160 2935 1203 ut
2975 1149 3228 1223 Barbyses
3263 1149 3553 1206 fornicibus
3594 1156 3900 1209 transversis

2338 1247 2562 1304 secetur,
2591 1236 2876 1309 Hydralem
2899 1248 2952 1293 et
2971 1237 3212 1311 Barbysoe
3227 1246 3428 1313 partem
3451 1238 3896 1315 Constantinopo-

2337 1324 2426 1381 lim
2435 1324 2768 1382 ducentibus.
2791 1327 3022 1398 Longior
3031 1325 3244 1401 quidem
3257 1336 3336 1382 est
3344 1345 3504 1400 quam
3515 1327 3786 1401 Barbyses,
3803 1328 3898 1385 sed

2339 1416 2532 1482 minor,
2562 1414 2904 1487 similiterque
2931 1414 3096 1471 ferme
3133 1426 3192 1470 ut
3215 1414 3468 1489 Barbyses
3503 1432 3598 1488 per
3631 1414 3898 1473 anfractus

2337 1502 2520 1571 fertur,
2535 1520 2684 1576 aquo
2701 1502 2842 1558 velut
2861 1502 2969 1557 fere
2979 1502 3222 1576 parallelo
3239 1504 3724 1576 curvoipsecurvus
3741 1502 3900 1559 distat

2337 1592 2480 1647 vario
2527 1589 2744 1665 quidem
2773 1590 3048 1647 intervallo
3064 1632 3080 1658 ,
3121 1590 3212 1647 sed
3251 1602 3504 1665 perpetuo
3539 1590 3730 1646 collino
3761 1592 3899 1646 inter

2337 1678 2562 1735 fornices
2621 1679 2896 1751 utriusque
2945 1687 3152 1752 patente
3196 1678 3252 1732 iu
3299 1675 3631 1731 latitudinem
3689 1678 3898 1733 circiter

2335 1775 2588 1837 quattuor
2609 1764 2956 1821 miliariorum
2973 1807 2988 1832 ,
3015 1766 3162 1820 vario
3182 1766 3336 1820 etiam
3353 1782 3517 1820 cursu
3540 1764 3894 1839 progreditur.

2333 1856 2467 1909 Nam
2489 1872 2520 1909 a
2539 1852 2845 1921 fornicibus,
2871 1855 3004 1908 ultra
3023 1872 3153 1927 quas
3170 1871 3278 1908 non
3295 1870 3598 1927 progressus
3619 1871 3758 1919 sum,
3787 1851 3896 1907 vidi

2334 1942 2509 2014 ipsum
2531 1941 2600 1997 ab
2621 1958 2808 1997 occasu
2842 1940 2911 1996 ad
2937 1952 3112 1996 ortum
3137 1940 3260 1996 solis
3277 1940 3522 2009 tendere,
3547 1939 3740 1995 deinde
3759 1942 3896 1997 flecti

2335 2026 2402 2083 ad
2416 2028 2688 2085 meridiem
2703 2048 2720 2097 ;
2741 2040 3008 2103 postremo
3031 2027 3256 2101 amplius
3273 2026 3382 2083 duo
3404 2027 3625 2083 miliaria
3643 2046 3674 2083 a
3689 2040 3896 2102 septen·

2337 2114 2592 2170 trionibus
2610 2113 2676 2169 ad
2696 2112 2967 2171 meridiem
2981 2114 3396 2188 proficiscentem
3409 2114 3628 2169 influere
3645 2116 3702 2169 in
3719 2115 3896 2170 sinum

2336 2203 2508 2259 Gens.
2539 2202 2898 2274 Quamobrem
2921 2204 3233 2276 Dionysium
3249 2242 3266 2269 ,
3291 2218 3414 2257 cum
3431 2201 3506 2257 ait
3525 2201 3790 2275 Cydarum
3809 2220 3896 2257 ve·

2339 2290 2450 2343 nire
2471 2288 2538 2345 ab
2561 2307 2748 2345 occasu
2771 2290 2979 2356 aestivo,
3001 2287 3283 2361 intelligere
3317 2300 3458 2343 non¹
3503 2299 3742 2361 oportet,
3772 2306 3894 2343 cum

2339 2375 2608 2430 intervallo
2625 2376 2834 2429 circiter
2855 2373 3024 2442 duum
3049 2374 3394 2429 miliariorum
3412 2374 3549 2429 ostio
3567 2376 3898 2448 propinquus

2337 2459 2552 2516 accedit.

2341 2622 2439 2676 IV.
2473 2624 2554 2675 De
2593 2619 2722 2675 locis
2749 2618 3037 2693 appellatis
3065 2617 3312 2675 Mandris
3341 2629 3394 2672 et
3434 2618 3568 2691 Dryt'
3592 2630 3644 2671 e!
3676 2618 3740 2673 de
3785 2620 3898 2673 Iuro

2410 2704 2681 2781 Apollinis
2706 2716 2758 2761 et
2775 2715 2938 2779 ponte
2973 2702 3216 2779 Philippi
3239 2715 3290 2758 et
3324 2702 3388 2759 de
3419 2704 3579 2759 cubis
3609 2706 3821 2778 ᾱιηορί.

2989 2865 3068 2925 Fr
3139 2873 3234 2923 20.

2408 3024 2540 3075 Ρωε
2570 3018 2794 3074 Bucolon
2809 3059 2826 3085 ,
2867 3020 3042 3091 inquit
3075 3019 3356 3091 Dionysius
3376 3058 3394 3085 ,
3445 3029 3572 3072 sicne
3617 3018 3730 3073 loca
3766 3038 3897 3073 nun·

2337 3116 2534 3180 cupam
2568 3102 2811 3161 Mandra
2843 3116 2894 3159 et
2931 3106 3069 3177 Drys
3082 3126 3106 3167 ,-
3152 3104 3240 3158 alle
3270 3101 3476 3175 quidem
3519 3121 3556 3157 a
3589 3102 3696 3158 loco
3723 3104 3899 3177 quieto

2339 3202 2389 3245 e!
2407 3190 2726 3256 tecto,·ma1·i
2742 3190 2880 3245 enim
2901 3190 3196 3264 -tmmqm'llo
3215 3188 3444 3244 alluitur
3455 3210 3478 3255 ,·
3495 3194 3632 3261 Drys
3655 3208 3776 3244 vem
3807 3192 3898 3243 lia-

2339 3278 2422 3333 bet
2459 3278 2632 3333 lucum
2662 3277 2908 3352 Apollini
2939 3294 3166 3332 sacrum.
3209 3280 3339 3332 Post
3367 3278 3778 3350 promontorium
3809 3289 3888 3332 est

2339 3364 2520 3433 longus
2538 3362 2690 3419 sinus
2713 3363 2890 3418 Aulon
2923 3362 3240 3437 appellatus.
3607 3371 3622 3386 ·

2406 3448 2470 3505 1d
2514 3450 2938 3523 promontorium
2989 3468 3022 3505 a
3061 3450 3414 3523 septentrione
3465 3446 3727 3504 clauditur
3769 3449 3896 3505 valle

2341 3536 2604 3610 Barbysae,
2641 3555 2674 3592 a
2709 3535 2928 3591 meridie
2972 3535 3101 3591 valle
3149 3534 3407 3592 efficiente
3444 3536 3621 3591 sinum
3655 3535 3892 3609 longum,

2339 3642 2496 3697 quem
2541 3626 2826 3697 Dionysius
2865 3624 3086 3697 appellat
3123 3623 3356 3691 Aulona,
3400 3620 3554 3695 cujus
3593 3640 3685 3678 ora
3721 3622 3898 3679 lunata

2339 3722 2482 3785 patet
2511 3712 2568 3766 in
2601 3710 2982 3784 longitudinem
3015 3709 3156 3765 mille
3195 3720 3249 3764 et
3286 3711 3734 3781 septingentorum
3777 3727 3896 3785 pas-

2337 3816 2492 3854 suum
2507 3838 2524 3867 ,
2562 3801 2618 3854 in
2646 3817 2752 3873 qua
2771 3797 2946 3853 media
2968 3807 3046 3853 cst
3069 3799 3205 3869 regis
3238 3797 3464 3851 vinetum
3489 3796 3812 3851 insinuatum
3839 3796 3894 3851 in

2340 3887 2498 3941 imam
2523 3886 2792 3959 planitiem
2827 3886 2971 3940 vallis
2997 3904 3026 3939 s
3067 3883 3507 3957 septentrionibus
3545 3882 3729 3937 clausoe
3768 3900 3895 3957 pro·

2341 3975 2608 4029 montorio
2623 3974 2758 4029 elato
2781 3976 2837 4028 in
2856 3990 3036 4047 passus
3066 3972 3272 4026 circiter
3290 3972 3638 4042 octingentos,
3667 3988 3894 4042 quorum

2343 4060 2434 4115 imi
2461 4062 2679 4115 trecenti
2708 4057 2856 4113 valde
2880 4057 3134 4125 declives,
3163 4056 3350 4129 reliqui
3379 4055 3624 4110 leniores.
3655 4056 3893 4129 Dionysii

2341 4156 2489 4202 etate
2514 4158 2645 4219 puto
2673 4148 2834 4200 imam
2862 4144 3070 4211 vallem,
3107 4146 3164 4198 in
3191 4161 3293 4215 qua
3313 4160 3460 4199 nunc
3492 4154 3572 4198 est
3597 4144 3733 4215 regis
3764 4145 3895 4198 vire-

2344 4244 2482 4302 tum,
2511 4234 2668 4290 fuisse
2706 4233 3016 4308 palustrem,
3047 4242 3099 4287 et
3127 4242 3328 4306 partem
3357 4233 3504 4286 sinus
3531 4228 3777 4299 Aulonis,
3803 4249 3894 4287 cu·

2334 4322 2422 4396 jus
2452 4342 2482 4379 e
2503 4325 2714 4395 regione
2745 4324 2802 4377 in
2830 4322 3073 4377 ulteriore
3099 4320 3272 4375 littore
3303 4318 3404 4375 fuit
3425 4318 3570 4375 locus
3595 4318 3894 4373 nominatus

2341 4414 2621 4486 Semystra.

2993 4549 3092 4611 Fr.
3140 4557 3234 4610 21.

2411 4720 2540 4771 Post
2593 4715 2808 4772 Aulona
2852 4710 3136 4784 Dionysius
3192 4707 3328 4765 dicit
3369 4726 3478 4764 esse
3509 4718 3738 4782 pontem,
3763 4707 3892 4761 Plu·-

701 4748 961 4790 secessum
990 4729 1237 4803 temporis
1279 4727 1443 4784 aestivi
1492 4742 1657 4801 prope
1695 4722 1923 4778 fornices
1974 4721 2253 4777 fluminum

703 4816 1049 4875 aedificaverat
1063 4856 1080 4882 ,
1120 4813 1399 4869 demolitus
1455 4812 1611 4867 fuerit
1631 4851 1648 4879 ,
1694 4810 1798 4866 hoc
1838 4807 2253 4882 pulcherrimum
2340 4804 2480 4879 lippi
2503 4802 2808 4860 Macedonis
2840 4817 2988 4877 opus,
3025 4816 3127 4874 quo
3161 4796 3310 4853 sinus
3344 4803 3512 4854 cornu
3546 4794 3890 4866 trajiceretur.

704 4906 901 4961 factum
932 4900 1244 4959 Andronico
1278 4897 1536 4955 invidens.
1568 4900 1683 4953 Hac
1711 4906 1858 4951 aetate
1882 4912 2049 4970 prope
2088 4894 2253 4949 forni-
2337 4890 2624 4965 Philippus
2665 4888 2800 4944 enim
2845 4888 2901 4941 in
2947 4884 3142 4941 mdum
3171 4900 3308 4938 set-ra
3338 4882 3541 4962 'dejecit
3556 4922 3572 4947 ,
3626 4896 3896 4952 eorumque

703 5012 813 5058 ωε,
858 5009 991 5064 quos
1035 4990 1145 5045 «lixi
1188 5000 1505 5044 transversos
1542 5004 1713 5041 secare
1750 4982 2058 5057 Barbysem,
2106 4983 2253 5036 vicus
2339 4975 2728 5035 muItitudinem
2759 4992 2922 5049 supra
2939 4972 3136 5027 vadum
3168 4970 3534 5035 accumulavit
3571 4965 3750 5021 multis
3782 4982 3900 5035 ope·

700 5081 3910 5138 Μ

776 5206 825 5244 1.
847 5187 999 5259 Non]
1027 5189 1113 5241 An
1148 5194 1283 5240 nos?
1310 5183 1411 5238 Vel
1440 5183 1515 5237 sic
1551 5191 1722 5236 tamen
1764 5183 1934 5235 oratio
1972 5176 2245 5234 claudicat.
2405 5178 2500 5230 Fr.
2521 5188 2611 5227 20.
2638 5170 2890 5241 Bucolon]
2912 5169 2986 5221 sic
3007 5165 3191 5237 scripsi
3217 5180 3332 5237 pro
3363 5152 3705 5255 buculam-N
3721 5188 3734 5201 .
3751 5164 3925 5217 supra.

700 5270 847 5340 Quid
875 5265 1051 5323 dicere
1070 5264 1296 5319 voluerit
1315 5261 1535 5332 Gyllius,
1560 5272 1699 5335 patet
1720 5279 1782 5316 ex
1801 5257 2248 5315 antecedentibus.
2284 5194 2301 5327 Ι
2341 5252 2407 5309 fr.
2434 5253 2630 5325 19.}}—
2651 5250 2861 5321 Aulon]
2884 5256 2994 5301 erat
3024 5243 3205 5298 ‹mleon
3217 5282 3236 5308 ,
3275 5264 3532 5354 emh-x·
3559 5250 3618 5304 ος.
3631 5245 3691 5285 m
3702 5240 3812 5293 *iq-
