4584 6284
1925 562 2016 626 OR
2028 562 2142 625 BIS
2182 563 2675 627 DESCRIPTIO.

856 692 1017 757 Ἔστι
1037 694 1094 755 δι’,
1120 717 1197 763 τις
1219 692 1358 755 κατα
1377 694 1552 771 μίσσα
1573 692 1880 777 περίτροχος
1897 692 2050 753 ὕδασι
2073 692 2252 771 λίμνη,

854 782 1049 859 οὔνομα
1077 784 1336 855 Θωνῑτις,
1363 774 1426 855 ἧς
1449 780 1658 841 ἕλκεται
1677 783 1728 849 ἒς
1758 779 1905 861 μυχὰ
1927 780 2108 862 Τίγρις
2125 828 2142 861 ,

855 871 1020 931 δύνων
1045 872 1241 932 πολλὸν
1262 870 1474 952 ἔνερθε·
1502 870 1664 930 πάλιν
1687 871 1732 929 δ’
1760 870 1956 939 ἐξαῦτις
1985 870 2250 951 ἀνασχὼν,

737 978 820 1018 mo
859 959 1100 1040 ὀξύτερον
1127 955 1348 1040 προΐησι
1375 958 1522 1019 κάτω
1552 956 1664 1041 ῥόον
1685 981 1698 995 ·
1727 962 1820 1019 οὐκ
1851 956 1914 1017 av
1939 958 2132 1019 ἰκείνου

855 1049 906 1105 ἐν
935 1056 1101 1107 πᾶσιν
1136 1050 1426 1125 ποταμοῖσι
1449 1045 1698 1127 θοώτερον
1721 1047 1879 1107 ἄλλον
1903 1044 2052 1105 ίδοιο.

855 1130 1041 1207 ‘'Oce-n
1065 1138 1110 1195 δ’
1143 1134 1422 1216 Εὗφρῆτου
1445 1133 1537 1193 καὶ
1557 1132 1772 1213 Τίγριος
1793 1134 1958 1195 ἔνδοθι
1979 1134 2102 1213 γαῖα
2117 1178 2134 1207 ,

853 1222 1012 1295 τήνδε
1037 1220 1360 1304 περικτίονες
1383 1219 1583 1297 μίσσην
1609 1226 1859 1298 ποταμῶν
1881 1220 2168 1283 ἐνέπουσιν.

856 1311 938 1372 Οὐ
966 1310 1144 1387 μέντοι
1169 1309 1340 1383 κείνης
1361 1332 1422 1388 γε
1451 1308 1638 1385 νομοὺς
1656 1308 1924 1367 ὧνόσσατο
1945 1308 2158 1389 βούτης,

727 1418 808 1457 nas
856 1398 964 1458 οὐδ’
989 1396 1131 1467 ὅστις
1147 1443 1164 1471 ,
1183 1396 1386 1478 σύριγγι
1413 1396 1686 1477 κερώνυχα
1715 1398 1868 1457 Πᾶνα
1891 1396 2168 1477 γεραίρων,

695 1618 809 1666 νης,
839 1598 896 1653 τὸ
929 1596 1024 1651 ἀπὸ
1053 1596 1278 1669 θαψάκου
1295 1638 1312 1665 ,
1341 1596 1406 1650 δι’
1430 1598 1461 1651 ὃ
1487 1592 1546 1665 ἦν
1573 1596 1634 1651 τὸ
1664 1598 1856 1669 ζεῦγμα
1887 1600 1974 1650 τοῦ
1997 1596 2246 1668 Εὔφράτου

697 1679 756 1731 τὸ
783 1678 994 1733 παλαιόν
1009 1716 1026 1744 ,
1052 1675 1130 1732 tat
1154 1674 1242 1743 τὴν
1271 1680 1358 1731 τοῦ
1379 1676 1572 1749 Τίγριος
1597 1675 1850 1741 sedeam,
1875 1676 1986 1729 καθ’
2015 1677 2075 1745 ἣν
2111 1678 2244 1743 ὃιέδη

703 1756 1005 1829 Ἀλέξανδρος
1042 1755 1216 1822 sardae,
1251 1755 1509 1827 δισχιλίων
1559 1755 1884 1827 τετρακοσίων
1933 1754 1950 1827 (
1975 1772 2092 1826 quae
2138 1772 2224 1809 sec

699 1833 976 1888 Alexandri
1019 1834 1347 1889 itinerarium
1389 1843 1690 1905 computata
1735 1842 1898 1897 sunt3
1935 1831 2072 1887 linea
2109 1844 2249 1887 recta

695 1914 938 1968 distantia
965 1930 1096 1982 17oo
1117 1911 1226 1967 sere
1249 1912 1584 1982 stadiorum).
1605 1913 1791 1984 Itaque
1816 1922 2032 1967 strenuo
2059 1913 2248 1968 viatori

691 1993 906 2063 singulis
923 1992 1106 2047 diebus
1115 2003 1236 2047 octo
1252 1990 1361 2046 sere
1369 1990 1714 2046 miliariorum
1733 1992 2152 2062 germanicorum
2169 1993 2252 2046 via

691 2072 978 2127 emetienda
999 2083 1162 2137 essen
1200 2070 1345 2143 quod
1371 2068 1590 2125 modum
1610 2088 1721 2125 non
1751 2068 1977 2126 excedit.
2005 2069 2252 2125 Similiter

687 2151 959 2206 scholiasta
985 2152 1040 2205 in
1067 2152 1298 2221 singulos
1325 2148 1438 2204 dies
1471 2154 1542 2215 4ο
1565 2150 1696 2203 mill.
1723 2166 1862 2221 pass.
1896 2158 2186 2222 computat.
2222 2150 2245 2219 ΙΙ

688 2234 900 2301 -987.
929 2232 1106 2303 μέσσον
1135 2235 1211 2296 Χ,
1245 2232 1392 2303 μέσον
1421 2234 1490 2294 G,
1515 2230 1680 2303 με’σσῳ
1700 2248 1748 2293 c,
1775 2231 1898 2301 μέσα
1925 2236 2008 2295 Co,
2033 2229 2181 2302 μέσαν
2200 2232 2249 2294 ζ.

689 2312 975 2383 περιδρόμοις
997 2328 1119 2381 tngo
1142 2312 1193 2367 0
1215 2310 1239 2380 ΙΙ
1259 2339 1335 2352 —-
1357 2312 1484 2381 988.
1505 2308 1725 2376 Θωνίτης
1750 2311 1920 2373 CNX,·
1936 2302 2026 2381 ἧς]
2048 2306 2250 2389 ,ἧστινος

691 2395 760 2454 L,·
770 2394 856 2457 τῆς
869 2390 1020 2444 metri
1033 2406 1187 2444 causa
1197 2388 1491 2455 Passovius3
1505 2398 1688 2442 eontra
1695 2385 2064 2461 Bernhardyus
2077 2387 2252 2443 laudat

694 2470 870 2543 Apoll.
905 2469 1008 2525 nh.
1039 2473 1092 2535 4,
1135 2484 1268 2540 1229
1299 2486 1314 2523 :
1342 2468 1439 2537 ἤδη
1469 2468 1706 2542 Κουρῆτιν
1733 2466 1907 2523 ἔλιπον
1941 2479 1995 2523 et
2017 2483 2070 2533 2,
2097 2468 2199 2537 938
2232 2483 2246 2521 :

695 2549 884 2619 Λητωὶς
909 2549 1138 2621 ἄγρηθεν.
1155 2550 1285 2603 Mox
1297 2548 1479 2621 Τίγρης
1499 2549 1788 2620 cEGLeoq.
1821 2546 2256 2602 Thouitiulacum

689 2632 852 2683 etiam
895 2630 1092 2699 Geogr.
1135 2630 1266 2683 Bar.
1305 2643 1359 2692 2,
1387 2646 1420 2699 9
1449 2626 1597 2681 dicit.
1627 2626 1845 2680 Θωπΐτιν
1885 2635 2038 2679 vocat
2069 2624 2256 2680 Strabo

694 2728 759 2782 p.
792 2712 916 2779 746,
947 2707 1093 2781 quod
1117 2725 1176 2781 p.
1202 2706 1306 2780 529
1327 2707 1512 2762 scribae
1537 2707 1594 2761 in
1619 2704 1848 2775 θωπῆτιν
1871 2715 2252 2778 corruperunt;

696 2806 872 2843 veram
899 2788 1133 2842 nominis
1159 2787 1384 2841 formam
1400 2825 1418 2853 ,
1446 2785 1696 2841 θωσπῗτιν
1734 2784 1754 2858 (
1777 2783 2072 2839 armeniace
2095 2787 2258 2838 Dzow

701 2866 898 2942 Tospui
917 2866 986 2921 de
1012 2867 1226 2937 regione
1241 2862 1537 2937 adjacente3
1565 2864 1724 2935 vulgo
1747 2862 1816 2918 ab
1837 2862 1971 2917 urbe
1991 2860 2256 2934 adjacente

693 2948 777 3001 lae
821 2947 986 3015 Van)
1018 2954 1294 2999 servarunt
1323 2942 1632 2999 Ptolemaeus
1661 2942 1714 3008 5,
1757 2958 1822 2995 12
1873 2951 1927 2995 et
1969 2942 2171 2996 Plinius
2196 2946 2250 3006 6,

691 3044 775 3097 27.
809 3028 944 3081 Cum
971 3026 1148 3080 Nostri
1179 3024 1350 3079 verbis
1371 3024 1442 3080 cf.
1463 3023 1654 3079 Strabo
1678 3040 1734 3095 p.
1769 3022 1872 3093 529
1904 3038 1918 3075 :
1945 3019 2069 3075 κατὰ
2096 3021 2148 3076 δὲ
2166 3022 2253 3076 τὸν
2309 3018 2318 3027 “

629 3112 638 3120 “
691 3104 848 3176 μυχὸν
859 3108 953 3173 ’τῆς
969 3104 1148 3177 λίμνης
1166 3102 1233 3166 εἰς
1255 3103 1498 3177 βάραθρον
1517 3102 1740 3175 ἰμπεσὼν
1769 3102 1798 3155 ὁ
1822 3101 2039 3173 ποταμὸς
2055 3100 2136 3155 καὶ
2162 3122 2252 3156 πο·

689 3187 778 3239 lav
798 3188 946 3240 τόπον
971 3184 1186 3255 ἐνεχθεὶς
1199 3184 1294 3238 ὑπὸ
1313 3186 1406 3255 γῆς
1426 3182 1683 3237 ἀνατέλλει
1705 3182 1830 3235 κατὰ
1845 3180 1933 3249 τὴν
1951 3181 2248 3235 Χαλωνῖτιν.

691 3268 933 3319 Lucanus
955 3264 1009 3328 3,
1034 3268 1134 3317 261
1167 3278 1182 3316 :

831 3365 909 3416 At
945 3358 1146 3427 Tigrim
1171 3356 1350 3411 subito
1379 3356 1534 3411 tellus
1559 3356 1802 3410 absorbet
1827 3355 1982 3409 hiatu
2001 3394 2018 3420 ‚

717 3439 728 3450 ‘
829 3438 1152 3510 occultosque
1178 3435 1309 3502 tegit
1347 3452 1534 3489 cursus
1551 3474 1566 3497 ,
1600 3452 1880 3507 rursusque
1908 3444 2142 3487 renatum

820 3515 974 3588 sonte
995 3533 1128 3569 novo
1153 3515 1339 3575 fiumen
1361 3512 1542 3586 pelagi
1573 3530 1676 3567 uon
1701 3512 1928 3581 abnegat
1961 3510 2139 3567 undis.

693 3614 834 3669 Nero
859 3612 1030 3668 Caesar
1056 3608 1196 3685 apud
1223 3608 1389 3666 schol.
1415 3610 1617 3664 Lucani
1644 3609 1681 3663 i.
1714 3608 1750 3662 l.
1789 3625 1803 3663 ε

833 3709 1037 3785 Quique
1053 3719 1378 3783 pererratam
1399 3704 1692 3761 subductus
1711 3705 1935 3761 Persida
1973 3706 2148 3775 Tigris

834 3789 1025 3846 deserit
1051 3801 1102 3844 et
1129 3790 1278 3857 longo
1301 3799 1560 3842 terrarum
1587 3797 1790 3840 tractus
1815 3784 1970 3839 hiatu

830 3868 1004 3925 reddit
1023 3867 1277 3943 quoesitas
1300 3868 1422 3939 jam
1452 3884 1556 3921 nou
1581 3865 1930 3940 quarentibus
1955 3862 2142 3919 undas.

687 3980 884 4035 Seneca
909 3978 1112 4043 Qnaest.
1133 3974 1254 4031 Nat.
1283 3974 1338 4039 3,
1364 3978 1432 4027 26
1460 3989 1476 4027 :
1501 3970 1650 4025 Idem
1675 3982 1726 4025 et
1755 3970 1812 4025 iu
1839 3970 2054 4027 Oriente
2078 3970 2254 4040 Tigris

693 4057 830 4117 facit
842 4096 860 4122 ,
888 4054 1198 4134 absorbetur
1235 4064 1287 4107 et
1323 4050 1654 4107 desideratur
1682 4048 1778 4104 diu
1795 4090 1811 4116 ‚
1859 4049 2066 4104 tandem
2109 4051 2254 4121 longe

693 4147 886 4191 remoto
913 4135 1022 4190 loco
1037 4176 1054 4200 ,
1091 4152 1194 4187 non
1228 4145 1399 4188 tamen
1423 4129 1620 4186 dubius
1645 4148 1716 4185 aa
1753 4129 1886 4185 idem
1909 4130 1985 4184 sit
2007 4170 2022 4195 ,
2050 4130 2252 4199 emergi-

696 4229 800 4273 tur.
827 4214 1138 4271 Ammianus
1163 4213 1252 4278 23,
1299 4216 1352 4276 6,
1390 4211 1450 4265 15
1485 4227 1499 4263 :
1548 4210 1652 4265 Ubi
1689 4209 1788 4283 (in
1837 4209 2080 4282 Assyria)
2123 4208 2258 4263 inter

696 4296 974 4350 baccarum
985 4292 1384 4366 vulgariumque
1398 4288 1782 4345 abundantiam
1787 4288 2012 4360 frugum
2027 4287 2256 4343 bitumen

680 4366 939 4431 ‘nascitur
952 4391 1122 4448 prope
1144 4370 1316 4426 lacum
1345 4370 1552 4425 nomine
1574 4368 1868 4438 Sosingiteu
1893 4370 1913 4435 (
1940 4368 1976 4419 i.
2007 4386 2062 4440 q.
2085 4366 2256 4421 Thos-

697 4458 906 4529 pitin),
939 4456 1092 4526 cujus
1123 4452 1274 4507 alveo
1306 4450 1486 4521 Tigris
1511 4460 1734 4504 vocatus
1767 4450 2030 4519 fluensque
2053 4447 2255 4501 subter-

701 4554 884 4590 raneus
901 4576 918 4600 ,
951 4532 1222 4608 percursis
1256 4530 1458 4606 spatiis
1489 4528 1658 4598 longis
1702 4527 1936 4597 emergit.
1969 4528 2258 4581 Disertiora

703 4615 900 4670 Plinius
949 4618 1003 4678 6,
1049 4613 1136 4679 31,
1168 4615 1198 4681 S
1234 4628 1335 4683 127
1375 4628 1518 4683 sqq„
1566 4608 1858 4663 secundum
1887 4625 2046 4679 quem
2083 4607 2256 4677 Tigris

703 4696 934 4764 primum
957 4691 1132 4745 influit
1153 4690 1206 4744 iu
1229 4690 1400 4745 lacum
1439 4688 1756 4746 Arethusam
1784 4686 1894 4759 (sic
1929 4683 2090 4740 codd.
2123 4686 2252 4738 Har·
2306 4746 2311 4751 ¹

706 4772 854 4825 duini
893 4782 944 4826 et
985 4770 1157 4833 editt..
1191 4768 1519 4829 Aretissam,
1553 4765 1876 4833 Arelissam‚
1921 4764 2250 4825 Amtissam,

705 4850 1006 4908 Amissum
1023 4890 1037 4912 ,
1066 4846 1222 4903 codd.
1251 4846 1392 4919 apud
1409 4846 1569 4915 Sillig.
1585 4848 1625 4914 )‚
1651 4842 1834 4898 deinde
1858 4842 2080 4897 alces-um
2108 4854 2254 4895 tran-

706 4929 785 4982 sit
820 4928 992 4982 lucum
1014 4928 1105 4998 qui
1135 4924 1405 4999 Thespites
1447 4926 1469 4995 (
1491 4924 1758 4996 Thespites
1775 4963 1790 4987 ,
1836 4920 2070 4995 Tespites
2097 4938 2144 4973 v.
2173 4919 2255 4990 1.)

703 5007 1025 5080 appellatur.
1053 5004 1152 5059 Vel
1175 5022 1241 5058 ex
1267 5004 1407 5057 varia
1433 5002 1589 5057 codd.
1620 5002 1877 5074 scriptura
1903 5010 2078 5073 patere
2099 4998 2258 5053 debe·

702 5086 796 5139 bat
823 5083 1102 5157 legendum
1141 5100 1251 5137 esse
1280 5083 1334 5137 iu
1365 5082 1536 5135 lacum
1574 5079 1870 5144 Amissum,
1924 5078 2257 5149 Pliniumque

705 5166 758 5218 in
799 5161 939 5218 duos
975 5163 1120 5217 lacus
1143 5161 1392 5215 dirimere
1427 5160 1537 5214 duo
1581 5159 1795 5214 nomina
1829 5158 1972 5213 lacus
2019 5154 2253 5226 ejusdem

3788 584 3895 635 1⁶5

2344 706 2513 759 Lacus
2537 713 2616 758 est
2650 715 2825 759 autem
2850 704 2907 757 in
2932 704 3110 761 medio
3136 708 3285 778 aquis
3316 708 3655 764 circumfluus
3670 750 3687 777 ,

2340 791 2584 846 Thonitis
2608 788 2807 855 dictus,
2838 790 2989 862 cnjus
3012 792 3069 846 in
3092 792 3416 865 profundum
3444 797 3617 867 Tigris

2342 876 2633 931 devolvitur
2652 876 2855 931 inferne
2871 877 3109 945 subiens3
3134 896 3315 935 rursus
3336 898 3470 936 ‘vero
3496 900 3762 955 emergens

2341 962 2627 1016 acutiorem
2648 960 2848 1015 undam
2876 962 3123 1017 deorsum
3148 962 3355 1035 projicit
3382 982 3396 1019 ε
3424 977 3485 1021 ut
3520 967 3829 1025 velociorem

2342 1048 2431 1102 illo
2450 1048 2588 1101 inter
2610 1047 2840 1119 reliquos
2865 1065 3047 1103 amnes
3064 1066 3173 1104 non
3192 1049 3349 1105 alium
3374 1050 3799 1125 deprehenderis.

2342 1137 2529 1191 Omnis
2554 1146 2727 1191 autem
2756 1146 2895 1191 terra
2917 1153 3075 1209 quam
3110 1137 3404 1208 Euphrates
3438 1150 3492 1194 et
3518 1140 3692 1211 Tigris

2343 1221 2619 1276 includunt
2632 1262 2646 1287 ,
2675 1222 2867 1277 accolis
2882 1222 3031 1277 audit
3046 1224 3443 1295 Mesopotamia.

2340 1313 2461 1365 Non
2488 1312 2671 1382 utique
2690 1310 2801 1381 ejus
2820 1328 3009 1383 pascua
3034 1312 3339 1383 vituperat-it
3363 1312 3621 1367 bubulcus
3634 1354 3649 1379 ‚

2341 1409 2430 1453 aut
2456 1400 2499 1451 si
2525 1398 2643 1470 quis
2666 1398 2836 1453 fistula
2854 1396 3185 1471 capripedem
3214 1400 3353 1453 Pana
3380 1399 3648 1455 celebrans

2336 1616 2457 1652 rore
2480 1598 2789 1653 Ptolomeus
2806 1596 3081 1668 distinguit
3098 1600 3235 1652 inter
3250 1598 3499 1653 Θωσπῖτιν
3518 1599 3688 1655 lacum
3710 1640 3725 1667 ,
3743 1619 3901 1674 quem

2333 1677 2505 1747 Tigris
2532 1676 2851 1750 perfluat,et
2878 1676 3134 1747 Ἄρσισσαν
3152 1676 3323 1731 lacum
3350 1676 3370 1748 (
3391 1677 3475 1730 Iac
3498 1677 3723 1749 Schahi)
3742 1698 3901 1754 supra

2336 1754 2589 1809 Καποῦταν
2617 1755 2877 1829 oppidum
2900 1758 3061 1809 situm
3088 1774 3247 1828 quem
3267 1756 3455 1811 Strabo
3476 1768 3617 1811 reete
3637 1760 3897 1815 Καπαύταν

2335 1834 2517 1907 λίμνην
2542 1834 2690 1889 dicit.
2716 1836 2962 1889 Ceterum
2985 1834 3103 1889 vide
3124 1836 3383 1889 Ritterum
3409 1845 3449 1890 t.
3476 1856 3530 1906 9,
3550 1853 3607 1908 p.
3633 1841 3734 1907 784
3756 1858 3898 1913 sqq„

2337 1923 2377 1967 t.
2406 1930 2488 1979 to,
2518 1931 2571 1985 p.
2606 1915 2672 1978 84
2701 1930 2842 1985 sqq..
2872 1914 2963 1986 qui
2990 1914 3261 1967 Strabonis
3278 1912 3451 1968 locum
3471 1954 3486 1979 ‚
3508 1914 3599 1968 ubi
3632 1915 3700 1969 de
3726 1918 3900 1989 Tigri-

2339 1992 2421 2047 dis
2444 1991 2676 2047 sontibus
2715 2010 2889 2045 sermo
2924 2002 3033 2057 est,
3062 1991 3261 2047 lacunis
3294 2002 3346 2046 et
3372 1992 3655 2047 verborum
3678 2012 3901 2069 comp-

2339 2072 2481 2125 tione
2513 2070 2741 2125 lacerum
2769 2086 2881 2123 esse
2904 2080 3057 2143 putat
3074 2110 3089 2137 ,
3132 2088 3454 2144 quamquam
3490 2070 3602 2143 ejus
3634 2074 3901 2144 opinionis

2340 2159 2647 2219 argumenta
2689 2148 2883 2204 frustra
2907 2152 3276 2223 circumspexi.
3308 2149 3523 2205 Addere
3557 2150 3709 2206 liceat
3742 2152 3903 2207 fuisse

2340 2230 2433 2301 qui
2462 2230 2613 2283 istam
2640 2228 2708 2282 de
2729 2230 2877 2299 Tigri
2900 2229 3071 2283 lacum
3092 2230 3382 2302 pertinente
3407 2229 3636 2284 fabulam
3664 2248 3775 2285 non
3800 2232 3899 2287 ad-

2342 2310 2607 2363 mitterent
2646 2308 2702 2362 in
2746 2307 2949 2381 aliaque
2985 2307 3380 2381 detorquerent.
3420 2310 3509 2364 Sic
3555 2310 3902 2388 §eost-aplius

2344 2392 2471 2443 Rav.
2498 2406 2551 2455 2,
2583 2408 2616 2460 9
2644 2406 2659 2445 ε
2696 2388 2875 2458 Tigris
2895 2387 3105 2460 fluvius
3149 2380 3535 2458 insulanisacit
3560 2406 3675 2461 quae
3698 2389 3905 2447 dicitur

2350 2470 2590 2525 Thonitis
2608 2510 2623 2533 ,
2654 2470 2801 2542 quasi
2830 2470 2874 2523 is
2900 2468 3041 2543 apud
3066 2470 3379 2543 Dionysium
3406 2469 3611 2541 legisset
3640 2486 3654 2523 :
3680 2472 3902 2545 περίτρο-

2342 2570 2435 2623 χος
2476 2550 2617 2604 ὕδασι
2657 2556 2819 2617 νῆσος.
2852 2548 3321 2605 Pseudo-Ethicus
3346 2566 3474 2603 vero
3500 2550 3556 2603 in
3586 2550 3901 2623 Cosmogra·

2343 2628 2469 2702 phia
2497 2630 2519 2699 (
2542 2646 2599 2702 p.
2632 2645 2735 2699 709
2764 2627 2831 2681 ad
2860 2628 3052 2682 calcem
3072 2626 3221 2683 Mela
3240 2626 3327 2681 ed.
3353 2628 3595 2683 Gronov.
3622 2646 3708 2685 an.
3739 2634 3899 2701 1722)

2343 2707 2413 2762 de
2438 2708 2585 2780 Tigri
2613 2716 2791 2762 narrat
2814 2707 2929 2761 haec
2972 2723 2985 2761 :
3032 2724 3151 2761 cum
3196 2704 3403 2761 oestivis
3439 2706 3757 2780 temporibus
3800 2710 3901 2764 sub

2343 2788 2498 2843 humo
2521 2789 2706 2859 (eum)
2722 2786 2943 2860 desuper
2966 2784 3295 2859 AEthiopiam
3321 2803 3522 2839 currere
3540 2804 3606 2838 ex
3622 2786 3903 2845 viriditate

2342 2867 2555 2941 superui
2590 2864 2807 2940 cespitis
2836 2864 3101 2938 prodatur
3128 2864 3336 2935 firmius
3366 2860 3614 2917 subditus
3651 2862 3891 2931 latenter,

2343 2947 2570 3021 erumpit
2589 2986 2605 3012 ,
2640 2958 2692 3000 et
2732 2944 2803 2999 ab
2831 2946 2925 2999 hoc
2960 2956 3107 2999 ortus
3154 2960 3265 3014 eJus
3304 2960 3405 2995 non
3431 2941 3897 3015 comprehenditur,

2342 3024 2587 3098 quoniam
2600 3021 2664 3077 de
2678 3022 2997 3077 obscuritate
3009 3020 3289 3094 promitur,
3306 3021 3361 3074 in
3374 3020 3567 3092 quibus
3574 3038 3673 3091 pro
3690 3018 3901 3074 AE'thio·

2340 3104 2491 3178 piam
2519 3102 2798 3177 legendum
2828 3102 3071 3175 suspioor
3102 3100 3355 3175 Thopiam
3394 3100 3475 3153 vel
3500 3101 3693 3153 rectius
3739 3098 3901 3154 Thos-

2337 3183 2489 3256 piam
2512 3182 2781 3252 (θωσπίαν
2810 3179 3067 3253 oppidum
3088 3190 3143 3233 et
3162 3177 3411 3234 Θωσκῖτιν
3439 3178 3707 3249 regionem
3735 3174 3898 3231 babes

2342 3279 2428 3333 ap.
2470 3260 2693 3315 Ptolem.
2735 3260 2774 3314 1.
2794 3258 2896 3330 1.).
2933 3258 3057 3331 [1-
3094 3260 3221 3329 989.
3250 3256 3435 3319 πολλὸς
3459 3260 3679 3322 AELm,
3706 3256 3895 3320 πολας,

2342 3355 2501 3411 supra
2520 3356 2627 3393 scr.
2656 3358 2707 3403 o.
2742 3343 2818 3399 K.-
2848 3336 3040 3409 ἔνερθεν
3064 3340 3222 3399 ΙὲΧος
3242 3334 3291 3399 ἐξ
3316 3334 3465 3401 αὗτῆς
3491 3333 3611 3403 (vel
3644 3334 3900 3405 conjunc·
3931 3393 3944 3403 ,

2344 3417 2459 3491 tim)
2489 3436 2535 3483 e,
2566 3418 2673 3490 (γρ.
2694 3415 2896 3488 ἐξαῦτις)
2926 3433 3015 3487 oq,-
3040 3412 3258 3486 ἀνίσχων
3286 3416 3445 3476 mo,-
3464 3412 3683 3483 ἆνισχών
3709 3432 3753 3468 s.
3782 3414 3809 3483 ΙΙ
3828 3442 3901 3455 —-

2348 3497 2466 3553 166.
2508 3500 2629 3552 πᾶσι
2672 3496 3123 3567 CEGLHMNQt.
3178 3494 3201 3563 ΙΙ
3238 3507 3455 3564 -992,
3491 3492 3584 3559 ὅση
3621 3509 3675 3556 o,-
3710 3490 3902 3563 Εὐφρά·

2340 3597 2427 3631 του
2452 3576 2507 3643 d,
2540 3576 2764 3648 Τίγριδος
2796 3574 2983 3632 cFOb.
3012 3573 3124 3645 11-
3148 3572 3270 3645 993.
3295 3572 3446 3644 μέσην
3484 3572 3714 3635 CFGcet3
3742 3589 3896 3625 ποτα·

2344 3656 2437 3730 μὸν
2483 3662 2551 3722 F,-
2598 3654 2873 3711 ἔννὲπουσιν
2914 3653 3012 3725 (σι)
3051 3670 3161 3727 eoq.
3206 3652 3229 3724 ΙΙ
3276 3680 3349 3693 -
3375 3653 3501 3721 994.
3546 3649 3631 3722 μέν
3660 3668 3731 3713 τις
3772 3652 3899 3714 HK,-

2341 3736 2503 3805 κείνην
2526 3754 2581 3800 o,-
2609 3734 2763 3807 νομὰς
2802 3732 2949 3803 Cads
2969 3730 3115 3797 Ald.;
3148 3730 3389 3786 ὦνόσαιτο
3408 3746 3456 3794 e,
3498 3728 3755 3781 ὠνόσσατο
3791 3733 3896 3803 Oq,

2338 3812 2567 3869 ὀνόσαιτο
2603 3812 2777 3883 chf,
2810 3810 3069 3865 ὀνόσσαιτο
3109 3828 3164 3873 a,
3212 3808 3421 3863 ὀνόσατο
3474 3807 3629 3870 GNb,
3670 3804 3902 3861 ὀνόσαιτό

2340 3913 2395 3948 κε
2420 3892 2595 3965 βοῦτης
2616 3892 2750 3956 Xhi,
2769 3890 3027 3963 probante
3044 3886 3307 3953 Brunki03
3336 3886 3509 3940 ὄνόσαι
3531 3886 3575 3940 τ’
3591 3886 3650 3939 ἂν
3678 3902 3802 3956 tngo
3826 3889 3901 3950 0,·

2343 3974 2531 4047 βοώτης
2585 3977 2643 4027 L.
2710 3994 2733 4023 e
2796 3969 3053 4043 Equidem
3118 3971 3275 4023 istum
3330 3965 3647 4021 diversitatis
3708 3982 3903 4019 cumn«

2340 4054 2449 4108 lum
2492 4053 2559 4107 ab
2599 4050 2867 4106 indicativi
2908 4060 2961 4104 et
2982 4049 3202 4122 optativi
3242 4046 3632 4120 permutatione
3658 4043 3900 4100 facillima

2342 4133 2552 4187 {luxisse
2584 4128 2899 4184 crediderim
2918 4168 2933 4194 ,
2965 4146 3083 4199 quae
3112 4144 3233 4181 cum
3264 4126 3319 4179 in
3342 4124 3508 4179 libros
3546 4123 3895 4197 pervenisset,

2345 4202 2635 4257 necessario
2664 4200 2899 4255 facientia
2920 4196 3161 4271 quaedam
3188 4195 3254 4249 ad
3276 4195 3533 4249 damnum
3554 4194 3705 4249 metri
3730 4211 3901 4248 resar-

2342 4279 2588 4336 ciendum
2616 4280 2765 4333 vario
2792 4276 2956 4331 modo
2980 4286 3035 4330 et
3064 4275 3255 4345 exigua
3283 4271 3500 4346 quidem
3525 4290 3649 4327 cum
3676 4274 3903 4327 auctori·

2344 4370 2448 4415 tate
2470 4368 2640 4433 coepta
2664 4366 2791 4413 sunt
2811 4354 3079 4410 inculcari.
3106 4375 3129 4404 a
3149 4354 3352 4407 Banna.
3383 4353 3519 4420 Quas
3552 4348 3621 4403 de
3639 4347 3901 4404 feracitate

2343 4438 2677 4514 quarundam
2722 4436 3115 4509 Mesopotamiae
3144 4432 3419 4503 regionum
3468 4427 3753 4483 traduntur
3786 4432 3893 4498 (V.

2342 4520 2531 4577 Strabo
2555 4538 2613 4593 p.
2662 4521 2765 4588 747
2814 4516 2975 4587 [636,
3012 4529 3082 4569 2ο
3120 4508 3356 4583 Didot1,
3385 4508 3595 4564 Solinus
3618 4526 3668 4563 c.
3709 4512 3801 4573 4ο.
3841 4514 3895 4574 6,

2344 4620 2392 4658 c.
2430 4604 2521 4657 26.
2588 4598 2677 4663 45,
2741 4597 2899 4665 162),
2928 4610 2990 4647 ea
3033 4593 3227 4648 Noster
3270 4606 3459 4663 parum
3516 4597 3760 4642 accurate
3824 4586 3894 4642 ad

2343 4678 2780 4752 Mesopotamiam
2814 4674 3113 4727 universam
3145 4668 3428 4725 transtulit.
3470 4666 3717 4721 Similiter
3759 4668 3895 4722 Cur-

2344 4761 2448 4815 tius
2476 4758 2528 4826 5,
2549 4775 2603 4823 2,
2634 4772 2697 4810 12
2722 4773 2736 4811 :
2765 4756 2917 4808 Inter
2938 4750 3121 4820 Titm‘u
3138 4761 3189 4804 et
3202 4748 3523 4823 Euphratem
3529 4743 3771 4817 jacentia
3792 4756 3901 4798 tam

2340 4831 2485 4887 uberi
2508 4842 2557 4883 et
2572 4826 2768 4902 pingui
2786 4826 2898 4880 solo
2919 4836 3070 4887 suut,
3100 4833 3161 4877 ut
3175 4840 3211 4876 α
3220 4833 3387 4896 pastu
3394 4838 3589 4894 pecora
3611 4817 3895 4881 ducantur,

2341 4930 2405 4966 nc
2427 4909 2650 4965 satietas
2664 4906 2895 4982 perimat
2909 4928 2931 4970 ;
2962 4920 3127 4957 causa
3131 4901 3449 4972 fertilitatis
3474 4911 3553 4954 est
3573 4900 3777 4963 humor,
3806 4899 3903 4971 qui

2343 5006 2409 5043 ex
2436 4998 2651 5059 utroque
2684 5002 2833 5037 amne
2856 4992 3063 5045 vianae,
3092 4990 3201 5034 toto
3212 4977 3331 5048 fere
3353 4986 3466 5030 solo
3488 4988 3712 5052 propter
3741 4992 3897 5028 venas

2344 5083 2600 5140 aquarum
2618 5060 2911 5118 resudante.
2936 5062 2961 5131 ΙΙ
2987 5089 3061 5102 -
3086 5058 3208 5128 995.
3246 5055 3343 5126 οὔχ
3366 5073 3453 5128 pr.
3478 5074 3623 5110 man.
3649 5058 3720 5118 G,-
3742 5056 3887 5115 ὦπις

2339 5165 2394 5219 q,
2421 5146 2555 5207 ὅστις
2578 5162 2631 5197 τε
2652 5148 2715 5199 Χ
2718 5165 2741 5207 ,·
2768 5143 3007 5214 γεραίνων
3028 5142 3123 5201 Fe.
3150 5160 3172 5187 ι
3205 5137 3469 5208 Κερώνυχα
3493 5136 3719 5189 insolens
3750 5150 3901 5186 voea-

704 5246 824 5311 (Iae
859 5248 979 5297 Van
997 5242 1041 5333 ),
1079 5242 1171 5315 qui
1191 5260 1278 5314 ap.
1311 5240 1622 5297 Strabonem
1645 5260 1703 5313 p.
1728 5240 1831 5310 529
1865 5236 1884 5310 (
1914 5238 2038 5302 453,
2071 5237 2136 5299 54
2163 5232 2254 5289 ed.
2345 5222 2657 5289 bulmmfled
2682 5220 2903 5293 Simplici
2927 5230 3099 5313 tamen
3123 5217 3437 5310 instructum
3452 5220 3725 5309 potestate.
3758 5216 3901 5267 Pana

705 5324 906 5395 Dndot)
931 5332 1008 5377 est
1043 5320 1074 5390 ἡ
1131 5319 1332 5394 Ἀρσηνή
1368 5319 1477 5393 (ab
1509 5319 1773 5391 adjacente
1798 5317 1930 5373 urbe
1954 5334 2072 5388 quae
2113 5332 2257 5368 nunc
2347 5301 2679 5377 capripedi-tn
2714 5302 2915 5366 innuit,
2953 5297 3009 5352 id
3042 5296 3185 5371 quod
3211 5295 3551 5369 probabiliter
3586 5290 3901 5365 Aristopha-

709 5412 924 5458 vocatur
946 5400 1238 5474 Ardjiscle)
1273 5402 1334 5470 ἣν
1361 5398 1445 5453 καὶ
1473 5398 1691 5453 θωπῖτιν
1727 5398 1946 5451 καλοῦσι.
1977 5393 2142 5449 Simili
2172 5410 2254 5445 er·
2343 5404 2499 5441 neum
2526 5386 2695 5453 (Rau.
2725 5381 2862 5451 230)
2894 5379 2999 5433 Πὰν
3029 5377 3288 5451 aposita<
3312 5375 3555 5433 declarat.
