4584 6284
768 411 886 462 3⁴8

838 555 942 598 7s2.
987 530 1119 596 Ὀτι
1141 535 1377 617 Φροῧροι
1405 532 1666 596 Σκυθικὸν
1692 530 1835 600 ἔθνος
1866 533 2179 615 βαρυτόνως,
2203 534 2332 616 πρὸς

760 622 1160 696 ἀντιδιαστολὴν
1203 629 1297 684 τοῦ
1348 621 1598 704 φρουροί,
1656 621 1784 702 ὅπερ
1830 619 2130 700 ὀξυνόμενον
2183 624 2335 696 δηλοῖ

758 711 877 780 τοὺς
904 713 1160 794 φύλακας.
1241 711 1396 780 Τινὲς
1415 710 1472 771 δὲ
1504 712 1707 790 Φρῦνοι
1725 709 2005 794 γράφουσιν
2029 710 2333 789 ὁμωνύμως

757 805 836 883 τῷ
864 803 1007 878 ζώῳ.
1089 801 1296 881 Φρῦνοι
1324 797 1454 881 γὰρ,
1483 799 1622 860 καθὰ
1647 798 1742 859 καὶ
1777 804 1806 861 ὁ
1827 800 2012 861 Φίλων
2041 800 2250 883 γράφει,
2284 803 2333 860 οἱ

704 907 732 948 s
763 889 1044 970 βάτραχοι.
1127 888 1209 951 Τὸ
1231 888 1289 950 δὲ
1315 887 1556 968 Τόχαροι
1584 883 1758 962 (ἔθνος
1787 887 1844 948 δὲ
1862 886 2044 968 ’ὅμοιον
2061 887 2154 948 καὶ
2175 889 2303 948 αὗτό
2315 899 2335 965 )

757 976 894 1046 τινὲς
921 978 1190 1056 ὀξύνουσι,
1225 975 1456 1058 τριγενὶς
1479 965 1611 1035 εἶναι
1641 974 1893 1054 λέγοντες.

837 1063 970 1129 Ὅτι
1017 1069 1191 1148 Σῆρες
1221 1065 1364 1133 ἔθνος
1413 1063 1684 1146 βάρόαρον
1733 1063 2027 1141 Σκυθικὸν,
2073 1065 2129 1139 ἐξ
2167 1057 2241 1127 ὧν
2269 1065 2337 1128 τὰ

762 1156 976 1238 Σηρικὰ
1001 1153 1296 1236 ὑφάσματα
1319 1151 1583 1234 λέγονται.
1665 1144 1831 1214 Οὗτοι
1862 1153 1986 1234 βόας
2015 1151 2132 1232 μὲν,
2156 1155 2334 1240 φησὶν,

764 1245 1065 1306 ἀναίνονται
1099 1241 1196 1303 καὶ
1222 1241 1337 1323 ίφια
1385 1245 1560 1317 μῆλα,
1597 1243 1751 1304 αἰόλα
1782 1242 1835 1303 δὲ
1862 1242 2115 1314 ξαίνοντες
2140 1244 2340 1328 ὶρήμης

686 1358 739 1400 10
767 1335 926 1395 ἄνθεα
968 1339 1068 1416 γῆς
1113 1330 1313 1410 εἵματα
1353 1328 1599 1412 τεύχουσι
1639 1331 1998 1392 πολυδαίδαλα
2042 1332 2295 1410 τιμήεντα
2315 1378 2332 1406 ,

768 1423 974 1484 ἐοικότα
1025 1419 1168 1484 κατὰ
1204 1418 1388 1503 χροιὰν
1429 1420 1730 1498 λειμωνίδος
1773 1421 1951 1480 ἄνθεσι
1999 1419 2148 1488 πόας·
2199 1417 2339 1480 οὕτω

766 1507 969 1585 λεπτὰ,
989 1508 1135 1570 ὥστε
1161 1511 1258 1569 οὐκ
1283 1506 1348 1568 ἂν
1372 1505 1583 1576 ἰκείνοις
1607 1506 1820 1589 ἐρίσειεν
1851 1507 2000 1590 ἔργον
2029 1507 2332 1590 ἀραχνάων.

771 1597 928 1662 Φασὶ
955 1598 1012 1659 δὶ
1055 1596 1147 1658 καὶ
1184 1597 1282 1668 τὴν
1335 1593 1528 1676 βύσσον
1565 1595 1672 1657 ἀπὸ
1723 1595 1945 1676 βοτάνης
1993 1596 2333 1675 συνάγεσθαι.

770 1685 1081 1764 Σημείωσαι
1113 1685 1170 1746 δὲ
1199 1676 1289 1746 οὖν
1331 1683 1414 1744 ὅτι
1441 1683 1494 1754 ἒξ
1539 1686 1706 1746 ἀνθῶν
1753 1687 1801 1746 οἱ
1841 1687 2013 1762 Σῆρες
2039 1692 2242 1746 ποιοῦσι
2269 1683 2337 1744 τὰ

690 1795 741 1835 ls
773 1773 899 1857 ὕφη·
935 1773 1015 1837 διὸ
1035 1773 1155 1834 οὐδὲ
1176 1770 1296 1842 τοὺς
1318 1775 1579 1850 λειμῶνας
1603 1775 1729 1835 ἐῶσι
1744 1770 2187 1835 καταόόσκεσθαι.
2209 1770 2339 1833 Ὅτι

769 1863 828 1926 δὲ
857 1867 1204 1946 ἀπροσμιγεῖς
1230 1859 1521 1943 ἀνθρώποις
1546 1859 1650 1922 εἰσὶ
1677 1861 1769 1922 καὶ
1793 1859 2100 1942 ἀνομίλητοι
2139 1863 2188 1922 οἱ
2215 1863 2335 1934 Σῆ-

771 1977 853 2034 ρες
871 1998 889 2030 ,
921 1955 1078 2028 δῆλον
1105 1954 1329 2013 ἐκεῖθεν·
1367 1954 1473 2012 τῶν
1499 1947 1852 2026 πωλουμένων
1878 1948 1940 2009 τὸ
1965 1949 2176 2029 τίμημα
2204 1972 2335 2009 σακ·

768 2039 899 2111 κίοις
961 2041 1346 2123 ίπιγράψαντες
1396 2043 1754 2122 ὑποχωροῦσιν
1768 2062 1783 2077 ·
1835 2029 1947 2100 εἶτα
1997 2037 2226 2107 ίλθόντες
2275 2040 2325 2098 οἱ

770 2129 992 2213 ἔμποροι
1018 2129 1111 2190 καὶ
1140 2128 1310 2196 θέντες
1333 2128 1428 2201 τὴν
1454 2127 1610 2205 τιμὴν
1636 2129 2020 2208 ἀναχωροῦσιν,
2045 2127 2126 2208 ἔφ’
2147 2117 2221 2192 οἷς
2244 2125 2334 2208 ἔρ·

692 2244 748 2286 ω
771 2241 958 2301 χονται
983 2221 1030 2280 οἱ
1068 2217 1274 2300 Σῆρες,
1307 2214 1400 2278 καὶ
1440 2215 1605 2295 εἰμὲν
1635 2214 1974 2295 ἀρέσκονται,
2002 2213 2333 2292 λαμὸάνουσι

765 2306 866 2382 τὴν
894 2307 1080 2388 τιμὴν,
1112 2309 1160 2368 sl
1183 2305 1237 2367 δὲ
1265 2304 1343 2385 μή
1383 2306 1492 2386 (γε)
1518 2351 1535 2381 ,
1557 2305 1624 2367 τὰ
1655 2303 1785 2367 ἴδια.
1865 2301 2013 2364 Φασὶ
2043 2301 2097 2363 δὲ
2129 2325 2331 2384 μακρο·

768 2395 1053 2466 ὄιωτάτους
1081 2385 1218 2456 εἶναι
1241 2393 1363 2464 τοὺς
1392 2397 1572 2474 Σῆρας
1593 2437 1611 2470 ,
1641 2390 2045 2474 παρατείνοντας
2067 2390 2204 2474 πέρα
2236 2391 2330 2452 καὶ

765 2484 1042 2546 διακοσίων
1078 2486 1227 2544 ἐτῶν.
1311 2481 1623 2560 Σημείωσαι
1649 2479 1706 2540 δὲ
1746 2478 1825 2540 ὅτι
1853 2479 2010 2558 ὅμοια
2036 2485 2104 2560 τῇ
2125 2477 2331 2561 ἱστορία

759 2577 866 2634 τῶν
894 2573 1087 2654 Σηρῶν
1126 2571 1328 2652 γίνεται
1357 2569 1450 2631 καὶ
1479 2568 1579 2640 ἔξω
1607 2572 1712 2629 τῶν
1733 2566 2064 2651 Ἡρακλείων
2094 2571 2325 2644 στηλῶν.

677 2685 734 2728 3
759 2655 1030 2741 Ἔμποροι
1053 2660 1158 2743 γὰρ
1185 2662 1297 2721 ἐκεῖ
1316 2657 1423 2720 ἀπὸ
1463 2653 1806 2741 Καρχηδόνος
1833 2657 2105 2740 ἐρχόμενοι
2141 2657 2235 2718 καὶ
2261 2656 2331 2719 τὰ

763 2747 952 2833 φορτία
993 2749 1280 2823 ἰξελόντες,
1339 2745 1411 2815 ὥς
1444 2769 1601 2831 φησιν
1645 2745 1956 2828 Ἡρόδοτος,
2006 2746 2330 2828 δποτύφουσι

754 2838 972 2900 καπνόν·
1008 2837 1101 2899 καὶ
1131 2837 1280 2898 αὐτοὶ
1323 2834 1418 2916 μὲν
1450 2835 1734 2916 ἀνάγονται
1767 2841 1860 2897 τοῦ
1884 2835 2160 2914 αἰγιαλοῦ,
2183 2837 2233 2896 οἱ
2271 2835 2328 2894 δὲ

759 2927 1030 3010 ἐπιχώριοι
1057 2925 1357 3007 ἐγγίσαντας
1381 2923 1696 2987 σκέπτονται
1721 2921 1812 2982 τὸν
1837 2923 2024 3004 φόρτον
2047 2923 2140 2982 καὶ
2167 2922 2332 2984 τίθεν·

755 3040 844 3076 ται
885 3015 1082 3098 χρυσὸν
1123 3014 1217 3073 καὶ
1248 3016 1636 3094 ἀναχωροῦσιν.
1735 3014 1810 3073 Oi
1861 3013 1914 3071 δὲ
1972 3011 2331 3091 Καρχηδόνιοι

679 3126 732 3167 a·
759 3103 1004 3171 ἔκὸάντες
1031 3105 1136 3160 τῶν
1156 3105 1300 3175 νηῶν
1339 3101 1634 3179 λογίζονται
1669 3096 1768 3171 τὴν
1802 3097 1985 3174 ἀξίαν,
2017 3098 2109 3157 καὶ
2129 3100 2332 3157 καταλ-

755 3188 1039 3250 λάσσουσιν
1053 3189 1470 3267 ἀπροσαύδητοι,
1489 3185 1583 3246 καὶ
1599 3184 1937 3255 ἔξισῶσαντες
1957 3183 2018 3243 τὸ
2037 3187 2335 3246 συναλλασ-

759 3273 978 3355 σόμενον
1010 3273 1469 3336 ἀπαλλάσσονται.
1552 3271 1798 3341 Δικαίους
1833 3265 1920 3334 οὖν
1951 3271 2332 3332 συναλλάσσειν

761 3367 816 3424 αἱ
837 3359 1067 3442 ἱστορίαι
1089 3359 1182 3420 καὶ
1199 3360 1412 3428 τούτους
1436 3359 1528 3420 καὶ
1554 3359 1673 3426 τοὺς
1691 3363 1866 3441 Σῆρας
1893 3360 2299 3440 παραδιδόασιν.

839 3469 942 3512 7⁵⁹.
987 3445 1119 3511 Ὀτι
1163 3449 1217 3507 ἓν
1260 3447 1492 3515 Σκύθαις
1521 3449 1807 3524 δυσήνεμος
1846 3443 2121 3507 ἐκτέταται
2158 3446 2331 3527 χθὼν,

684 3573 739 3614 ³5
768 3536 1055 3621 χειμερίοις
1099 3535 1311 3617 ἀνέμοις
1353 3535 1672 3616 λελειμμένη
1701 3535 1791 3595 καὶ
1818 3537 2106 3617 χαλάζαις,
2141 3539 2212 3605 ὣς
2241 3535 2333 3596 καὶ

765 3627 1013 3710 ἀνωτέρω
1034 3624 1353 3709 γέγραπται.
1441 3626 1765 3708 Παρέφρασε
1790 3626 1844 3686 δὲ
1873 3616 1976 3686 ὧδε
1997 3625 2058 3684 τὸ
2087 3625 2335 3706 ἀνωτέρω

766 3717 942 3800 ῥηθὲν,
970 3715 1030 3778 τὸ
1050 3744 1076 3769 ι
1099 3717 1340 3779 λείπουσι
1354 3713 1408 3775 δὲ
1428 3722 1585 3795 γαῖαν
1605 3713 1788 3787 ἀήταις
1803 3711 2086 3795 χειμερίοις
2111 3741 2156 3788 ι»,
2180 3717 2233 3774 ἐν
2257 3718 2334 3796 τῷ

764 3811 930 3868 εἰπεῖν
961 3835 987 3860 ι
1008 3803 1154 3888 χθὼν
1174 3801 1460 3887 χειμερίοις
1487 3802 1698 3882 ἀνέμοις
1720 3801 2033 3880 λελειμμένη
2065 3830 2110 3864 ι».

843 3917 946 3958 7⁸2.
975 3895 1108 3958 'Ort
1140 3893 1478 3974 δυτικώτεροι
1511 3895 1737 3974 Κόλχων
1767 3892 1857 3952 καὶ
1883 3889 2122 3960 Φάσιδος
2149 3891 2329 3962 Etesi-

685 4015 740 4056 ω
763 4005 853 4044 νου
876 3983 997 4066 περὶ
1018 3984 1198 4065 χεῖλος
1223 3983 1402 4043 ἰλαδὸν
1443 3985 1493 4042 οἱ
1532 3980 1793 4060 Βύζηρες,
1827 3981 1915 4062 ἀφ’
1933 3970 2004 4038 ὧν
2029 3976 2122 4038 καὶ
2163 3979 2327 4056 λιμὴν

763 4071 1082 4155 Βυζηρικδς,
1105 4070 1198 4130 καὶ
1221 4073 1270 4132 οἱ
1303 4069 1584 4152 Βέχειρες,
1619 4069 1874 4131 Ποντικὸν
1903 4068 2043 4136 ἔθνος
2069 4067 2162 4128 καὶ
2192 4071 2332 4130 Σκυ·

764 4161 904 4224 θικδν
921 4206 939 4235 ,
966 4159 1046 4221 ἔτι
1068 4160 1124 4220 δὲ
1160 4159 1253 4219 καὶ
1278 4162 1327 4220 οἱ
1355 4159 1646 4240 Μάκρωνες
1677 4169 1774 4218 καὶ
1801 4162 1850 4221 οἱ
1881 4157 2198 4221 Μοσύνοικοι
2239 4159 2332 4220 καὶ

764 4253 812 4312 οἱ
838 4249 1130 4333 Τιὸαρηνοὶ
1168 4249 1262 4309 καὶ
1300 4249 1350 4309 οἱ
1382 4249 1632 4314 Χάλυὸες
1648 4293 1664 4323 ,
1701 4248 1820 4330 περὶ
1847 4239 1918 4308 ὧν
1953 4248 2102 4310 κάτω
2127 4247 2333 4319 λελέξε-

764 4363 874 4401 ται.

687 4463 742 4504 45
847 4448 949 4491 Ίοι.
990 4425 1124 4492 Ὅτι
1150 4431 1185 4500 ἡ
1211 4426 1417 4496 Χαλκὶς
1461 4425 1659 4508 ἄρουρα
1695 4425 1833 4486 κατὰ
1874 4426 1932 4487 τὸ
1974 4423 2206 4508 θρᾴκιον
2235 4431 2328 4486 τοῦ

767 4516 972 4579 Πόντου
999 4521 1167 4578 κεῖται
1196 4516 1367 4595 στόμα
1383 4559 1400 4592 ,
1445 4515 1602 4596 ἤγουν
1630 4519 1665 4588 ἡ
1696 4519 1766 4595 γῆ
1795 4517 1898 4574 τῶν
1927 4513 2327 4588 Χαλκηδονίων.

761 4759 892 4796 mox
913 4741 1122 4795 Σάκειαν
1148 4739 1308 4794 codd.
1349 4739 1373 4810 ss
1414 4769 1487 4780 —
1512 4739 1564 4794 3.
1608 4738 1822 4808 Φροΰνοι
1861 4738 1942 4792 bis
1971 4744 2023 4792 C.
2049 4739 2131 4794 Cs.
2166 4744 2327 4793 Arm-

761 4819 886 4876 dius
915 4839 971 4895 p.
1017 4839 1108 4892 79,
1141 4821 1196 4876 3.-
1231 4820 1254 4890 ΙΙ
1285 4850 1356 4861 -
1383 4819 1436 4874 5.
1465 4817 1602 4882 ἔθνος
1641 4816 1743 4871 ἐστὶ
1787 4820 1873 4890 ὅμ.
1913 4837 1971 4892 y.
2005 4819 2027 4890 n
2057 4849 2128 4861 -
2151 4824 2202 4873 6.
2251 4819 2329 4874 λέ·

757 4917 936 4972 γοντες
971 4897 1105 4955 εἶναι
1138 4896 1197 4955 d.
1229 4900 1252 4970 ΙΙ
1282 4901 1419 4954 -8.
1441 4916 1584 4970 φησιν
1624 4914 1732 4952 om.
1762 4896 1818 4953 d.
1851 4899 1872 4968 ΙΙ
1895 4927 1970 4940 --
1995 4917 2049 4968 9.
2083 4897 2331 4960 ξαίνονται

758 4977 817 5036 d.
848 4979 966 5050 ΙΙ-
982 4995 1071 5034 11.
1087 4979 1224 5042 πώας
1237 4996 1295 5050 y,
1324 4976 1469 5045 ποίης
1491 4979 1556 5043 F,
1576 4976 1716 5039 ποίας
1735 4979 1814 5030 Μ.
1848 4977 1870 5048 ΙΙ
1894 5005 1966 5018 -—
1995 4977 2080 5035 13.
2101 4978 2189 5032 τὸν
2215 4978 2331 5049 βύσ-

757 5077 848 5112 σον
876 5059 1173 5128 ΟΡΖΜΥΥ.
1197 5057 1408 5129 ΙΙ-ι4,
1432 5055 1712 5126 Σημείωσαι
1819 5055 2201 5110 καταὸόσκεσθαι
2220 5075 2331 5112 om.

755 5135 815 5190 d.
839 5130 952 5206 οὖν]
973 5135 1029 5190 δὲ
1051 5139 1112 5190 F.
1145 5135 1341 5208 {1—16.
1364 5133 1458 5188 εἶσὶ
1483 5134 1752 5207 ἀνθρώποις
1779 5137 1857 5189 Μ.
1883 5135 2071 5206 11-17.
2097 5135 2336 5207 πολουμέ-

755 5234 857 5270 νων
887 5221 940 5284 C,
962 5215 1219 5288 πολεμίων
1243 5215 1287 5270 d
1297 5237 1314 5283 ;
1339 5215 1523 5278 σακίοις
1540 5214 1804 5288 γράψαντες
1815 5213 1856 5266 d
1864 5237 1886 5277 ,-
1909 5213 2245 5286 ὓποχωροῦσιν

758 5295 918 5360 θέντες
949 5294 1040 5366 τὴν
1061 5295 1233 5369 τιμήν.
1256 5313 1368 5350 om.
1393 5293 1452 5349 d.
1489 5296 1513 5366 ss
1539 5325 1613 5337 —
1643 5312 1727 5366 ¹9-
1761 5294 2094 5366 ἀναχωροῦσιν
2198 5295 2333 5368 λαμ·

2133 401 2547 464 EUSTATHll

2494 538 2615 605 752.
2648 536 2863 610 Φροΰροι
2880 577 2896 602 ,
2930 537 3152 605 Pht-uri,
3182 556 3309 611 gens
3344 540 3584 613 Scythica
3600 581 3617 608 ,
3658 559 3787 598 voce
3821 543 3989 620 bary-

2425 626 2545 670 toua
2560 656 2577 683 ‚
2620 616 2687 672 ad
2720 617 3107 680 distinctionem
3152 623 3239 675 τοῦ
3280 621 3511 692 φρουροί,
3561 622 3707 695 quod
3764 639 3987 681 accentu

2423 694 2636 768 quidem
2656 707 2809 752 acuto
2835 697 3089 770 significat
3105 698 3365 756 custodes.
3392 699 3627 770 Quidam
3653 711 3827 758 tamen
3852 707 3987 760 scri·

2422 775 2555 828 bunt
2575 779 2762 848 φρῦνοι,
2792 777 3019 848 Pluym',
3042 777 3229 833 eodem
3258 779 3475 835 nomine
3495 798 3606 854 quo
3628 792 3843 838 vocatur
3867 787 3988 838 ani·

2426 853 2545 910 mal.
2590 857 2829 929 Namque
2854 857 3057 929 Φρΰνοι,
3082 867 3143 912 ut
3164 858 3351 913 Philon
3371 877 3586 932 quoque
3606 861 3809 926 scribit,
3840 882 3987 918 ranae

2428 937 2699 994 vocantur.
2726 940 2799 993 At
2824 955 2948 991 vero
2969 937 3185 1010 Τόχαροι
3212 937 3367 1013 (gens
3392 949 3447 992 et
3472 939 3587 1012 ipsa
3614 940 3837 1013 similis)
3858 945 3982 1015 qui-

2426 1015 2547 1070 dam
2571 1028 2796 1084 acuunt,
2824 1021 2925 1073 tria
2958 1017 3071 1074 e'us
3104 1021 3333 1074 nominis
3367 1036 3563 1091 genera
3586 1037 3700 1074 esse
3724 1019 3986 1078 dicentes.

2495 1087 2671 1155 Seres,
2724 1107 2847 1160 gens
2882 1089 2977 1144 bar
3138 1090 3378 1162 Scythica
3395 1131 3412 1158 ,
3453 1108 3485 1144 a
3526 1091 3720 1163 quibus
3769 1092 3881 1148 teloe
3906 1113 3991 1148 sc·

2425 1165 2546 1220 rieoe
2578 1168 2857 1240 appellatae.
2929 1170 2999 1223 Hi
3024 1169 3183 1224 boves
3222 1169 3437 1241 quidem
3452 1208 3470 1235 ‚
3494 1180 3558 1224 ut
3598 1173 3673 1225 ait
3687 1210 3704 1236 ,
3744 1173 3995 1244 pingues·

2426 1263 2529 1317 quc
2554 1265 2677 1301 oves
2694 1260 3055 1321 aspernantur,
3075 1247 3167 1303 sed
3185 1251 3340 1304 variis
3359 1248 3577 1304 desertae
3596 1261 3752 1305 terrae
3772 1251 3995 1307 floribus

2427 1325 2641 1398 depexis
2657 1367 2672 1392 ,
2701 1337 2863 1382 vestes
2886 1329 3105 1383 artificio
3143 1331 3395 1401 pretiosas
3422 1332 3745 1384 concinnant
3764 1369 3780 1397 ‚
3811 1331 3993 1386 colore

2427 1397 2646 1452 {loribus
2670 1399 2921 1471 pratensis
2946 1399 3122 1454 berbae
3144 1400 3437 1454 consimiles
3454 1439 3471 1464 ,
3499 1399 3633 1454 adeo
3660 1399 3892 1474 denique
3916 1413 3997 1457 te-

2428 1495 2558 1530 nues
2573 1517 2589 1544 ,
2619 1488 2682 1532 ut
2706 1497 2773 1533 ne
2799 1496 2935 1552 opus
2960 1478 3173 1552 quidem
3204 1498 3514 1535 aranearum
3544 1499 3667 1536 cum
3699 1481 3801 1536 illis
3825 1493 3995 1540 cer-ta-

2428 1558 2579 1611 verit.
2622 1560 2841 1630 Byssum
2865 1577 3077 1632 quoquc
3102 1578 3166 1614 ex
3192 1559 3357 1616 herba
3390 1560 3558 1631 colligi
3592 1563 3766 1616 aiunt.
3806 1564 3995 1636 Itaque

2425 1637 2647 1693 observa
2677 1639 2825 1694 Seres
2847 1640 3045 1695 textilia
3067 1659 3131 1694 ex
3158 1639 3379 1696 floribus
3400 1639 3599 1708 racem
3630 1659 3797 1714 quare
3822 1661 3997 1716 neque

2424 1727 2571 1788 prata
2596 1718 2779 1774 sinunt
2796 1717 3027 1793 depasci,
3073 1721 3221 1775 Seres
3250 1738 3413 1794 porro
3444 1720 3689 1776 homines
3712 1739 3825 1776 esse
3846 1725 3993 1780 inso-

2424 1796 2635 1852 ciabiles
2659 1809 2816 1872 atque
2832 1818 2864 1855 a
2880 1811 3063 1856 mutua
3086 1801 3204 1856 vitae
3226 1799 3608 1856 consuetudine
3624 1801 3841 1869 alienos,
3865 1802 3997 1858 inde

2424 1877 2757 1934 manifestum
2774 1922 2791 1952 ,
2817 1878 2998 1953 qnod,
3040 1899 3215 1936 rerum
3255 1899 3391 1936 veno
3426 1881 3723 1952 positarum
3762 1883 3991 1937 attima-

2424 1959 2569 2013 tione
2605 1959 2765 2015 saccis
2791 1961 3069 2034 inscripta,
3094 1981 3206 2018 sese
3242 1961 3367 2017 inde
3392 1960 3727 2028 subducunt3
3758 1972 3871 2017 tum
3897 1981 3989 2018 ac-

2421 2035 2619 2093 cedunt
2640 2049 2955 2094 mercatores
2970 2081 2987 2107 ,
3021 2050 3075 2096 et
3108 2043 3282 2114 pretio
3309 2041 3551 2113 deposito
3567 2081 3585 2108 ,
3621 2039 3991 2105 retrocedunt;

2424 2119 2641 2174 veniunt
2664 2129 2845 2192 postea
2870 2121 3018 2175 Seres
3034 2161 3049 2187 ,
3078 2130 3149 2186 et,
3176 2122 3221 2175 si
3239 2121 3456 2194 quidem
3490 2121 3851 2192 acquiescunt,
3874 2139 4000 2195 pre-

2423 2198 2585 2263 tium,
2618 2199 2701 2253 sin
2740 2200 2952 2268 minus,
2991 2219 3084 2256 sua
3119 2202 3353 2275 capiunt.
3427 2202 3597 2256 Aiunt
3623 2210 3799 2256 autem
3840 2203 3991 2256 Seres

2420 2295 2531 2332 esse
2567 2279 2673 2334 vita
2708 2280 2935 2334 maxime
2961 2279 3245 2345 diuturna,
3286 2281 3484 2354 quippe
3522 2280 3615 2353 qni
3644 2277 3855 2335 vivendi
3881 2299 3999 2354 spa·

2422 2362 2554 2416 tium
2569 2361 2705 2416 ultra
2716 2381 2882 2418 annos
2900 2363 3153 2418 ducentos
3170 2363 3501 2436 protrahant.
3517 2363 3725 2417 Verum
3748 2363 3991 2428 observa,

2420 2443 2659 2498 similiter
2674 2456 2839 2517 atque
2862 2443 2931 2499 de
2962 2445 3173 2501 Set-ibus
3208 2455 3457 2510 narrant,
3489 2444 3607 2500 ficri
3640 2439 3807 2500 etiarxi'
3838 2457 3987 2501 extra

2424 2526 2657 2582 Herculis
2677 2529 2978 2585 Columnas.
3002 2531 3319 2585 Met-catores
3340 2545 3571 2601 namque
3592 2529 3991 2602 Carthaginien·-

2420 2629 2501 2666 ses
2537 2629 2602 2666 eo
2644 2612 2865 2686 profecti
2885 2651 2902 2679 ,
2950 2612 3211 2667 mercibus
3251 2612 3503 2686 expositis
3518 2653 3535 2679 ,
3575 2624 3643 2668 ut
3686 2613 3993 2669 Herodotus

2422 2696 2517 2766 (ἵε,
2554 2697 2689 2770 196)
2717 2697 2809 2764 ait,
2835 2715 3087 2753 succenso
3105 2699 3229 2770 igne
3258 2698 3465 2753 sumum
3485 2699 3751 2764 excitant3
3777 2709 3935 2772 atque
3951 2700 3989 2752 ii

2421 2777 2637 2850 quidem
2651 2780 2847 2836 alitore
2870 2783 2927 2836 in
2951 2782 3117 2837 altum
3140 2781 3508 2838 subvehuntur
3523 2803 3540 2850 ς
3556 2781 3819 2854 indigena
3837 2801 3980 2848 vero,

2420 2863 2640 2937 propius
2676 2864 3011 2931 accedentes,
3044 2865 3334 2938 dispiciunt
3374 2885 3601 2932 merces,
3633 2883 3872 2939 auroque
3893 2866 3987 2921 de-

2422 2947 2595 3017 posito
2621 2947 2895 3016 recedunt.
3010 2949 3152 3003 Tum
3174 2949 3627 3021 Carthaginienses
3644 2990 3661 3016 ,
3700 2967 3731 3004 e
3766 2950 3988 3006 navibus

2422 3029 2642 3098 egressi,
2681 3028 2883 3102 justum
2927 3032 3158 3104 pretinm
3200 3031 3510 3106 expendunt
3524 3071 3541 3098 ,
3568 3033 3807 3104 citraque
3832 3051 3989 3088 usum

2422 3112 2671 3186 colloquii
2716 3116 2853 3169 iuter
2890 3133 3003 3170 sese
3043 3116 3395 3186 negotiantur,
3446 3126 3827 3188 aequatoque
3865 3135 3985 3172 cum

2422 3195 2582 3250 rebus
2604 3195 2829 3252 venditis
2863 3198 3036 3272 pretio
3066 3197 3365 3257 discedunt.
3390 3201 3581 3272 Itaque
3602 3200 3835 3255 historiis
3856 3219 3983 3274 pro-

2423 3281 2593 3336 ditum
2623 3294 2721 3350 est,
2748 3294 2864 3339 tum
2888 3284 2987 3340 bos
3024 3295 3137 3340 tum
3164 3287 3313 3342 Seres
3330 3285 3502 3359 justos
3532 3296 3692 3360 atque
3715 3305 3894 3360 aequos
3926 3291 3987 3344 in

2424 3366 2581 3420 rebus
2600 3367 2969 3424 contrahendis
2999 3387 3129 3426 asse.

2496 3451 2619 3522 759.
2647 3454 2956 3526 Scytharum
2975 3456 3119 3526 regio
3146 3455 3313 3509 ventis
3326 3452 3459 3508 male
3476 3453 3728 3519 obnoxia,
3745 3467 3987 3526 porrecta

2426 3525 2633 3599 longius
2654 3541 2750 3596 est,
2778 3530 3011 3585 hibernis
3038 3532 3203 3586 ventis
3228 3542 3387 3604 atque
3412 3529 3761 3602 grandinibus
3786 3529 3983 3599 relicta,

2427 3615 2487 3660 ut
2510 3615 2562 3660 et
2587 3624 2743 3679 supra
2764 3608 3015 3680 scriptum
3040 3617 3137 3662 est.
3208 3609 3313 3662 Hic
3330 3618 3505 3663 autem
3531 3624 3629 3680 per
3648 3606 3989 3680 paraphrasin

2424 3680 2649 3753 explicat
2673 3682 2912 3754 superius
2934 3682 3063 3738 illud
3093 3701 3109 3737 :
3146 3709 3170 3732 ι
3196 3695 3496 3756 terramque
3528 3682 3837 3755 relinquunt
3857 3684 3987 3738 flati-

2426 3754 2524 3811 bus
2548 3756 2778 3813 hibernis
2806 3780 2853 3820 ι,
2884 3770 3137 3830 quatenus
3172 3759 3261 3814 bic
3295 3757 3511 3833 quidem
3536 3757 3669 3814 dicit
3693 3783 3717 3806 ι
3740 3769 3879 3814 terra
3904 3777 3989 3814 re·

2423 3829 2544 3888 licta
2566 3832 2775 3888 flatibus
2797 3832 3031 3888 hibernis
3062 3859 3113 3891 ι.

2495 3911 2621 3980 762.
2658 3905 2865 3962 Colchis
2904 3917 2959 3962 et
2996 3905 3217 3963 Phaside
3240 3905 3674 3964 occidentaliores
3696 3905 3765 3961 ad
3790 3907 3985 3962 Euxini

2420 3992 2631 4048 labrum
2656 3992 2924 4048 mrmatim
2949 3994 3105 4067 positi
3126 4005 3254 4050 suut
3271 3997 3521 4070 Byzeres,
3562 4014 3595 4051 a
3616 3993 3811 4068 quibus
3834 3995 3989 4048 etiam

2421 4104 2607 4167 portus
2633 4093 2941 4167 Byzericus,
2990 4104 3046 4149 et
3077 4095 3351 4162 Bechires,
3376 4111 3504 4166 gens
3530 4094 3751 4150 Pontica
3772 4102 3825 4147 et
3864 4094 3985 4166 Scy·

2422 4189 2561 4243 thica
2573 4229 2589 4256 ,
2629 4207 2729 4244 nec
2764 4207 2874 4244 nou
2898 4191 3175 4246 Mam-ones
3200 4199 3253 4245 et
3269 4190 3563 4264 Mosyuoeci
3588 4201 3642 4245 et
3666 4189 3912 4244 Tibareni
3934 4198 3988 4242 et

2419 4283 2707 4358 Chalybes,
2738 4283 2806 4340 de
2831 4284 3023 4359 quibus
3048 4284 3208 4360 paulo
3227 4294 3367 4358 post.

2493 4383 2617 4454 764.
2654 4381 2858 4436 omlcis
2895 4381 3052 4436 tellus
3089 4383 3187 4436 sita
3211 4392 3292 4436 est
3316 4381 3387 4436 ad
3420 4382 3614 4438 ostium
3640 4383 3800 4438 Ponti
3824 4383 3989 4436 Thra·

2420 4452 2592 4536 cium,
2624 4453 2769 4523 regio
2798 4452 3050 4536 nimirum
3076 4451 3587 4537 Chaloedonionum3
3614 4452 3769 4538 cujus
3784 4452 3983 4538 Cli-alci-

2422 4522 2506 4576 dis
2528 4540 2725 4577 nomen
2760 4521 2951 4593 gentile
2987 4522 3035 4576 oi
3066 4521 3349 4584 Χαλκιδεῖς.
3416 4524 3503 4578 Sne
3525 4524 3688 4594 igitur
3712 4541 3825 4596 ipsc
3854 4523 3987 4576 infra

2426 4731 2629 4785 Θάνουσι
2647 4730 2736 4798 τὴν
2764 4730 2911 4803 τιμήν
2936 4749 3043 4787 om.
3076 4734 3149 4787 D.
3182 4725 3301 4802 {1⁸—
3324 4747 3413 4786 αι.
3452 4750 3515 4804 γε
3542 4747 3654 4785 om.
3684 4729 3984 4798 cFKan·

2425 4812 2478 4866 δὲ
2505 4831 2616 4869 om.
2650 4817 2709 4870 C.
2744 4813 2766 4883 ΙΙ
2797 4843 2863 4852 -
2882 4829 2972 4866 20.
2997 4811 3398 4885 παρατείνοντας
3410 4829 3471 4883 y.
3498 4811 3521 4882 ss
3548 4840 3625 4852 —
3646 4808 3737 4866 23.
3767 4809 3846 4862 ὅτι
3873 4825 3980 4861 om.

2428 4895 2519 4964 (5.ss
2541 4894 2718 4950 -25.
2745 4891 2839 4949 ἀπὸ
2862 4891 3022 4965 Καρχ.
3051 4890 3247 4955 ἔκεῖιί;
3272 4891 3495 4964 ἱκόμενοι
3516 4889 3764 4960 Fm.11—
3783 4887 3869 4942 3ε.
3898 4904 3983 4939 κα-

2424 4973 2599 5028 ταλλ..
2624 4973 2783 5028 codd.
2810 4991 2927 5030 exc.
2968 4971 3057 5027 cd.
3088 4973 3111 5042 ΙΙ
3140 5000 3217 5012 -
3242 4971 3333 5028 32.
3377 4968 3588 5025 συναλλ.
3630 4985 3743 5022 om.
3768 4965 3825 5019 d.
3864 4967 3885 5036 ΙΙ
3914 4993 3986 5006 —-

2425 5053 2516 5110 33.
2541 5052 2626 5106 καὶ
2652 5071 2761 5109 om.
2792 5055 2857 5109 F.
2892 5053 2915 5124 ss
2948 5053 3035 5116 34.
3064 5049 3311 5104 ἰντέταται
3338 5048 3394 5104 d.
3426 5050 3450 5120 ΙΙ
3470 5079 3544 5092 -
3570 5047 3660 5104 35.
3692 5045 3977 5116 ἀνέμοις

2412 5133 2690 5205 χειμερίοις
2718 5151 2826 5189 om.
2859 5135 2923 5188 L.
2956 5132 2978 5202 ΙΙ
3007 5161 3081 5172 —
3118 5130 3185 5201 37
3232 5129 3408 5203 ῥηθὲν]
3445 5125 3625 5200 λεχθὲν
3652 5125 3707 5182 d.
3740 5126 3867 5197 ΙΙ·-
3890 5126 3973 5189 4ο.

2424 5213 2596 5283 ἰληδὸν
2621 5217 2685 5270 F.
2722 5214 2744 5284 ss
2768 5241 2843 5255 «ν-
2870 5215 2960 5276 4ῐ.
2990 5211 3265 5282 Βέκχειρες,
3301 5208 3564 5277 πονητικὸν
3590 5207 3645 5263 d.
3682 5206 3707 5276 ll
3732 5235 3807 5248 --
3836 5209 3924 5268 42.
3948 5199 3983 5268 ἦ
4030 5215 4033 5218 ’

2422 5293 2682 5366 Μακρωνίς
2695 5309 2756 5363 y.
2784 5292 2805 5362 ΙΙ
2845 5319 2918 5333 -
2950 5291 3017 5356 43
3072 5291 3259 5352 λέξεται
3285 5309 3335 5358 γ.
3366 5289 3389 5362 ΙΙ
3420 5319 3494 5330 —
3520 5291 3609 5353 46.
3638 5287 3799 5357 στόμα
3826 5289 3983 5338 κεΐτιη
