4584 6284
623 500 754 573 53·
767 497 1036 578 ῑῖἕὲξιῇθ
1053 496 2543 578 Wfflffiffifflaem
2552 497 3805 583 mffifflss

1887 805 2073 908 AN
2101 804 2289 910 ΟΝ
2314 805 2579 908 ΥΜΙ

1489 1043 1862 1123 Torms
1927 1043 2236 1123 oanis
2304 1044 2947 1124 nssscmrrm.

1936 1293 2507 1332 -ψ-

702 1549 948 1629 Scripta
987 1543 1427 1627 geographica,
1463 1542 1541 1605 de
1571 1541 1800 1624 quibus
1827 1540 2019 1604 modo
2047 1540 2178 1621 egi-

623 1655 799 1711 mus,
836 1636 902 1697 in
933 1631 1248 1696 volumine
1274 1636 1486 1693 nostro
1515 1627 1746 1711 excipit
1771 1627 1962 1690 latina
1993 1625 2182 1707 graeci

625 1721 912 1806 opusculi
954 1719 1376 1803 interpretatio
1418 1717 1685 1799 duplex,
1717 1733 1982 1798 quarum
2013 1713 2184 1794 prior

623 1813 722 1892 (A)
761 1831 798 1873 a
832 1807 1088 1873 Juniore
1134 1804 1510 1889 philosopho
1563 1803 1882 1868 elaborata
1933 1801 2182 1866 titulum

623 1899 952 1983 praefixum
988 1896 1174 1961 habet
1206 1915 1222 1958 ε
1261 1897 1460 1957 Totius
1501 1893 1665 1955 orbis
1709 1892 2061 1972 descriptio,
2091 1890 2184 1951 al-

623 1987 818 2052 terius
845 1985 942 2069 (B)
968 2002 1113 2049 vero
1132 1982 1210 2045 ab
1239 1984 1566 2062 Anonymo
1591 1980 1888 2062 prosectae
1913 1985 1976 2042 et
2004 1977 2180 2042 initio

625 2075 864 2139 mutilae
893 2073 971 2138 ad
998 2072 1231 2136 calcem
1262 2069 1488 2150 legitur
1515 2089 1531 2132 z
1557 2070 1840 2150 Explicit
1862 2070 2184 2148 Expositio

624 2169 806 2227 totius
861 2163 1069 2224 mundi
1131 2166 1189 2222 et
1237 2164 1525 2238 qentium.
1587 2155 1897 2219 Nimirum
1977 2154 2183 2218 latinis

623 2251 853 2314 nostris
900 2249 1134 2313 fontem
1195 2263 1471 2326 graecum
1537 2243 1797 2306 subesse
1855 2243 2183 2307 manifesto

625 2336 907 2418 coarguit
932 2334 1292 2416 graecissans
1325 2330 1634 2396 sermonis
1671 2329 2032 2408 barbaries,
2062 2349 2186 2412 qua

621 2425 839 2489 horret
855 2421 1160 2504 Anonymi
1181 2419 1575 2503 potissimum
1595 2416 1796 2481 versio
1816 2419 1916 2499 (1),
1937 2435 2127 2500 quam
2147 2436 2185 2480 a

619 2515 837 2578 Jureto
866 2509 1232 2586 Salmasius,
1261 2525 1299 2571 a
1325 2505 1627 2572 Salmasio
1659 2505 1907 2588 accepit
1943 2505 2184 2587 primus

621 2601 758 2681 ejus
808 2599 1014 2662 editor
1040 2594 1310 2660 Jacohus
1339 2592 1775 2659 Gothori-edus.
1811 2593 1908 2655 Ab
1952 2591 2182 2656 eodem

620 2691 836 2753 Jureto
873 2684 1210 2751 Salmasius
1254 2682 1442 2746 etiam
1487 2680 1662 2745 Lucii
1710 2679 1986 2762 Ampelii
2033 2699 2186 2763 apo-

620 2775 927 2858 graphum
953 2793 987 2837 e
1015 2771 1232 2836 codice
1258 2769 1530 2852 accepit,
1557 2767 1666 2851 qui
1695 2767 1863 2832 haud
1902 2767 2184 2831 diversus

619 2882 755 2927 esse
783 2870 1074 2927 censetur
1116 2861 1192 2924 ah
1241 2858 1515 2941 Ampelii
1567 2857 1786 2921 codice
1827 2855 2184 2919 Divionensi

619 2953 684 3016 in
707 2951 1090 3015 bibliotheca
1114 2949 1178 3011 S.
1207 2945 1469 3028 Benigni
1498 2953 1810 3009 asservato
1835 2943 2034 3027 (cujus
2054 2941 2185 3006 Sis-

619 3040 887 3104 mondus
936 3037 1015 3101 ad
1051 3036 1265 3100 Sidon.
1295 3033 1574 3116 Apollini
1601 3037 1664 3110 9,
1697 3035 1808 3096 301
1846 3030 2180 3109 meminit),

621 3129 916 3211 quoniam
955 3129 1238 3190 Juretum
1283 3121 1540 3186 Divione
1568 3120 1795 3183 vixisse
1840 3118 2181 3200 multisque

623 3216 789 3279 illius
814 3213 1214 3278 bibliothecoe
1233 3209 1411 3272 libris
1437 3225 1623 3272 usum
1649 3225 1786 3270 esse
1810 3211 2053 3269 constat
2075 3206 2180 3286 (Ξ).

627 3300 858 3377 Quodsi
902 3299 1089 3379 igitur
1134 3295 1443 3376 Anonymi
1489 3293 1683 3357 nostri
1710 3291 1932 3356 ’codex
1981 3291 2187 3354 adhuc

608 3385 942 3468 'superstes
990 3381 1218 3447 alicubi
1284 3382 1468 3458 latet,
1523 3378 1736 3442 nescio
1786 3397 1867 3441 an
1932 3377 2187 3440 Divione

613 3472 1005 3555 quaerendus
1043 3469 1124 3532 sit
1146 3468 1243 3531 vel
1270 3467 1457 3531 etiam
1485 3466 1551 3529 in
1577 3465 1976 3552 ‘bibliotheca
2019 3467 2190 3527 Mon-

631 3559 1058 3643 tepessulana,
1107 3556 1172 3619 in
1217 3572 1411 3637 quam
1465 3551 1610 3638 libri
1666 3550 1962 3634 permulti
2004 3567 2038 3612 e
2093 3548 2192 3611 bi-

629 3649 946 3714 bliotheca
980 3649 1042 3710 S.
1073 3642 1336 3726 Benigni
1383 3639 1664 3705 transl‘ati
1703 3645 1866 3704 sunt.
1899 3639 2186 3701 Ceterum

631 3735 1046 3801 Gothot'redus
1081 3740 1405 3797 auctorem
1432 3746 1616 3794 suum
1655 3747 1782 3792 non
1827 3726 2014 3790 modo
2041 3746 2188 3808 pro-

629 3823 972 3908 legomenis
1043 3827 1107 3885 et
1174 3818 1573 3883 annotatione
1653 3814 2004 3890 illustravit,
2075 3813 2186 3876 sed

629 3911 1135 3996 interpretatione
1159 3925 1411 3992 quoque
1433 3913 1569 3971 tum
1596 3904 1790 3968 latina
1824 3909 1957 3966 tum
1981 3920 2188 3982 graeca

630 4005 910 4081 donavit,
961 4018 1223 4085 quarum
1293 3998 1402 4063 illa
1481 3996 1812 4060 barbaram
1877 3993 2182 4075 Anonymi

629 4092 973 4156 orationem
1003 4089 1068 4152 in
1097 4087 1440 4170 elegantius
1473 4083 1724 4148 dicendi
1751 4100 1947 4162 genus
1973 4081 2186 4144 tradu-

628 4188 818 4256 ceret,
838 4179 978 4242 haec
999 4193 1144 4240 vero
1160 4173 1348 4254 graeci
1371 4170 1642 4236 auctoris
1658 4167 1965 4250 deperditi
1985 4167 2182 4232 vicem

628 4272 888 4348 gereret.
917 4267 1256 4344 Utramque
1288 4277 1432 4336 noa,
1464 4255 1803 4322 Burmanni
1826 4255 2181 4336 exemplum

629 4353 854 4427 secuti,
901 4348 1273 4430 abjecimus,
1313 4363 1510 4429 quum
1555 4342 1748 4406 latina
1787 4341 1865 4402 sit
1907 4340 2178 4418 inutilis,

629 4458 832 4521 graeca
847 4443 1051 4502 autem
1071 4434 1310 4518 puerile
1335 4429 1658 4515 quippiam
1679 4428 1925 4505 habeat,
1946 4428 2179 4510 quippe

629 4546 771 4611 quae
793 4534 857 4590 et
879 4525 1014 4608 ipsa
1037 4521 1302 4586 barbara
1328 4521 1405 4584 sit
1448 4536 1565 4582 nec
1597 4516 1790 4580 ullam
1833 4515 2040 4578 lucem
2082 4515 2175 4577 at*-

599 4616 844 4681 ·fundat
859 4663 878 4687 ‚
903 4615 956 4676 si
975 4611 1209 4695 quid‘in
1238 4608 1440 4672 latinis
1461 4606 1698 4670 dictum
1723 4601 2050 4668 obscurius
2065 4602 2176 4685 (3).

683 4815 754 4878 (1)
790 4814 853 4862 V.
883 4824 928 4862 c.
958 4809 990 4876 S
1031 4817 1089 4861 ⁵⁵
1127 4809 1350 4874 propter
1371 4809 1586 4857 suorum
1611 4801 1724 4868 frui
1750 4815 1872 4853 cum
1895 4801 2182 4852 securitate

629 4883 781 4945 velle,
797 4883 876 4933 διὰ
895 4881 951 4931 τὸ
963 4885 1060 4930 τῶν
1082 4881 1258 4930 ἑαυτῶν
1279 4875 1593 4926 autemeam
1625 4871 1722 4936 μετ’
1747 4872 1998 4936 &mainz
2027 4871 2182 4934 βούλι-

620 4955 748 5012 σοαι,
768 4950 800 5017 S
823 4955 880 5002 ta
899 4947 1268 5009 autumatur,
1287 4949 1594 5010 ἱστοροῦνται,
1609 4945 1670 4994 ut
1687 4939 1853 5004 odire,
1868 4943 1992 4992 ὥστι
2009 4947 2179 5004 μισεῖν,

621 5037 679 5074 ac
705 5021 929 5074 similiter
954 5019 1048 5071 alia
1073 5018 1249 5071 multa.

681 5093 753 5154 (2)
771 5094 835 5142 V.
857 5088 1120 5141 Eduardus
1151 5085 1401 5146 Woelmin,
1435 5087 1509 5135 De
1526 5083 1666 5134 Lucii
1695 5081 1898 5148 Ampelii
1918 5079 2043 5132 libro
2073 5093 2178 5130 me-

617 5161 810 5214 moriali
825 5159 1124 5224 quaestiones
1147 5157 1328 5208 critica
1357 5157 1408 5206 et
1437 5152 1683 5205 historicae
1711 5152 2015 5217 (Goettingae,
2039 5151 2178 5212 1854)

615 5248 664 5299 p·
679 5239 749 5369 (⁸3⁶)
771 5299 1050 5354 Gronovius
1067 5298 1116 5350 in
1131 5296 1320 5363 praesat.
1345 5295 1409 5346 ad
1427 5291 1754 5359 Gaugrapbica
1771 5289 1971 5356 antiqua
1990 5309 2004 5341 ι
2038 5308 2064 5333 οι
2085 5288 2180 5340 llic

2125 5379 2250 5438 xliv

2355 1542 2625 1604 Alteram
2659 1540 2943 1623 opusculi
2990 1542 3185 1605 nostri
3215 1543 3781 1625 interpretationem
3802 1597 3823 1630 ‚

2273 1648 2415 1712 quae
2465 1628 2738 1693 Junioris
2790 1629 3118 1710 cujusdam
3182 1631 3536 1716 philosophi
3592 1655 3824 1703 nomen

2271 1716 2616 1798 profitetur,
2648 1736 2683 1778 e
2712 1717 2929 1780 codice
2966 1717 3250 1793 cavensi,
3288 1721 3582 1797 Palermi,
3633 1732 3703 1787 ut
3735 1727 3829 1790 vi-

2274 1803 2477 1883 detur,
2503 1803 2732 1886 scripto
2753 1809 2829 1884 (v.
2856 1810 2983 1866 not.
3016 1823 3079 1885 p.
3104 1807 3245 1887 528)
3264 1853 3281 1882 ,
3311 1807 3550 1888 primus
3571 1814 3827 1893 protulit

2273 1895 2543 1955 Amanus
2572 1893 2765 1956 Marus
2794 1893 2873 1973 (1)
2903 1891 2970 1954 in
2996 1891 3408 1956 classicorum
3434 1904 3825 1964 auctorum.e

2271 1979 2581 2043 Vaticanis
2643 1978 2965 2044 codicibus
3022 1978 3333 2044 editorum
3399 1987 3570 2046 tomo
3644 1988 3824 2051 tertio

2273 2072 2354 2152 (p.
2390 2073 2509 2134 383
2539 2068 2739 2151 sqq.),
2779 2067 2889 2131 ubi
2928 2067 3009 2131 de
3049 2067 3215 2133 libro
3254 2069 3363 2133 illo
3404 2070 3607 2154 deque
3636 2093 3826 2156 opera

2272 2177 2383 2220 sua
2410 2157 2704 2220 disseruit
2722 2157 2889 2220 hunc
2911 2155 2975 2219 in
3004 2154 3287 2221 modum.

2360 2268 2389 2303 α
2418 2246 2685 2307 Cavense
2720 2244 2836 2306 ΡΡ.
2883 2244 3367 2308 Benedictorum
3402 2246 3567 2310 haud
3604 2252 3825 2330 procul

2270 2333 2428 2396 urbe
2474 2331 2733 2397 Salerno
2778 2330 3226 2396 monasterium
3276 2333 3370 2397 vir
3405 2334 3485 2398 cl.
3529 2336 3669 2401 Joh.
3700 2339 3827 2402 Ma·

2273 2422 2597 2500 billoniuS‚
2627 2421 2907 2503 ejusdem
2940 2420 3179 2485 ordinis
3211 2423 3551 2487 monachus
3570 2471 3587 2500 ,
3618 2425 3681 2488 in
3712 2444 3827 2491 suo

2272 2511 2493 2575 itinere
2522 2511 2729 2575 italico
2758 2531 2820 2594 p.
2848 2513 3113 2574 116-118
3136 2510 3405 2574 breviter
3430 2511 3687 2594 quidem
3714 2515 3828 2579 sed

2267 2620 2397 2664 non
2440 2599 2779 2681 injucunde
2808 2597 3159 2681 descripsit.
3198 2599 3352 2662 Exin
3398 2607 3576 2664 aetate
3618 2609 3825 2666 nostra

2273 2688 2497 2753 doctus
2538 2689 2695 2751 alius
2720 2687 2815 2750 vir
2840 2687 3041 2767 gallus
3084 2692 3497 2767 cognomento
3542 2691 3827 2752 Rozanus

2274 2775 2633 2841 monasterii
2664 2776 2798 2855 ejus
2824 2773 3270 2837 bibliothecam
3300 2773 3636 2856 prolixiore
3656 2793 3827 2840 com-

2274 2863 2578 2928 mentario
2622 2862 2965 2925 illustravit.
3010 2863 3140 2942 Ego
3180 2880 3343 2925 anno
3384 2863 3824 2927 MDCCCXXVI

2256 2953 2350 3016 -ad
2395 2953 2566 3015 hunc
2614 2951 2822 3014 locum
2867 2949 3176 3029 insignem
3225 2949 3382 3014 forte
3426 2969 3819 3033 progressuS,

2274 3048 2339 3103 et
2426 3038 2875 3102 humanitatem
2946 3036 3291 3100 incolarum
3369 3039 3823 3104 monachorum

2274 3133 2564 3211 expertus
2605 3123 2971 3205 plurimam,
3019 3123 3230 3206 ibique
3262 3124 3431 3190 brevi
3482 3126 3605 3190 diei
3648 3137 3823 3210 parte

2276 3218 2589 3291 moratus,
2636 3210 2793 3274 nihil
2838 3209 3005 3274 aliud
3063 3211 3262 3274 ferme
3306 3211 3581 3275 videram
3633 3232 3820 3295 quam

2276 3299 2618 3382 diplomata
2644 3297 2879 3381 aliquot
2906 3305 2968 3360 et
2996 3296 3453 3362 nobilissimum
3495 3306 3679 3382 atque
3719 3320 3823 3364 an·

2277 3387 2699 3469 tiquissimum
2726 3385 3056 3449 latinorum
3108 3384 3448 3451 bibliorum
3494 3387 3816 3463 codicem,

2276 3477 2456 3556 cujus
2470 3473 2696 3538 deinde
2708 3471 3156 3557 apographum,
3176 3472 3458 3556 obsequii
3470 3476 3819 3557 gratiaerga

2275 3561 2639 3628 Pontificem
2688 3561 3027 3623 maximum
3083 3565 3355 3624 Leonem
3402 3563 3535 3639 XII,
3565 3562 3673 3643 qui
3717 3581 3819 3626 me

2274 3747 2439 3797 autem
2495 3741 2850 3808 (Gothosredus
2882 3751 2984 3805 sc.)
3032 3742 3263 3808 singulari
3294 3743 3474 3797 laboris
3506 3759 3681 3810 genere
3722 3747 3819 3800 frui

2272 3818 2465 3881 optans,
2484 3827 2583 3865 mn
2600 3812 2746 3864 modo
2764 3812 2894 3864 notis
2910 3811 3145 3879 adjuvare
3158 3813 3517 3881 intelligentiam
3530 3816 3637 3879 eius
3652 3817 3819 3884 scripti

2271 3883 2449 3945 voluit,
2468 3882 2558 3934 sed
2585 3896 2740 3948 quum
2759 3883 2872 3948 jure
2889 3883 2981 3934 sibi
3004 3883 3469 3947 imaginaretur-esse
3486 3887 3643 3936 Graeci
3668 3900 3820 3951 opus-

2271 3955 2373 4006 culi
2396 3953 2853 4020 interpretstiouem,
2874 3965 2929 4003 ex
2944 3966 2999 4004 se
3010 3965 3241 4005 revocare
3252 3954 3457 4005 tentavit
3473 3967 3648 4019 amca,
3664 3967 3819 4019 eaque

2274 4025 2443 4076 denuo
2466 4023 2517 4074 in
2544 4023 2750 4075 latinum
2790 4021 3069 4074 mandit.
3100 4024 3214 4082 Quo
3250 4025 3459 4086 utroque
3484 4023 3715 4074 delectari
3738 4038 3821 4075 vo-

2270 4093 2424 4146 luisse
2444 4105 2560 4143 eum
2582 4105 2679 4143 non
2703 4091 2941 4156 vitupero,
2968 4091 3053 4143 sed
3078 4091 3273 4156 publice
3298 4091 3411 4142 inde
3436 4092 3601 4144 venire
3622 4093 3821 4157 aliquod

2273 4163 2655 4216 emolumentum
2684 4174 2781 4211 nou
2795 4159 2953 4212 video.
2983 4163 3105 4212 Nam
3122 4174 3283 4225 neque
3308 4159 3389 4212 hic
3413 4161 3607 4213 libellus
3628 4162 3725 4227 legi
3740 4163 3821 4214 de-

2269 4231 2356 4282 bet
2396 4231 2561 4281 latino
2588 4228 2765 4293 lingue
2803 4228 2985 4294 gratia,
3028 4233 3080 4280 et
3122 4229 3363 4281 sententia
3390 4229 3501 4292 eius
3536 4233 3703 4281 tamen
3748 4231 3818 4282 sic

2268 4303 2440 4367 aperta
2462 4302 2556 4360 est,
2585 4300 2643 4348 ιιι
2668 4309 2755 4360 per
2769 4295 2882 4350 filas
2892 4295 3235 4348 malationes
3246 4296 3387 4362 plane
3402 4311 3501 4348 non
3526 4297 3613 4349 fiat
3629 4299 3816 4350 clarior.

2268 4371 2471 4425 Interim
2500 4367 2609 4418 haec
2638 4365 2761 4416 ratio
2790 4363 2961 4429 agendi
2986 4363 3133 4415 istam
3158 4365 3340 4416 invexit
3366 4367 3655 4430 molestiam,
3686 4369 3821 4434 quod

2268 4437 2525 4490 nonnullos
2548 4434 2601 4486 iu
2632 4431 2930 4497 hisquoque
2958 4433 3104 4483 terris
3133 4431 3404 4498 deceperit,
3439 4436 3527 4499 qui
3550 4449 3708 4501 graeea
3736 4437 3820 4489 illa

2266 4523 2357 4575 pro
2380 4505 2595 4570 antiquis
2612 4501 2948 4567 adspicientes,
2966 4502 3159 4567 illepide
3176 4507 3229 4555 et
3254 4503 3457 4556 ridicule
3470 4505 3678 4559 citarent
3702 4507 3817 4559 inde

2265 4580 2430 4644 partes
2466 4574 2532 4627 ad
2559 4573 2737 4638 linguai
2766 4570 2898 4622 illius
2927 4571 3199 4624 doctrinam
3235 4572 3558 4638 probandam,
3601 4588 3815 4639 quorum

2267 4645 2532 4700 infelicitati
2555 4657 2719 4708 parco.
2754 4645 3015 4705 Propterea
3052 4641 3179 4692 banc
3206 4641 3445 4694 sarcinam
3472 4647 3529 4695 ιιι
3558 4643 3706 4696 nimis
3733 4649 3819 4696 ιω-

2199 4735 2206 4742 ·
2267 4718 2456 4769 diosam
2480 4718 2532 4766 et
2560 4713 2775 4779 periculo
2804 4713 3010 4764 mixtam
3038 4715 3090 4763 et
3116 4714 3257 4777 plane
3290 4727 3386 4763 non
3412 4713 3583 4764 utilem
3610 4728 3818 4778 cavans

2267 4789 2383 4839 hinc
2399 4785 2563 4851 abegi,
2590 4786 2754 4849 ipsum
2781 4783 2941 4835 solnm
2965 4787 3111 4834 vetus
3134 4783 3375 4847 exemplar
3394 4783 3537 4834 edere
3558 4783 3813 4849 dignatus,

2268 4859 2387 4925 quia
2410 4861 2463 4909 et
2487 4855 2687 4921 dignum
2728 4859 2808 4906 est
2836 4858 2895 4906 ut
2928 4853 3108 4905 nostris
3136 4855 3473 4918 cognoscatur,
3522 4857 3574 4904 et
3598 4855 3816 4906 continet

2267 4929 2516 4989 nonnulla,
2537 4925 2669 4976 unde
2708 4925 2895 4991 egregie
2933 4925 3165 4977 illustrari
3208 4923 3408 4988 antiqua
3448 4924 3651 4989 possint,
3680 4923 3815 4989 quod

2267 5005 2376 5057 dies
2400 5001 2609 5056 docebit.
2641 5021 2667 5046 u
2683 5027 2746 5039 —
2788 5003 2855 5052 Ut
2869 5013 3026 5066 graeca
3044 4997 3326 5051 Gothostedi
3352 5013 3441 5064 pro
3470 5000 3685 5064 antiquis
3701 5012 3818 5051 ven·

2267 5075 2466 5135 ditaret,
2483 5074 2612 5125 inter
2638 5073 2758 5124 alios
2774 5071 2954 5123 accidit
2978 5070 3161 5135 Angelo
3186 5070 3313 5120 Maio
3332 5073 3413 5132 (v.
3446 5069 3599 5132 intra)
3626 5074 3678 5122 et
3706 5069 3818 5120 viro

2267 5145 2417 5196 docto
2444 5144 2495 5193 in
2512 5141 2677 5207 steph.
2708 5141 2853 5192 Thes.
2875 5155 2945 5206 gr.
2964 5154 3005 5192 s.
3026 5153 3076 5189 v.
3108 5139 3362 5198 Διδανίτης
3389 5142 3442 5190 et
3462 5141 3720 5190 Μουσαῖον.

2332 5213 2401 5279 (t)
2431 5215 2473 5264 Ε
2496 5213 2626 5278 Majo
2640 5211 2855 5263 libellum
2872 5208 3189 5275 repetendum
3210 5209 3401 5260 curavit
3428 5211 3487 5260 G.
3516 5211 3578 5260 H.
3604 5207 3737 5260 Bode
3762 5207 3815 5257 ln

2269 5285 2467 5350 Scriptt.
2487 5281 3009 5346 rerummythicarum,
3043 5283 3180 5342 183⁴,
3212 5283 3335 5332 tom.
3372 5283 3436 5332 ΙΙ.
