4584 6284
2032 518 2559 582 ΠΑΡΑΦΡΑΣΙΣ.

3792 534 3902 589 421

698 656 1009 739 περίδρομος
1034 654 1275 716 Θάλασσα
1299 651 1761 731 συνεστραμμένην
1790 650 1905 713 ὁδὸν
1925 650 2051 731 πρὸς
2068 656 2259 711 ἆνατο-
2348 648 2496 719 adn<
2517 651 2610 710 καὶ
2631 648 2894 731 ἐξέχοντα
2919 656 3024 713 τῶν
3041 655 3178 734 ὀρῶν
3213 654 3364 717 τόποι
3383 656 3549 731 μέσην
3574 656 3667 717 καὶ
3695 660 3910 719 ὑποκει-

700 745 797 817 λὴν
824 744 1221 823 περιτέμνεται,
1251 741 1529 802 καταπολῦ
1552 740 1659 801 ἔσω
1687 738 2045 822 προὸαίνουσα
2071 743 2143 807 εἷς
2172 740 2259 800 τὸν
2351 737 2514 815 μένην
2543 738 2708 811 αὐτὴν
2759 739 2971 821 έχουσι,
3012 746 3104 801 τοῦ
3137 764 3197 803 τε
3223 744 3428 803 δυτικοῦ
3473 744 3673 805 Κασίου
3698 744 3790 805 καὶ
3815 752 3906 806 τοῦ

702 832 925 894 Ἰσσικὸν
954 833 1152 892 κόλπον
1172 854 1187 869 ·
1236 821 1382 897 οὗτος
1412 828 1468 889 δέ
1496 833 1525 888 6
1575 831 1762 896 κόλπος
1796 827 1985 905 γείτων
2036 828 2175 888 ἐστὶν
2224 828 2259 901 ἢ
2350 826 2658 887 άνατολικοῦ
2708 826 2962 889 Λιὸάνου.
3051 828 3158 889 Καὶ
3197 830 3394 904 ταύτην
3434 832 3530 909 μὲν
3573 832 3773 906 Κοίλην
3817 834 3908 895 λέ·

698 920 919 993 πλησίον
947 925 1037 980 τοῦ
1088 917 1331 988 Εὐξείνου
1371 918 1595 993 πόντου,
1633 916 1701 975 τὰ
1726 920 1821 987 τῆς
1850 915 2100 984 Κιλικίας
2137 918 2258 990 έθνη

698 1010 895 1091 μακρὸς
928 1008 1018 1068 ἐπὶ
1046 1006 1145 1080 τὴν
1176 1004 1433 1078 ἀνατολὴν
1456 1006 1876 1087 περισυράμενος.
1960 1002 2173 1067 Ἐκεῖνα
2204 1004 2257 1065 δὲ

698 1100 764 1157 τὰ
802 1104 899 1170 τῆς
922 1096 1101 1163 Ἀσίας
1126 1095 1300 1156 Στενὰ
1343 1097 1608 1157 καλοῦσιν.
1700 1094 1809 1155 Καὶ
1836 1093 2005 1173 τούτῳ
2046 1092 2139 1170 μὲν
2180 1096 2257 1173 τῷ

694 1186 911 1267 Ἰσσικῷ
937 1186 1123 1261 κόλπῳ
1149 1186 1353 1245 πολλῶν
1381 1186 1631 1261 ποταμῶν
1662 1182 1933 1267 πόρρωθεν
1958 1181 2257 1261 ἐρχομένων

692 1274 753 1334 τὸ
782 1272 925 1353 ὕδωρ
953 1271 1283 1349 ἐπιμίσγεται
1303 1276 1391 1331 τοῦ
1422 1294 1478 1330 τε
1502 1269 1755 1351 Πυράμου
1784 1270 1982 1330 καὶτοῦ
2022 1269 2257 1349 Πινάρου

692 1362 785 1422 καὶ
806 1367 899 1422 τοῦ
934 1362 1141 1423 Κύδνου
1177 1366 1266 1419 τοῦ
1294 1362 1501 1419 σκολιοῦ
1522 1402 1539 1430 ,
1580 1365 1672 1418 τοῦ
1720 1357 1889 1436 με’σην
1920 1355 2017 1430 τὴν
2040 1355 2256 1435 Ταρσὸν

691 1450 789 1525 τὴν
844 1451 1021 1517 καλῶς
1075 1445 1481 1524 κατοικουμένην
1522 1446 1673 1518 πόλιν
1722 1446 2075 1527 διαρρέοντος·
2126 1444 2255 1505 ὅπου

696 1534 821 1597 ποτὶ
862 1540 891 1596 6
922 1536 1167 1617 Πήγασος
1198 1534 1359 1602 ἵππος
1398 1534 1487 1593 τὸν
1532 1534 1724 1614 ταρσὸν
1770 1539 1859 1593 τοῦ
1908 1532 2063 1601 ποδὸς
2096 1536 2256 1593 αὐτοῦ

694 1624 841 1704 ’ἀφεὶς
874 1628 947 1703 τῷ
977 1624 1119 1703 τόπῳ
1146 1622 1328 1703 ἐκείνῳ
1357 1620 1585 1699 τοῦνομα
1618 1620 1991 1696 ἐγκατέλιπεν,
2031 1618 2255 1693 ὁπηνίκα

692 1714 723 1769 6
750 1709 891 1793 ἥρως
918 1709 1333 1791 Βελλεροφόντης
1358 1712 1409 1775 ές
1430 1708 1517 1767 τὸν
1538 1708 1757 1787 οὐρανὸν
1780 1708 2125 1787 πορευόμενος
2154 1730 2255 1766 κα-

690 1798 941 1877 τενεχθεὶς
967 1797 1201 1875 κατεάγη
1226 1802 1319 1857 τοῦ
1344 1796 1513 1856 ἵππου
1544 1819 1705 1877 πτερο
1738 1796 2049 1877 ρυτξσαντος.
2106 1795 2261 1855 Ἐκεῖ

690 1883 745 1946 δέ
771 1884 881 1946 ἐστι
909 1885 999 1946 καὶ
1026 1884 1086 1945 τὸ
1107 1884 1313 1958 Ἀλήϊον
1336 1884 1515 1943 πεδίον
1534 1928 1551 1955 ,
1579 1886 1659 1965 ἐφ’
1685 1820 1882 1950 οἱτινος
1908 1882 2085 1944 πεδίου
2114 1885 2255 1943 ἄπο-

682 1980 771 2035 θεν
793 1975 883 2034 καὶ
909 1974 1075 2056 χωρὶς
1097 1978 1203 2033 τῶν
1234 1972 1524 2054 ἀνθρώπων
1548 1972 1889 2049 πλανώμενος
1913 1972 2149 2049 διῃτᾶτο.

761 2082 983 2124 874-380.
1013 2062 1221 2123 Πολλαὶ
1259 2063 1314 2119 δὲ
1352 2063 1456 2118 τῶν
1491 2060 1721 2121 Κιλίκων
1756 2060 1937 2141 ἐφεξῆς
1964 2060 2255 2140 ὑπάρχουσι

684 2151 861 2219 πόλεις
880 2195 899 2224 ,
930 2152 965 2223 ἣ
990 2173 1051 2209 τε
1084 2148 1391 2228 Λυρνησσὸς
1413 2149 1503 2206 καὶ
1546 2152 1581 2219 ἡ
1614 2148 1829 2215 Μαλλὸς
1853 2147 1944 2207 καὶ
1976 2153 2013 2219 ἡ
2038 2146 2255 2229 Ἀγχιά-

684 2242 801 2299 λεια
828 2240 922 2300 καὶ
949 2240 999 2299 οἱ
1042 2237 1238 2317 Σόλοι,
1270 2240 1323 2296 αἱ
1366 2236 1463 2315 μὲν
1502 2236 1639 2295 κατὰ
1668 2235 1729 2295 τὸ
1772 2236 2043 2319 μεσόγειον
2062 2280 2079 2310 ,
2112 2239 2167 2295 αῖ
2198 2237 2251 2295 δὲ

684 2328 909 2401 πλησίον
940 2330 1100 2399 αὐτῆς
1143 2330 1236 2400 τῆς
1272 2325 1553 2397 θαλάσσης.
1641 2324 1775 2386 Ἐπὶ
1814 2326 2011 2398 ταύτης
2058 2324 2112 2387 δέ
2157 2330 2251 2398 τῆς

695 2418 933 2485 Κιλικίας
959 2416 1060 2476 εἰσὶ
1078 2418 1170 2476 καὶ
1197 2419 1245 2475 οἱ
1278 2413 1653 2493 Κομμαγηνοί,
1685 2412 1791 2475 ἀπὸ
1816 2413 2049 2491 Κόμμας
2070 2413 2253 2496 χώρας

692 2497 855 2567 οὕτως
878 2504 1183 2583 λεγόμενοι,
1216 2504 1305 2563 καὶ
1330 2506 1387 2561 αἱ
1412 2506 1505 2573 τῆς
1538 2502 1738 2583 Συρίας
1775 2502 2121 2581 ἐκτεταμέναι
2160 2502 2253 2561 καὶ

691 2592 1002 2672 περιμήκεις
1038 2592 1214 2657 πόλεις
1262 2590 1347 2649 ἐπὶ
1395 2594 1489 2662 τ’ἧς
1534 2594 1798 2669 στρεπτῆς
1840 2590 2134 2671 παραλίας·
2163 2590 2252 2649 καὶ

685 2681 787 2757 γὰρ
814 2680 902 2740 ἐπὶ
932 2678 1029 2752 τὴν
1063 2677 1207 2739 δύσιν
1241 2677 1519 2759 στρέφεται
1543 2681 1571 2735 6
1598 2677 1749 2745 ὁλκὸς
1769 2723 1788 2755 ,
1820 2677 1941 2750 ἤτοι
1963 2681 1997 2750 ἡ
2039 2678 2247 2760 περιφέ-

690 2792 801 2847 ρεια
834 2768 925 2829 καὶ
956 2772 983 2827 6
1010 2767 1229 2837 κύκλος,
1271 2771 1369 2839 τῆς
1396 2770 1585 2837 λευκῆς
1612 2768 1916 2842 θαλάσσης,
1962 2765 2123 2847 μέχρι
2162 2773 2255 2827 τοῦ

682 2857 885 2937 ὑψηλοῦ
912 2854 1003 2915 καὶ
1034 2854 1471 2937 παραθαλασσίαν
1492 2854 1583 2913 καὶ
1608 2852 1999 2935 βαθυκρήμνου,
2023 2852 2141 2927 ἤτοι
2162 2860 2253 2913 τοῦ

678 2943 955 3023 συμφύτου
990 2942 1085 3002 καὶ
1113 2940 1329 3013 δασέος,
1364 2942 1569 3004 Κασίου
1597 2942 1768 3021 ὅρους.

758 3050 964 3093 noi-nuo.
1004 3032 1109 3091 Τὸν
1136 3028 1195 3091 δὲ
1221 3031 1403 3091 λοιπὸν
1432 3028 1591 3110 πόρον
1615 3034 1719 3089 τῶν
1756 3033 1923 3110 γαιῶν
1952 3032 2043 3100 τῆς
2074 3029 2250 3099 Ἀσίας

686 3118 875 3198 ῥαδίως
900 3141 985 3179 σοι
1017 3117 1109 3177 καὶ
1134 3119 1359 3185 εὐκόλως
1386 3115 1748 3199 προσείποιμι.
1836 3108 2009 3177 Οὗτος
2032 3117 2089 3177 δέ
2116 3137 2201 3175 σοι
2224 3122 2253 3175 6

686 3206 833 3282 λόγος
860 3209 913 3266 ἐν
951 3212 1064 3273 ταῖς
1098 3205 1281 3287 φρεσὶν
1316 3203 1629 3286 ὑπαρχέτω,
1662 3205 1754 3263 καὶ
1780 3209 1817 3277 ἡ
1844 3204 2001 3284 χάρις
2028 3208 2131 3263 τῶν
2155 3228 2251 3263 πο·

683 3292 941 3363 νηθέντων
966 3292 1163 3351 τούτων
1198 3293 1364 3373 ἔργων
1377 3338 1395 3370 ,
1421 3292 1581 3369 ἤγουν
1604 3298 1640 3366 ἡ
1670 3294 1774 3351 τῶν
1794 3290 2110 3367 ποιημάτων
2136 3290 2254 3351 τού-

687 3403 789 3437 των
816 3380 1079 3461 ὠφέλεια,
1125 3378 1200 3456 μὴ
1232 3377 1441 3459 φέροιτο
1467 3378 1573 3445 τοῖς
1604 3378 1841 3456 ἀνέμοις·
1871 3378 1917 3436 εἰ
1937 3378 2041 3459 γὰρ
2070 3382 2251 3458 σαφῶς

690 3471 870 3526 τοῦτον
901 3466 987 3525 τὸν
1018 3467 1177 3546 πόρον
1203 3470 1299 3538 τῆς
1337 3465 1513 3534 Ἀσίας
1558 3468 1733 3537 συνίης
1752 3509 1769 3534 ,
1799 3466 2007 3545 ταχέως
2048 3464 2109 3525 δν
2156 3467 2251 3525 καὶ

684 3555 867 3623 ἄλλοις
900 3558 1076 3623 καλῶς
1102 3556 1191 3615 καὶ
1235 3554 1594 3633 ἐπισταμένως
1624 3553 1925 3637 άγορεύσοις
1954 3554 2046 3615 καὶ
2084 3554 2251 3624 λέξοις

692 3642 812 3714 τούς
841 3670 901 3708 τε
924 3643 1191 3725 ποταμοὺς
1226 3645 1318 3706 καὶ
1349 3644 1443 3717 τὴν
1468 3644 1606 3706 θέσιν
1628 3650 1731 3706 τῶν
1760 3648 1969 3707 πόλεων
1997 3646 2088 3707 καὶ
2117 3645 2253 3707 έκά-

697 3756 827 3807 στην
847 3732 1055 3817 χώραν.

772 3845 989 3889 sovana.
1027 3820 1216 3887 Ἔστω
1236 3824 1331 3901 μὲν
1355 3817 1444 3885 οὖν
1470 3823 1531 3884 τὸ
1549 3824 1728 3885 λοιπὸν
1750 3830 1843 3897 τῆς
1868 3824 2041 3893 Ἀσίας
2064 3828 2251 3907 σχῆμα

692 3914 1071 3997 τετράπλευρον
1099 3915 1190 3975 καὶ
1227 3913 1525 3988 ἰσοσκελὲς,
1556 3922 1662 3983 τοῖς
1682 3922 1900 3994 μακροῖς
1930 3912 2020 3973 καὶ
2056 3915 2253 3992 ἐπιμή-

688 4026 811 4067 κεσι
836 4002 1035 4073 πεδίοις
1060 4004 1375 4083 ἡπλωμένον
1402 4002 1493 4062 καὶ
1522 4003 1862 4080 ἐκτεταμένον
1905 4003 2033 4082 πρὸς
2062 4004 2252 4061 ἄνατο-

688 4093 811 4165 λήν.
901 4090 1030 4153 Ἐπὶ
1066 4089 1172 4174 γὰρ
1196 4094 1303 4159 τοῖς
1337 4092 1673 4171 προλεχθεῖσι
1714 4090 1836 4169 παρ’
1864 4093 1993 4166 ἐμοῦ
2028 4090 2257 4156 εἰπόντος

685 4181 914 4249 ἀκούσας
954 4178 1239 4239 ἐπίστασαι
1282 4182 1491 4260 Ταῦρον
1517 4179 1586 4239 τὸ
1612 4180 1729 4260 ὄρος
1756 4189 1933 4238 πᾶσαν
1960 4178 2056 4249 τὴν
2080 4177 2257 4237 Ἀσίαν

688 4266 1020 4348 διαχειρίζειν
1060 4263 1097 4337 ἢ
1146 4265 1316 4343 μέσην
1362 4265 1659 4344 διατέμνειν
1704 4265 1863 4345 μέχρι
1908 4269 2013 4324 τῶν
2054 4264 2254 4326 Ἰνδῶν.

686 4354 799 4417 Καὶ
825 4362 979 4415 τοῦτο
999 4351 1097 4431 μέν
1126 4353 1187 4413 τὸ
1214 4353 1331 4435 ὄρος
1354 4357 1407 4414 ἐν
1441 4357 1517 4434 τῷ
1543 4353 1914 4435 τετραπλεύρῳ
1960 4353 2017 4413 τὸ
2050 4353 2257 4435 βορειό-

684 4465 831 4522 τερον
858 4440 1030 4501 ἔστω·
1065 4445 1094 4500 6
1130 4438 1187 4499 δὲ
1222 4442 1410 4508 Νεῖλος
1438 4442 1675 4519 ποταμὸς
1708 4440 1769 4501 τὸ
1794 4440 2031 4519 ἑσπέριον
2056 4440 2091 4511 ἢ
2116 4442 2260 4500 δυτι-

686 4529 913 4608 κώτερον
935 4533 1158 4610 πλιῦρον
1182 4528 1494 4609 ὑπαρχέτω·
1522 4530 1580 4587 τὸ
1605 4529 1659 4587 δὲ
1694 4532 1822 4608 ἑῷον
1843 4573 1860 4600 ,
1886 4528 2003 4599 ἤτοι
2038 4530 2097 4587 τὸ
2134 4532 2261 4587 ἀνα·

685 4616 1049 4698 τολικώτερον,
1098 4621 1129 4676 6
1172 4615 1388 4683 Ἰνδικὸς
1439 4617 1671 4684 ὠκεανός
1698 4638 1714 4654 ·
1782 4617 1841 4675 τὸ
1886 4614 1943 4675 δὲ
1988 4618 2159 4677 νότιον
2221 4621 2255 4690 ἡ

688 4702 917 4785 Ἐρυθρὰ
956 4704 1200 4764 Θάλασσα
1230 4701 1265 4777 ἢ
1294 4703 1355 4762 τὸ
1382 4710 1527 4779 κῦμα
1551 4707 1645 4773 τῆς
1674 4703 1932 4783 Ἐρυθρᾶς
1967 4706 2255 4777 Θαλάσσης.

768 4810 980 4853 σοι-917.
1026 4791 1402 4868 Διανοούμενος
1431 4793 1483 4851 δὲ
1534 4792 1760 4852 σκέπτου
1800 4791 1918 4853 καθ’
1965 4794 2021 4854 δν
2060 4794 2255 4873 τρόπον

689 4880 809 4959 ἄρτι
835 4882 927 4941 καὶ
956 4879 1044 4939 ἐπὶ
1078 4879 1169 4941 τὰς
1210 4880 1466 4946 ἀνατολὰς
1496 4881 1969 4959 παραγενήσομαι,
2025 4883 2132 4941 ἀπὸ
2159 4886 2255 4949 τ’ἧς

688 4967 883 5044 Συρίας
912 4966 1027 5027 ὅθεν
1057 4964 1340 5026 κατέλιπον
1375 4968 1657 5047 ἀρξάμενος
1676 5013 1692 5041 ,
1719 4970 1961 5044 οὐδαμῶς
1979 4970 2039 5029 δέ
2054 4968 2149 5047 μοί
2175 4992 2254 5035 τις

2347 936 2524 993 γουσι·
2558 918 2698 997 τρεῖς
2715 914 2816 997 γάρ
2837 920 2964 977 εἰσιν
2981 916 3050 991 ,ἥ
3071 940 3130 977 τε
3150 917 3376 993 Φοινίκη
3394 919 3488 979 καὶ
3507 924 3542 993 ἡ
3565 922 3902 996 Παλαιστίνη

2348 1002 2438 1063 καὶ
2464 1007 2498 1076 ἡ
2539 1001 2705 1077 Κοίλη
2721 1050 2738 1081 ,
2766 1004 2830 1077 ἣν
2857 1005 3042 1067 πολλοὶ
3070 1005 3162 1067 καὶ
3187 1006 3428 1069 πλούσιοι
3457 1007 3634 1088 ἄνδρες
3656 1010 3868 1090 έχουσιν
3887 1035 3904 1047 ·

2349 1096 2449 1173 οὐχ
2488 1096 2623 1165 ὁμοῦ
2677 1092 2731 1155 δὲ
2773 1096 2842 1161 ὣς
2871 1094 3139 1173 ὁμώνυμοι
3187 1094 3331 1164 ὄντες
3369 1103 3700 1159 κατοικοῦσιν
3719 1140 3738 1171 ,
3767 1097 3907 1159 ἀλλὰ

2347 1179 2750 1263 κεχωρισμένως
2791 1184 2840 1241 οἱ
2881 1182 2976 1261 μέν
3017 1184 3071 1241 ἐν
3101 1187 3168 1261 τῇ
3213 1184 3448 1265 ἠπείρῳ,
3486 1186 3534 1243 οἱ
3559 1192 3647 1246 νῦν
3687 1184 3908 1263 Ἄραόες

2346 1270 2696 1347 καλούμενοι,
2747 1270 2895 1331 αὐτοὶ
2938 1270 3042 1349 γὰρ
3089 1272 3180 1331 καὶ
3225 1270 3412 1351 Σύριοι
3444 1268 3686 1351 λέγονται
3705 1295 3720 1312 ·
3765 1276 3812 1333 οἱ
3849 1273 3906 1333 δὲ

2346 1358 2572 1431 πλησίον
2603 1363 2698 1431 τῆς
2717 1360 3015 1433 θαλάσσης,
3047 1361 3096 1419 οἱ
3139 1359 3234 1419 καὶ
3275 1358 3524 1426 Φοίνικες
3552 1360 3902 1439 καλούμενοι,

2347 1445 2400 1513 ἐξ
2429 1444 2631 1517 ἐκείνης
2665 1448 2761 1518 τῆς
2797 1456 2974 1523 γενεᾶς
2995 1450 3100 1507 τῶν
3137 1448 3367 1527 ἀνδρῶν,
3397 1444 3580 1515 οἵτινες
3605 1448 3907 1529 Ἐρυθραῖοι

2345 1534 2682 1613 γεγένηνται,
2712 1532 2872 1612 ἤγουν
2917 1534 3148 1615 μέτοικοι
3197 1538 3301 1595 τῶν
3339 1534 3696 1615 Ἐρυθραίων,
3721 1532 3907 1605 οἵτινες

2345 1620 2437 1682 καὶ
2463 1624 2582 1689 ταῖς
2615 1622 2796 1680 ναυσὶν
2831 1622 3118 1704 ἀπόπειραν
3146 1622 3458 1695 ἐποιήσαντο
3489 1628 3582 1695 τῆς
3613 1623 3906 1695 θαλάσσης·

2343 1712 2542 1789 πρῶτοι
2562 1708 2667 1789 γὰρ
2687 1714 2782 1782 τῆς
2803 1711 3088 1777 θαλασσίας
3111 1710 3202 1770 καὶ
3221 1712 3534 1792 στρέμματα
3558 1709 3729 1770 πολλὰ
3754 1711 3906 1790 ἐχού·

2343 1818 2440 1867 σης
2466 1797 2722 1877 ἐμπορίας
2751 1797 2934 1875 μνείαν
2957 1798 3300 1872 ἐποιήσαντο,
3325 1798 3418 1856 καὶ
3449 1796 3546 1869 τὴν
3566 1799 3776 1879 ὑψηλὴν
3804 1821 3905 1858 πο·-

2345 1882 2486 1964 ρείαν
2515 1886 2620 1944 τῶν
2648 1886 2899 1947 ἀπλανῶν
2930 1887 3164 1968 ἀστέρων
3195 1886 3248 1945 ἐν
3275 1888 3348 1967 τῷ
3390 1888 3595 1967 οὐρανῷ
3622 1886 3906 1960 διανοησά-

2343 1995 2490 2050 μενοι
2507 1973 2796 2053 ἐσκέψαντο
2811 1997 2825 2012 ·
2851 1972 3032 2042 οἵτινες
3049 1974 3230 2046 Ἰόπην
3248 1974 3339 2034 καὶ
3365 1973 3546 2042 Γάζαν
3565 1974 3654 2033 καὶ
3675 1973 3903 2036 'maten

2340 2068 2645 2125 κατοικοῦσι
2661 2109 2677 2137 ,
2707 2065 2801 2125 καὶ
2824 2065 2917 2137 τὴν
2944 2063 3171 2146 ἀρχαίαν
3186 2064 3387 2143 Τύρον,
3409 2063 3500 2122 καὶ
3519 2061 3615 2135 τὴν
3635 2064 3904 2145 ἐρατεινὴν

2339 2150 2374 2222 ἢ
2404 2151 2575 2224 καλὴν
2604 2157 2705 2234 γῆν
2733 2157 2826 2224 τῆς
2853 2156 3092 2235 Βηρυτοῦ
3109 2199 3128 2231 ,
3156 2153 3246 2212 καὶ
3290 2151 3498 2215 Βύὸλον
3537 2150 3634 2224 τὴν
3679 2154 3903 2226 πλησίον

2344 2246 2433 2315 τῆς
2460 2241 2762 2315 θαλάσσης,
2795 2240 2889 2302 καὶ
2912 2240 3010 2315 τὴν
3041 2242 3252 2303 Σιδῶνα
3280 2242 3408 2315 ἄνθη
3436 2241 3608 2302 πολλὰ
3631 2240 3862 2323 ἔχουσαν
3879 2284 3900 2317 ,

2339 2331 2750 2407 κατοικουμένην
2771 2332 2858 2391 ἐπὶ
2879 2342 2986 2399 τοῖς
3005 2330 3162 2391 ὕδασι
3175 2338 3268 2392 τοῦ
3283 2332 3553 2413 χαρίεντος
3573 2332 3900 2411 Βοστρηνοῦ,

2340 2420 2432 2479 καὶ
2463 2417 2560 2491 τὴν
2588 2417 2844 2481 πλουσίαν
2888 2420 2980 2481 καὶ
3018 2420 3302 2499 εὐδαίμονα
3347 2418 3602 2498 Τρίπολιν
3619 2465 3636 2492 ,
3672 2420 3766 2480 καὶ
3807 2420 3903 2490 τὴν

2341 2504 2640 2587 Ὀρθωσίδα
2661 2551 2680 2581 ,
2708 2507 2802 2567 καὶ
2841 2506 2937 2580 τὴν
2965 2506 3253 2588 Μάραθον,
3296 2508 3386 2567 καὶ
3415 2508 3511 2579 τὴν
3548 2508 3896 2577 Λαοδίκειαν,

2339 2593 2456 2669 ἥτις
2478 2594 2567 2656 ἐπὶ
2602 2596 2712 2664 τοῖς
2756 2596 3011 2676 αἰγιαλοῖς
3034 2598 3129 2668 τῆς
3171 2596 3440 2669 θαλάσσης
3483 2595 3654 2654 κεῖται
3667 2640 3684 2668 ,
3714 2594 3805 2655 καὶ
3833 2594 3902 2653 τὰ

2343 2683 2608 2754 Ποσιδήῖα
2648 2682 2809 2763 ἔργα,
2852 2684 2968 2743 ἀντὶ
3008 2688 3100 2743 τοῦ
3128 2682 3224 2755 τὴν
3263 2684 3535 2745 Ποσείδιον
3584 2680 3737 2743 πόλιν
3763 2680 3902 2741 οὕτω

2339 2769 2701 2849 καλουμένην,
2729 2770 2823 2829 καὶ
2856 2769 2923 2830 τὰ
2975 2770 3094 2849 ἱερὰ
3112 2816 3129 2843 ,
3164 2768 3400 2833 τουτέστι
3430 2767 3636 2848 μεγάλα
3653 2812 3670 2841 ,
3716 2766 3900 2846 τέμπη

2339 2863 2436 2931 τῆς
2460 2859 2678 2940 Δάφνης
2698 2904 2718 2938 ,
2744 2858 2872 2920 ὅπου
2895 2858 2988 2919 καὶ
3013 2859 3299 2936 ἐπωνύμως
3325 2862 3402 2939 τῷ
3425 2856 3674 2938 Ἀντιόχῳ
3709 2855 3902 2915 Ἀντιό-

2337 2969 2462 3028 χεια
2500 2947 2733 3027 λέγεται.

2420 3054 2623 3098 olo-m.
2652 3034 2810 3107 Μέση
2841 3034 2897 3096 δέ
2937 3039 3041 3096 τῶν
3083 3034 3370 3114 εἰρημένων
3399 3034 3493 3094 δύο
3526 3034 3762 3107 πόλεων,
3808 3036 3901 3092 τοῦ

2339 3143 2396 3178 τε
2425 3120 2704 3179 Ποσειδίου
2733 3120 2824 3180 καὶ
2847 3120 3065 3203 Δάφνης
3084 3167 3104 3201 ,
3129 3120 3352 3203 ὑπάρχει
3383 3125 3418 3193 ἦ
3441 3120 3704 3195 Ἀπάμεια
3725 3121 3896 3186 πόλις.

2341 3208 2482 3287 Πρὸς
2511 3207 2567 3267 δὲ
2593 3207 2692 3281 τὴν
2720 3208 2980 3282 ἀνατολὴν
3015 3214 3110 3279 τῆς
3153 3208 3441 3281 Ἀπαμείας
3499 3206 3660 3277 πολὺς
3694 3211 3723 3268 6
3747 3206 3902 3284 ὑγρὸς

2339 3294 2587 3375 Ὀρόντης
2615 3294 2970 3376 κατασύρεται
2983 3341 3000 3368 ,
3023 3296 3120 3367 τήν
3138 3318 3200 3355 τε
3221 3296 3487 3375 Ἀντιόχου
3511 3298 3608 3376 γῆν
3623 3340 3642 3372 ,
3660 3294 3782 3368 ἤτοι
3802 3293 3899 3366 τὴν

2337 3380 2658 3463 Ἀντιόχειαν
2675 3426 2692 3454 ,
2738 3382 2911 3458 μέσην
2949 3384 3189 3463 διορίζων
3207 3427 3224 3455 ,
3269 3381 3306 3455 ἢ
3336 3380 3651 3463 παραρρέων
3699 3382 3906 3458 μᾶλλον·

2337 3469 2427 3529 καὶ
2455 3471 2514 3529 οὗ
2553 3470 2814 3549 διορίζων.
2895 3470 3112 3533 Ἅπασα
3140 3470 3194 3529 δὲ
3216 3475 3252 3544 ἡ
3280 3475 3384 3531 τῶν
3412 3474 3569 3550 τριῶν
3597 3471 3803 3549 Συριῶν
3829 3472 3901 3545 γῆ

2337 3558 2562 3618 πλουσία
2591 3582 2648 3619 τε
2677 3559 2768 3619 καὶ
2793 3557 3002 3627 εύὸοτος
3033 3558 3292 3642 ὑπάρχει,
3319 3558 3413 3621 καὶ
3453 3557 3582 3640 πρὸς
3607 3557 3669 3620 τὸ
3695 3558 3899 3638 τρέφειν

2335 3649 2405 3709 τὰ
2425 3648 2671 3730 πρόόατα
2696 3648 2789 3707 καὶ
2825 3648 2916 3711 τὸν
2943 3646 3144 3731 καρπὸν
3169 3650 3276 3718 τοῖς
3298 3648 3561 3728 δένδρεσιν
3583 3646 3776 3716 αὔξειν.

2416 3757 2634 3799 νει-οἱα.
2657 3736 2872 3813 Ταύτης
2889 3740 2946 3799 δέ
2971 3744 3066 3811 τῆς
3095 3738 3293 3820 Συρίας
3309 3783 3330 3816 ,
3355 3741 3414 3798 οὗ
3439 3741 3534 3809 τῆς
3557 3733 3898 3815 Ἀντιοχείας,

2338 3824 2424 3885 ἐπὶ
2451 3826 2511 3887 τὸ
2540 3826 2722 3907 πρόσω
2747 3832 2837 3887 τοῦ
2865 3826 3012 3889 νότου
3039 3826 3232 3889 ὁδεύων
3261 3828 3348 3888 τὸν
3371 3826 3647 3887 ἐνδότατον
3671 3826 3832 3903 πόρον
3859 3822 3896 3897 ἢ

2341 3913 2506 3993 μυχὸν
2541 3920 2629 3973 τοῦ
2661 3914 2906 3995 Ἆραὸίου
2933 3916 3132 3976 κόλπου
3169 3918 3360 3997 θεάσῃ,
3409 3914 3551 3981 ὅστις
3599 3911 3901 3989 ἅναμεταξὺ

2323 4005 2432 4072 ’τῆς
2459 4002 2654 4081 Συρίας
2675 4003 2766 4062 καὶ
2792 4009 2887 4077 τῆς
2914 4002 3206 4086 ἐπεράστου
3226 4003 3318 4063 καὶ
3345 4006 3512 4074 καλῆς
3535 4001 3781 4081 Ἀραὸίας
3808 4023 3902 4059 συ·

2346 4088 2658 4169 στρέφεται,
2685 4088 2860 4167 ὀλίγον
2887 4088 2922 4161 ἢ
2953 4090 3138 4169 μικρὸν
3176 4090 3306 4171 πρὸς
3347 4087 3606 4158 ἀνατολὴν
3649 4090 3776 4169 ἄχρι
3800 4090 3902 4145 τῶν

2343 4176 2604 4238 Ἐλανῶν.
2689 4177 2917 4237 Ἐκεῖθεν
2945 4178 2998 4239 δέ
3034 4178 3138 4237 ἀπὸ
3165 4182 3266 4236 τῶν
3288 4177 3526 4238 Ἐλανῶν
3554 4175 3682 4254 πρὸς
3712 4176 3903 4234 ἄνατο-

2343 4264 2438 4331 λὰς
2455 4268 2490 4335 ἡ
2510 4268 2614 4323 τῶν
2637 4265 2954 4340 εὐδαιμόνων
2981 4262 3272 4341 λεγομένων
3287 4264 3529 4344 ,Ἀράὸων
3551 4267 3621 4343 γῆ
3641 4262 3903 4322 ἐπίκειται

2344 4350 2622 4412 καταπολὺ
2651 4352 2972 4433 ἀνερχομένη
2995 4396 3012 4426 ,
3047 4354 3207 4432 διπλῇ
3255 4352 3496 4432 θαλάσσῃ
3531 4349 3860 4431 κατεχομένη
3878 4390 3900 4421 ,

2345 4444 2411 4521 τῇ
2440 4464 2496 4500 τε
2525 4440 2748 4521 Περσίδι
2781 4439 2874 4501 καὶ
2896 4444 2960 4521 τῇ
2991 4438 3240 4521 Ἆραὸία,
3278 4440 3436 4518 ἤγουν
3467 4442 3540 4521 τῷ
3560 4460 3620 4498 τε
3653 4440 3902 4519 Περσικῷ

2344 4529 2435 4589 καὶ
2475 4527 2742 4611 ’Λραόικῷ
2805 4530 3010 4608 κόλπῳ.
3098 4528 3338 4601 Ἓκάστη
3381 4526 3437 4587 δὲ
3479 4529 3654 4587 αὐτῶν
3706 4524 3899 4602 ἄνεμον

2345 4616 2571 4698 ἔλαχεν,
2622 4621 2657 4688 ἡ
2686 4617 2782 4695 μέν
2827 4616 3044 4698 Ἀραὸία
3085 4616 3326 4676 θάλασσα
3376 4617 3462 4677 τὸν
3504 4614 3749 4695 ζέφυρον,
3777 4617 3814 4685 ἡ
3843 4611 3898 4672 δέ

2321 4776 2326 4782 ¹
2349 4708 2543 4786 Περσὶς
2569 4705 2666 4771 τὰς
2685 4706 2828 4773 ὁδοὺς
2853 4705 2888 4779 ἢ
2929 4704 2988 4765 τὸ
3008 4706 3178 4783 κλίμα
3197 4710 3288 4764 τοῦ
3314 4704 3484 4786 εὔρου.
3568 4701 3634 4763 Ἦ
3663 4701 3719 4763 δὲ
3737 4700 3897 4777 πέζα,

2343 4792 2461 4865 ἤτοι
2488 4792 2547 4853 τὸ
2577 4792 2725 4859 τέλος
2756 4791 2848 4852 καὶ
2886 4796 2921 4864 ἦ
2966 4790 3116 4867 βάσις
3137 4792 3332 4865 αὐτῆς,
3363 4789 3646 4869 νοτιωτέρα
3681 4788 3770 4848 ἐπὶ
3796 4788 3894 4860 τὴν

2343 4880 2601 4953 ἀνατολὴν
2645 4878 2976 4961 τετραμμένη
3003 4878 3106 4940 ὑπὸ
3143 4883 3244 4938 τῶν
3287 4877 3612 4960 Ἐρυθραίων
3641 4875 3898 4954 κυμάτων

2343 4973 2434 5026 τοῦ
2474 4968 2706 5026 ὠκεανοῦ
2745 4968 3019 5045 κλύζεται,
3055 4968 3317 5028 τουτέστιν
3349 4966 3452 5028 ὑπὸ
3500 4968 3594 5037 τῆς
3639 4964 3896 5045 Ἐρυθρᾶς

684 5054 819 5133 ἀνὴρ
849 5054 1093 5133 καθάπερ
1126 5054 1281 5130 λόγου
1314 5054 1621 5134 ψευσθέντας
1649 5053 2025 5136 ἐπιμέμψοιτο.
2110 5054 2251 5115 Ἀλλ’
2340 5054 2623 5127 θαλάσσης.

678 5143 717 5211 ἡ
750 5140 847 5217 μὲν
895 5142 1067 5220 Συρία
1108 5143 1309 5209 πολλὰς
1341 5144 1517 5209 πόλεις
1565 5142 1759 5221 ἔχουσα
1804 5142 1891 5203 ἐπὶ
1936 5140 2031 5213 τὴν
2072 5142 2247 5201 νοτίαν

686 5226 947 5301 ἀνατολὴν
1001 5228 1107 5287 ἀπὸ
1151 5233 1244 5299 τῆς
1296 5228 1562 5299 θαλάσσης
1607 5231 1677 5295 εἷς
1722 5228 1935 5308 ἤπειρον
1984 5227 2151 5308 ἕρπει,
2182 5228 2249 5299 ἣν

2417 5162 2635 5205 οδε-ονε.
2664 5141 2776 5203 Καὶ
2793 5140 2988 5215 ταύτης
3005 5140 3061 5202 δὲ
3077 5144 3171 5211 τῆς
3193 5140 3441 5224 ’Λραὸίας
3461 5138 3555 5212 τὴν
3576 5135 3716 5200 θέσιν
3733 5136 3888 5205 λέξω.

2341 5230 2574 5313 Ἐξόχως
2599 5230 2702 5311 γὰρ
2730 5230 2821 5291 καὶ
2848 5229 2976 5311 ὓπέρ
3005 5232 3194 5290 πασῶν
3230 5230 3576 5291 ,πολύπλουτα
3620 5226 3711 5286 καὶ
3749 5227 3896 5301 λαμ-

677 5312 777 5376 -καὶ
819 5319 1111 5393 ἐπωνύμως
1164 5319 1363 5389 Κοίλην
1416 5319 1651 5395 λέγουσι,
1704 5316 1833 5376 διότι
1887 5320 1933 5377 οἱ
1972 5340 2247 5397 προνενευ-
2298 5356 2307 5373 .
2345 5320 2450 5396 πρὰ
2480 5325 2847 5378 κατοικοῦνται
2894 5320 3042 5393 ἔθνη,
3071 5318 3387 5400 ἐξοχώτατον
3417 5317 3469 5377 δὲ
3512 5316 3600 5377 καὶ
3630 5316 3889 5396 ἐξαίρετον
