4584 6284
2003 492 2370 555 DESCRIPT
2377 492 2474 554 10.

3725 503 3841 555 519

586 633 635 691 Α
660 634 918 699 Caesarea,
964 632 1209 703 Neapolis
1271 640 1323 683 et
1368 627 1553 701 Lydda
1590 644 1875 701 purpuram
1926 633 2205 697 pra-stant3
2263 669 2267 673 .
2298 622 2504 693 :Egypti
2541 622 2662 677 Nilo
2700 622 2916 677 flumine
2943 622 3316 690 circumdatur,
3336 642 3444 696 quo
3461 625 3710 695 irrigante
3737 624 3848 681 sru-

661 738 843 775 omnes
867 730 1043 773 antem
1071 716 1351 772 fructiferae
1374 718 1524 779 vino,
1556 715 1674 770 oleo
1694 725 1749 768 et
1770 712 2069 775 frument03
2112 710 2205 764 Ni·

660 806 865 860 colaum
912 823 1039 859 vero
1080 803 1361 876 palmulam
1400 803 1631 856 invenies
1660 799 1925 853 abundare
1958 799 2013 851 in
2054 794 2209 851 Pale·

668 892 795 945 stina
821 892 1061 961 regione,
1088 892 1143 943 in
1170 889 1289 943 loco
1309 890 1400 961 qui
1434 886 1629 941 dicitur
1666 884 1914 940 Hiericho
1930 925 1945 947 ‚
1976 881 2211 935 similiter

660 987 712 1031 et
738 978 985 1031 Damasci
1005 976 1235 1029 minores
1260 972 1537 1047 palmulas,
1567 970 1657 1025 sed
1688 971 1855 1036 utiles,
1871 980 1923 1025 et
1938 968 2209 1041 pistacium

660 1074 715 1117 et
742 1082 905 1117 omne
931 1080 1095 1134 genus
1116 1078 1415 1135 pomorum.

733 1151 823 1205 32.
851 1152 972 1204 Jam
988 1166 1131 1203 nunc
1150 1146 1428 1202 dicendum
1442 1155 1521 1199 est
1535 1142 1663 1216 quid
1684 1145 1839 1197 etiam
1856 1144 1908 1195 in
1926 1160 1981 1195 se
1993 1142 2207 1212 singulae

662 1237 897 1289 civitates
913 1274 929 1301 ,
977 1234 1045 1288 de
1079 1234 1267 1306 quibus
1310 1234 1592 1305 loquimur,
1618 1230 1841 1285 habeant
1888 1228 2202 1284 delectabile.

664 1322 839 1375 Habes
866 1340 990 1392 ergo
1019 1321 1351 1377 Antiochiam
1374 1323 1429 1375 in
1470 1320 1605 1375 ludis
1632 1317 1946 1373 circensibus
1974 1317 2209 1371 eminen-

665 1419 803 1467 tem:
833 1408 1068 1462 similiter
1088 1418 1141 1461 et
1172 1406 1469 1462 Laodiciam
1508 1415 1561 1459 et
1578 1406 1779 1477 Tyrum
1806 1414 1859 1457 et
1884 1406 2133 1476 Berytum
2157 1414 2211 1458 et

664 1496 967 1551 Cxesaream.
1001 1496 1069 1549 Et
1095 1493 1337 1549 laodicia
1362 1494 1521 1547 mittit
1539 1491 1651 1545 aliis
1668 1490 1964 1547 civitatibus
1984 1491 2207 1562 agitato·

666 1600 748 1635 res
771 1582 1015 1654 optimos,
1028 1582 1199 1653 Tyrus
1222 1590 1275 1633 et
1290 1581 1507 1651 Berytus
1522 1579 1812 1643 mimarios,
1832 1578 2063 1631 Caesarea
2075 1595 2203 1650 pan·

664 1672 925 1733 tomimos,
974 1666 1255 1740 Heliopolis
1282 1666 1579 1731 choraulas,
1622 1666 1763 1720 Gaza
1797 1666 2207 1737 pammacarios,

660 1755 873 1809 Ascalon
921 1753 1133 1808 athletas
1184 1752 1479 1818 luctatores,
1524 1750 1792 1806 Castabala
1850 1760 2049 1823 pyctas.
2094 1751 2207 1822 (33)

658 1844 850 1896 Omnes
868 1850 1040 1894 autem
1062 1850 1373 1911 temperatos
1385 1857 1527 1893 aeres
1545 1838 1760 1893 babent.
1785 1839 1854 1891 Et
1870 1837 1979 1891 hzec
1997 1836 2209 1907 quidem

654 1930 815 2001 Syrioe
840 1946 903 1982 ex
923 1938 1069 2000 parte
1094 1925 1234 1981 dicta
1251 1966 1267 1992 ,
1298 1936 1358 1981 ut
1377 1926 1670 1998 potuimus.

722 2016 809 2079 34.
868 2014 1040 2068 Habes
1086 2030 1213 2084 ergo
1250 2011 1318 2066 de
1358 2011 1485 2065 laeva
1526 2022 1673 2083 parte
1718 2010 1877 2083 Syriae
1920 2011 2132 2083 AEgypti
2158 2021 2243 2064 et·

654 2099 979 2155 Alexandrioe
1030 2109 1085 2153 et
1133 2100 1291 2153 totius
1336 2097 1615 2152 Thebaidis
1652 2108 1845 2170 partes.
1894 2098 2029 2166 Quae
2070 2098 2214 2169 regio

582 2283 627 2341 B
655 2284 947 2339 alithinam.
975 2286 1175 2338 Omnes
1212 2292 1384 2335 autem
1428 2280 1689 2353 praedictat
1724 2282 1953 2334 civitates
1979 2280 2216 2351 gloriosa.-

661 2380 716 2425 et
751 2370 1031 2425 fructiferae
1065 2371 1119 2424 in
1144 2369 1438 2435 frumento,
1475 2369 1597 2424 vino
1638 2378 1691 2423 et
1726 2368 1842 2423 oleo
1876 2379 1929 2423 et
1970 2368 2214 2424 omnibus

660 2457 835 2512 bonis.
882 2456 1154 2511 Nicolaum
1200 2458 1376 2528 itaque
1422 2455 1703 2529 palmulam
1740 2450 2010 2529 [ἰηυσπίω]
2042 2458 2096 2510 in
2122 2459 2216 2511 Pa·

662 2543 881 2598 laestines
904 2544 1130 2614 regionis
1150 2542 1267 2597 loco
1289 2544 1382 2613 qui
1399 2544 1475 2596 sic
1492 2552 1707 2595 vocatur
1725 2542 1958 2608 Iericho,
1979 2543 2219 2597 similiter

662 2644 715 2684 et
741 2632 1116 2685 Damascenam
1151 2640 1205 2683 et
1228 2629 1389 2684 altera
1425 2628 1653 2702 palmula
1697 2630 1899 2684 minore
1924 2641 1978 2683 et
2001 2630 2217 2703 pistacio

660 2726 715 2769 et
734 2716 883 2770 omni
909 2734 1096 2787 genere
1120 2731 1419 2789 pomorum,
1430 2713 1805 2773 abundantem.

732 2802 821 2856 32.
862 2801 1128 2869 Quoniam
1150 2809 1323 2854 antem
1354 2810 1561 2870 oportet
1585 2809 1639 2853 ct
1670 2799 1871 2870 singula
1908 2818 2093 2855 eorum
2127 2801 2220 2855 dc-

658 2887 915 2953 scribem,
957 2885 1088 2958 quid
1128 2886 1197 2939 ad
1242 2884 1469 2957 singulas
1507 2888 1743 2941 civitates
1782 2886 2082 2942 delectabile
2104 2906 2215 2942 esse

657 2981 829 3045 potest
842 3013 859 3036 ,
886 2981 939 3025 et
966 2970 1069 3026 hoc
1086 2969 1261 3025 dicere
1282 2973 1631 3026 necessarium
1655 2982 1751 3029 cst.
1772 2972 1945 3026 Habes
1964 2990 2090 3044 ergo
2106 2978 2215 3029 An-

656 3058 901 3114 tiochiam
929 3057 1145 3131 quidem
1176 3058 1231 3111 in
1253 3058 1501 3112 omnibns
1527 3057 1916 3113 delectabilibus
1942 3058 2214 3114 abundan-

658 3158 761 3201 tem
781 3186 796 3210 ,
816 3146 1040 3200 maxime
1056 3155 1231 3199 autem
1257 3144 1591 3203 circensibus.
1618 3147 1811 3200 Omnia
1829 3157 2003 3201 autem
2022 3148 2217 3220 quare?

656 3234 919 3301 Quoniam
964 3231 1040 3285 ibi
1084 3230 1370 3303 imperator
1418 3228 1595 3295 sedet,
1642 3249 1851 3284 necesse
1902 3242 1982 3285 est
2038 3235 2215 3287 omnia

655 3328 869 3390 propter
893 3336 1037 3372 eum.
1058 3319 1193 3371 Ecce
1210 3317 1447 3373 similiter
1464 3316 1676 3371 Ladicia
1703 3318 1957 3371 circenses
1978 3328 2031 3371 et
2043 3320 2214 3391 Tyrus

656 3414 709 3457 et
732 3404 945 3475 Berytus
965 3414 1019 3457 et
1049 3404 1312 3469 (Σιωπῆς
1334 3401 1425 3455 scd
1456 3400 1707 3457 Laodicia
1744 3404 1904 3458 mittit
1926 3404 2041 3459 aliis
2084 3406 2211 3459 civi-

660 3491 853 3545 tatibus
870 3492 1141 3562 agitatores
1153 3490 1402 3562 optimos,
1415 3490 1588 3563 Tyrus
1604 3500 1657 3543 et
1674 3491 1893 3561 Berytus
1910 3493 2180 3547 mimarios
2192 3533 2207 3559 ,

663 3577 893 3631 Caesarea
915 3578 1263 3648 pantomimos
1280 3616 1297 3642 ,
1326 3574 1607 3656 Heliopolis
1646 3574 1917 3631 choraulas
1950 3580 2207 3647 maxime,

664 3661 847 3735 quoda
859 3662 1061 3716 Libano
1077 3664 1241 3716 Musae
1259 3662 1356 3716 illis
1370 3664 1622 3735 inspirent
1636 3663 1960 3718 divinitatem
1974 3664 2206 3720 dicendi.

670 3748 969 3819 Aliquando
977 3760 1151 3805 autem
1162 3760 1214 3803 et
1230 3751 1369 3805 Gaza
1381 3750 1537 3805 habet
1543 3749 1713 3807 bonos
1720 3750 2003 3816 auditores,
2020 3752 2215 3809 dieitur

665 3847 841 3890 autem
866 3836 1057 3893 habere
1080 3854 1195 3891 eam
1212 3849 1265 3892 et
1289 3838 1699 3910 pammacharios
1716 3878 1731 3904 ,
1759 3839 1978 3893 Ascalon
2003 3840 2215 3896 athletas

666 3922 971 3989 luctatores,
997 3922 1322 3978 Castabetia*
1348 3923 1644 3996 calopettas.
1670 3926 1781 3993 (33)
1810 3926 2011 3978 Omnes
2041 3936 2215 3979 autem

668 4030 767 4085 per
789 4012 991 4083 negotia
1014 4022 1151 4066 stant
1175 4022 1227 4065 et
1251 4012 1390 4065 viros
1406 4010 1599 4065 hahent
1615 4010 1801 4064 divites
1824 4011 1877 4064 in
1895 4010 2141 4064 omnibus
2162 4021 2215 4065 et

666 4100 903 4154 oratione
926 4108 981 4153 et
1003 4116 1161 4171 opere
1183 4110 1236 4153 et
1271 4100 1490 4161 virtute,
1520 4110 1574 4153 et
1604 4116 1747 4153 aeres
1784 4108 2093 4170 temperatos
2130 4098 2217 4153 ha·

662 4256 794 4313 vid.
825 4257 896 4313 N.
925 4256 1159 4311 Piccolos
1174 4297 1190 4319 ,
1222 4256 1559 4329 Supple‘mene
1574 4256 1611 4310 ci
1634 4256 1985 4325 I'Antleologie
2008 4275 2221 4327 ἔπεφνε

662 4351 719 4406 p.
755 4334 873 4389 152.
908 4334 929 4404 [Ι
957 4363 1030 4377 -
1052 4334 1109 4387 in
1134 4332 1441 4388 Patauinis
1482 4334 1625 4403 regio
1671 4336 1781 4388 Ioco
1904 4334 2154 4388 similiter
2170 4344 2223 4386 et

662 4416 990 4465 Damascena
1015 4422 1067 4465 et
1087 4412 1256 4465 altem
1268 4411 1517 4485 palmula
1538 4412 1735 4466 minore
1754 4424 1806 4465 et
1823 4410 2145 4486 psittacium
2170 4423 2221 4466 et

660 4509 806 4544 omne
838 4508 999 4556 gentas
1016 4509 1292 4563 pomorum
1331 4490 1659 4544 habitantem
1684 4489 1873 4545 codex.
1902 4491 2222 4545 Psnttacium

661 4586 761 4641 pro
780 4566 1073 4641 pistacium
1111 4567 1299 4637 legitur
1320 4568 1477 4621 etiam
1504 4568 1559 4621 in
1597 4566 1772 4622 edicto
1810 4568 2119 4623 Diocletiani
2153 4566 2221 4621 de

662 4644 843 4712 pretiis
888 4660 1063 4697 rerum
1105 4644 1390 4700 venalium.
1415 4644 1529 4713 11-
1551 4647 1581 4713 S
1607 4644 1674 4698 32
1703 4648 1772 4700 A.
1797 4644 2107 4713 agitatores]
2132 4662 2220 4698 sa·

660 4717 937 4787 giteatores
960 4723 1077 4776 Par.
1102 4724 1124 4791 11
1143 4722 1629 4795 -pammacariosJ
1656 4722 2034 4794 παρ-μακαρίους
2052 4742 2069 4787 3
2088 4740 2223 4795 pau·

662 4799 925 4854 macarias
954 4800 1077 4857 cod.
1098 4802 1248 4867 Car„
1265 4800 1693 4876 pammacharios
1722 4800 1842 4856 cod.
1873 4802 1928 4855 in
1965 4804 2039 4867 B,
2059 4801 2149 4855 ubi
2176 4802 2219 4855 si

657 4878 1046 4947 pammacarios
1084 4877 1450 4951 reponendum
1474 4890 1583 4946 est,
1610 4880 1723 4935 baec
1758 4898 1862 4935 vox
1904 4879 1975 4934 ad
2014 4890 2221 4934 antece-

663 4953 875 5010 dentem
915 4957 1183 5013 auditores
1221 4960 1277 5026 (i.
1301 4978 1351 5013 e.
1391 4958 1693 5033 ἀκροάματα)
1712 4959 1891 5014 referri
1910 4960 2105 5031 possit,
2130 4958 2221 5013 sed

660 5034 987 5105 probabilius
1010 5048 1091 5091 cst
1119 5038 1541 5111 panamaclnarios
1567 5049 1811 5111 corrupte
1849 5039 1953 5094 dici
1986 5051 2079 5094 aut
2111 5039 2221 5103 τοὺς

661 5115 967 5186 παμμάχοικ
984 5156 999 5183 ,
1030 5120 1431 5189 pancratiastas,
1470 5130 1563 5172 aut
1593 5118 1966 5191 parmularios.
1996 5120 2017 5189 ΙΙ
2036 5150 2109 5161 —
2130 5123 2222 5173 Ca·

2297 720 2411 765 ctus
2425 709 2610 765 uberes
2633 721 2934 777 nascuntur,
2953 713 3064 767 sine
3087 711 3202 767 oleo
3224 722 3424 767 tantum
3441 732 3456 777 ;
3473 731 3594 767 nam
3615 713 3848 767 triticum

2297 808 2349 851 et
2383 795 2640 852 hordeum
2667 808 2720 851 et
2737 796 2974 867 legumen
3009 810 3064 852 et
3087 800 3268 854 vinum
3289 800 3344 853 in
3371 798 3690 854 abundantia
3719 818 3845 873 pro·

2299 882 2398 936 sert
2417 892 2469 936 et
2490 884 2630 936 viros
2661 883 2864 937 nobiles
2899 883 3075 939 habet.
3103 884 3333 952 Quidam
3372 896 3546 939 autem
3581 896 3635 939 et
3669 885 3844 941 literas

2295 968 2364 1023 ab
2391 967 2456 1021 iis
2495 968 2731 1022 inventas
2775 985 2890 1022 esse
2930 966 3148 1035 dicunt,
3186 969 3326 1024 aliia
3366 970 3651 1036 Chaldoeis,
3693 972 3778 1027 alii
3815 991 3846 1026 a

2295 1053 2628 1109 Phoenicibus
2643 1092 2660 1119 ‚
2691 1054 2778 1107 alii
2813 1062 2988 1108 autem
3011 1051 3332 1109 Mercurium
3359 1055 3682 1111 inventorem
3707 1076 3846 1113 asse·

2296 1150 2424 1195 runt
2465 1138 2734 1193 literarum
2751 1178 2768 1205 ‚
2817 1150 2869 1193 et
2911 1138 3087 1193 multis
3127 1137 3289 1193 multa
3313 1139 3607 1195 dicentibus
3629 1182 3645 1208 ,
3688 1160 3848 1198 nemo

2295 1225 2441 1298 quod
2467 1243 2648 1279 verum
2681 1236 2761 1281 est
2785 1225 2960 1280 dicere
2983 1228 3171 1298 potuit.
3201 1227 3400 1279 Tamen
3428 1228 3566 1281 viros
3592 1231 3847 1302 sapientes

2294 1322 2484 1386 praeter
2518 1330 2730 1367 omnem
2757 1311 3016 1367 mundum
3038 1312 3292 1386 AEgyptns
3328 1312 3592 1379 abundat;
3637 1316 3691 1369 in
3735 1335 3847 1371 me·

2299 1401 2491 1473 tropoli
2517 1402 2658 1455 enim
2686 1400 2797 1473 ejus
2831 1399 3144 1458 Alexandria
3189 1418 3369 1455 omnes
3409 1411 3586 1471 gentes
3614 1403 3848 1457 invenies

2298 1501 2353 1544 et
2379 1491 2555 1543 omnia
2572 1489 3004 1562 philosophorum
3029 1499 3286 1561 praecepta
3313 1506 3631 1561 omnemque
3653 1490 3849 1546 doctri·

2303 1596 2446 1634 nam.
2475 1579 2662 1649 Itaque
2686 1577 2966 1650 aliquando
3002 1578 3284 1631 certamine
3306 1575 3446 1631 facto
3481 1576 3846 1650 Egyptiorum

2299 1678 2350 1721 et
2372 1668 2676 1722 Graecorum
2704 1668 2822 1739 quis
2844 1684 3024 1719 corum
3045 1666 3274 1719 musium
3297 1665 3535 1737 accipiat,
3562 1667 3850 1735 argutiores

2299 1766 2350 1809 et
2395 1754 2728 1825 perlectiores
2761 1754 2984 1825 AEgyptii
3031 1753 3228 1806 inventi
3263 1763 3404 1816 sunt,
3447 1762 3500 1805 et
3526 1762 3648 1823 post
3689 1755 3852 1807 victo-

2303 1843 2436 1894 riam
2480 1841 2706 1895 musium
2749 1838 2816 1893 ad
2857 1840 2994 1912 ipsos
3023 1844 3282 1911 pertinere
3307 1838 3602 1911 judicatum
3641 1851 3738 1896 est.
3789 1840 3852 1895 Et

2311 1926 2625 1999 impossihile
2661 1936 2738 1980 est
2777 1926 2832 1979 in
2868 1942 3178 1998 quacunque
3217 1943 3276 1979 re
3319 1926 3558 1980 invenire
3597 1927 3852 1998 sapientes

2308 2012 2579 2084 quomodo
2628 2012 2926 2085 AEgyptios3
2970 2022 3022 2067 et
3063 2012 3185 2067 ideo
3231 2032 3410 2068 omnes
3435 2013 3734 2088 philosophi
3779 2014 3850 2068 ibi

2301 2116 2508 2172 semper
2534 2100 2722 2154 morati
2749 2100 2984 2154 meliora
3015 2099 3259 2165 fuerunt3
3286 2118 3390 2154 non
3416 2102 3558 2155 enim
3585 2113 3666 2155 est
3692 2102 3747 2155 in
3773 2102 3850 2155 eis

2303 2280 2448 2337 bent.
2475 2285 2542 2337 Et
2567 2282 2678 2338 baec
2708 2282 2920 2355 quidem
2942 2284 3100 2357 Syriae
3130 2302 3195 2337 ex
3227 2294 3389 2357 parte.
3421 2286 3854 2341 Praetermisimus

2301 2370 2442 2425 enim
2468 2371 2647 2439 multa,
2676 2382 2734 2426 ut
2762 2390 2869 2426 non
2895 2372 3172 2428 extendere
3184 2382 3330 2427 extra
3349 2384 3711 2445 opportunum
3735 2392 3854 2429 ora-

2304 2456 2500 2511 tionem
2531 2456 2819 2524 videamur,
2847 2468 2901 2512 et
2927 2468 3120 2513 ceteras
3150 2460 3384 2530 regiones
3409 2478 3623 2533 quoque
3648 2472 3702 2515 et
3727 2479 3854 2534 pro·

2305 2542 2500 2595 vincias
2525 2542 2752 2597 scribere
2776 2544 3052 2617 possimus.

2375 2628 2462 2691 34.
2501 2628 2674 2682 Habes
2715 2646 2838 2698 ergo
2864 2626 2931 2681 de
2955 2628 3079 2684 leva
3103 2640 3249 2702 parte
3275 2632 3434 2701 Syriae
3473 2640 3525 2685 et
3557 2632 3766 2705 AEgypti
3798 2644 3847 2688 et

2306 2712 2630 2768 Alexandriae
2663 2724 2718 2768 et
2757 2715 2916 2769 totius
2939 2714 3220 2770 Thebaidis
3261 2728 3430 2789 partes
3447 2757 3464 2782 ,
3491 2736 3622 2789 quas
3656 2718 3852 2774 descri-

2304 2799 2428 2853 bere
2447 2800 2793 2853 neocssarium
2814 2810 2909 2856 est.
2937 2800 3108 2855 Habes
3133 2820 3259 2872 ergo
3289 2820 3500 2856 omnem
3533 2804 3739 2875 ,Egypti
3769 2822 3852 2858 re·

2305 2886 2514 2955 gionem
2541 2897 2842 2941 coronatam
2871 2888 3030 2943 fluvio
3074 2890 3164 2959 qui
3203 2891 3280 2943 sic
3319 2900 3534 2945 vocatur
3555 2892 3732 2956 Nilus,
3760 2896 3852 2964 qui

2306 2972 2516 3025 veniens
2551 2971 2688 3042 rigat
2724 2990 2934 3027 omnem
2971 2973 3154 3027 faciem
3199 2984 3348 3029 terrai
3363 3016 3378 3041 ,
3398 2987 3451 3030 et
3493 2976 3721 3030 fructum
3754 2978 3854 3033 sert

2305 3074 2516 3110 omnem
2534 3096 2551 3123 ,
2573 3060 2684 3111 sine
2701 3058 2843 3125 oleo,
2859 3060 3088 3114 triticum
3105 3070 3298 3125 autem,
3316 3061 3593 3127 hordeum,
3616 3064 3852 3134 legumen

2304 3154 2358 3197 et
2398 3144 2578 3199 vinum
2624 3144 2972 3219 abundanter,
2997 3148 3136 3202 viros
3183 3148 3420 3202 similiter
3449 3150 3648 3203 nobiles
3664 3190 3680 3215 ,
3721 3150 3848 3205 deos

2301 3228 2526 3285 colentes
2549 3232 2869 3298 eminenter;
2899 3251 3157 3305 nusquam
3193 3234 3332 3287 enim
3354 3234 3576 3289 deorum
3611 3238 3852 3307 mysteria

2299 3315 2376 3368 sic
2400 3316 2666 3388 perficitur
2689 3316 2958 3389 quomodo
2979 3318 3050 3373 ibi
3073 3318 3142 3373 ab
3162 3320 3378 3391 antiquo
3403 3330 3456 3373 et
3481 3332 3645 3391 usquc
3665 3321 3850 3385 m0do;

2300 3412 2350 3455 et
2378 3419 2526 3473 paene
2553 3403 2664 3475 ipsa
2688 3404 2832 3456 omni
2859 3412 3115 3457 terrarum
3139 3404 3256 3458 orbi
3275 3403 3492 3460 tradidit
3513 3405 3642 3459 deos
3663 3406 3851 3462 colere.

2300 3486 2497 3540 Dicunt
2521 3498 2696 3542 autem
2715 3486 2981 3542 Chaldoeos
3007 3488 3192 3542 melius
3211 3488 3410 3558 colene3
3430 3499 3605 3543 nmen
3628 3508 3762 3561 quos
3777 3493 3852 3545 vi-

2299 3573 2484 3629 demus
2527 3574 2780 3630 miramur
2799 3586 2853 3630 et
2889 3577 2943 3629 in
2973 3576 3217 3630 omnibus
3241 3577 3440 3649 primos
3469 3594 3582 3631 esse
3605 3576 3849 3635 dicimus.

2299 3662 2506 3716 Etenim
2550 3662 2625 3718 ibi
2659 3662 2790 3717 deos
2825 3662 3080 3717 habitasse
3117 3673 3210 3717 aut
3261 3672 3314 3716 et
3347 3662 3582 3718 babitare
3635 3665 3852 3723 scimus.

2307 3748 2478 3822 Aliqui
2504 3761 2680 3806 antem
2712 3751 2887 3806 literas
2911 3750 2978 3806 ab
3010 3752 3084 3805 eis
3111 3752 3346 3806 inventas
3372 3768 3484 3805 esse
3509 3751 3724 3818 dieunt,
3760 3754 3847 3809 alii

2299 3846 2474 3891 autem
2508 3856 2540 3891 a
2577 3836 2829 3893 Chaldaeis
2846 3877 2862 3900 .
2913 3836 3000 3892 alii
3047 3847 3224 3893 autem
3264 3855 3296 3891 a
3339 3839 3550 3892 Punicis
3566 3878 3583 3903 ‚
3636 3839 3854 3911 quidam

2302 3938 2474 3981 autem
2508 3928 2828 3981 Mercurium
2869 3927 3192 3980 inventorem
3217 3944 3326 3979 esse
3351 3925 3616 3980 literarum
3642 3926 3852 3990 volunt,

2303 4025 2358 4068 et
2399 4013 2571 4068 multis
2615 4012 2823 4086 [multa]
2851 4012 3171 4080 dicentibus,
3217 4031 3375 4069 nemo
3412 4032 3596 4070 verum
3635 4016 3732 4068 scit
3760 4033 3857 4069 nec

2304 4100 2446 4154 credi
2481 4110 2670 4173 potest.
2700 4100 2896 4153 Tamen
2919 4100 3058 4153 viros
3080 4101 3335 4171 sapientes
3371 4100 3612 4173 prae[ter]⁴
3643 4118 3856 4155 omnem

2306 4257 2570 4331 calopetas
2589 4260 2641 4313 in
2677 4260 2824 4330 Syria
2852 4257 3018 4312 dictes
3033 4276 3147 4312 esse
3171 4270 3358 4331 putans
3397 4259 3509 4321 robe
3550 4259 3854 4324 καλοδάτας,

2307 4333 2657 4394 funambulos.
2677 4337 2920 4391 Caeternm
2940 4336 3204 4392 castabala
3227 4336 3339 4391 haec
3358 4334 3570 4391 aliunde
3593 4354 3700 4390 non
3731 4347 3858 4391 nota

2307 4416 2406 4469 nisi
2445 4434 2474 4469 a
2498 4416 2759 4490 Stephano
2804 4434 2818 4470 :
2869 4415 3164 4471 Καστάόαλα
3181 4455 3198 4481 ,
3236 4414 3455 4477 Κιλικίας
3489 4414 3574 4469 καὶ
3615 4414 3856 4483 Φοινίκης

2307 4494 2465 4556 πόλις.
2497 4494 2728 4565 Στράόων
2756 4495 2841 4561 ιδ’,
2870 4496 2922 4549 in
2944 4494 3136 4567 quibus
3159 4510 3319 4565 quum
3358 4492 3627 4548 Strabonis
3657 4495 3857 4548 mentio

2307 4572 2516 4625 nonnisi
2535 4570 2600 4626 ad
2625 4571 2814 4627 ciliciae
2841 4570 3022 4626 urbem
3043 4572 3324 4644 pertineat,
3351 4570 3512 4644 Syria
3538 4581 3712 4625 autem
3758 4572 3856 4625 Ca·

2307 4650 2499 4703 stabala
2516 4652 2692 4721 ignota
2715 4668 2825 4704 esse
2853 4660 3117 4704 censerent
3140 4648 3434 4703 Holstenius
3461 4658 3512 4703 et
3531 4650 3854 4715 Meinekins,

2309 4725 2466 4781 verba
2488 4729 2570 4781 καὶ
2599 4728 2834 4796 Φοινίκης
2859 4727 2974 4799 ejici
3001 4726 3295 4782 voluerunt.
3327 4727 3350 4796 ΙΙ
3380 4756 3455 4769 -
3477 4744 3648 4781 omnes
3682 4738 3858 4781 aretem

2309 4806 2387 4833 *⁴*
2408 4806 2632 4879 (lacuna)
2657 4804 2862 4879 quidem
2883 4824 2948 4860 ea·
2963 4817 3120 4879 parte
3141 4804 3203 4859 de
3218 4806 3371 4877 Syria
3390 4805 3540 4860 dicta
3556 4805 3677 4861 cod.
3704 4808 3854 4873 Car„

2309 4884 2454 4939 unde
2471 4885 2688 4938 assumsi
2708 4902 2882 4939 vocem
2910 4882 3144 4956 quidem,
3163 4900 3320 4955 quam
3347 4902 3456 4941 om.
3485 4887 3604 4939 Par.

2381 4964 2503 5033 534
2533 4966 2598 5017 A.
2629 4962 2692 5017 de
2719 4963 2869 5036 larisa]
2908 4982 2974 5017 ea·
3009 4961 3142 5017 Ioeva
3171 4966 3293 5020 Cav.
3341 4964 3362 5033 ΙΙ
3403 4994 3469 5006 -
3507 4963 3748 5037 AEgjpti]
3791 4984 3857 5018 ea·

2303 5054 2460 5115 parte
2479 5043 2604 5096 Cav.
2636 5046 2918 5114 AE'gyptum
2937 5042 3056 5095 Mai.
3091 5041 3264 5094 Verba
3289 5052 3340 5094 et
3371 5040 3712 5095 Alexandr-ias
3741 5059 3851 5096 om.

2311 5121 2436 5177 Car.
2470 5122 2492 5191 ΙΙ
2514 5119 2831 5193 —flumiael
2851 5119 3023 5191 flecm'o
3047 5120 3174 5176 (hv,
3213 5120 3234 5191 ΙΙ
3265 5150 3337 5162 -
3357 5122 3420 5175 In
3439 5121 3483 5173 Β
3506 5136 3520 5173 t
3535 5120 3653 5189 fir!
3679 5138 3855 5173 omma

656 5192 873 5247 stabula
888 5198 1102 5269 pyctas]
1130 5196 1433 5251 castabeeia
1450 5197 1737 5271 calopettas
1750 5209 1996 5271 corrupte
2019 5196 2139 5253 cod.
2154 5200 2215 5263 B,
2310 5198 2494 5255 codex.
2524 5199 2726 5255 Inclusa
2770 5199 3020 5271 supplevi.
3065 5200 3086 5269 ΙΙ
3112 5230 3184 5242 -
3209 5199 3434 5255 volueris
3481 5199 3536 5254 ἰιι
3544 5198 3729 5272 venire]
3782 5218 3857 5252 m·

658 5270 747 5325 ubi
778 5273 1138 5329 Gothosredus
1185 5276 1467 5330 castabala
1510 5277 1773 5350 calopeeas
1813 5278 1969 5331 scribi
2019 5278 2212 5341 voluit,

2311 5277 2482 5331 venie-e
2504 5277 2729 5331 voluer-125
2753 5276 2871 5331 cod.
