4584 6284
2019 493 2585 559 COMMENTARH.

698 622 790 685 καὶ
803 625 997 710 φοιτῶν
1012 621 1118 696 ὅπη
1137 621 1289 704 τύχοι
1298 620 1498 702 γίνεται
1515 623 1610 684 καὶ
1625 622 1754 706 πρὸς
1769 626 1905 706 τῷδε
1920 627 1997 707 τῷ
2012 629 2261 708 ποταμῷ,

697 711 791 772 καὶ
819 711 982 773 θέλων
1010 713 1084 780 εἷς
1105 711 1168 772 τὸ
1190 710 1358 794 πίραν
1382 709 1630 785 διαΰῆναι
1649 713 1855 794 ἀπόρως
1874 713 2007 795 ἔχει.
2093 715 2272 778 Οῐκτί-

700 803 842 870 ζεται
869 800 926 860 δὲ
957 799 1116 860 αὐτὸν
1145 803 1176 860 ὁ
1202 799 1384 880 πατὴρ
1411 797 1578 872 Ζεὺς,
1606 799 1696 860 καὶ
1717 801 1918 878 πέμπει
1941 806 2069 872 ζῶον
2084 802 2270 884 τίγριν,

699 885 754 955 ὃς
792 893 882 948 τοῦ
929 888 1098 967 πόρου
1151 888 1232 968 τῷ
1263 885 1502 970 Διονύσῳ
1539 887 1970 967 καθηγησάμενος
2005 895 2146 973 αὐτῷ
2178 892 2272 971 μὲν

645 987 674 1028 ⁶
699 980 842 1038 ποιεῖ
875 975 937 1035 τὸ
961 979 1194 1056 θυμῆρες
1209 1019 1224 1048 ,
1249 978 1326 1056 τῷ
1356 973 1410 1034 δὲ
1431 980 1657 1058 ποταμῷ
1683 981 1770 1058 ἀφ’
1791 980 1979 1038 ἑαυτοῦ
2007 981 2272 1044 καλεῖσθαι

699 1063 909 1147 ἀφίησι.
999 1061 1111 1125 Καὶ
1144 1061 1318 1130 ἄλλως
1344 1062 1400 1123 δὲ
1427 1063 1554 1144 δίχα
1580 1069 1676 1136 τῆς
1705 1070 1924 1144 μυθικῆς
1948 1069 2140 1144 ταύτης
2159 1073 2273 1131 ἔπι-

700 1151 862 1225 ὃολῆς
891 1151 991 1224 τὴν
1027 1149 1158 1230 πρὸς
1180 1149 1242 1210 τὸ
1263 1152 1398 1221 ζῶον
1422 1151 1728 1230 ὁμωνυμίαν
1755 1157 1784 1214 δ
1805 1155 2037 1233 ποταμὸς
2053 1157 2162 1238 ἔχει
2185 1159 2272 1221 διὰ

697 1238 760 1299 τὸ
787 1246 882 1300 τοῦ
923 1237 1184 1322 ῥεύματος
1211 1237 1322 1308 ὀξύ.
1407 1239 1608 1320 Θηρίον
1638 1240 1737 1322 γὰρ
1761 1246 1788 1302 ὁ
1820 1244 1984 1322 τίγρις
2027 1247 2086 1306 οὗ
2115 1245 2270 1324 μόνον

701 1327 984 1411 ἐλέφαντος
1002 1325 1138 1386 πολὺ
1163 1327 1544 1409 ἀλκιμώτερος,
1568 1329 1705 1389 ἀλλὰ
1727 1331 1817 1390 καὶ
1833 1331 1931 1406 τὴν
1949 1333 2190 1408 ὠκύτητα
2211 1339 2272 1398 οὗ

626 1423 676 1466 1⁰
706 1414 846 1497 ῥᾴων
908 1418 1238 1486 εἰκασθῆναι.
1322 1417 1418 1478 Διὸ
1470 1417 1562 1476 καὶ
1597 1421 1626 1477 ὁ
1671 1424 1746 1499 τῷ
1787 1421 2059 1506 ’Ῑουλιανῷ
2112 1425 2272 1494 δοθεὶς

703 1503 979 1575 ἀπατηλὸς
1006 1503 1246 1583 χρησμὸς
1263 1503 1412 1585 παρὰ
1439 1506 1559 1586 θηρὶ
1583 1510 1804 1590 ποταμῷ
1823 1509 2080 1593 ὑπίσχετο
2109 1514 2270 1588 ποιή-

705 1613 816 1650 σειν
839 1591 908 1650 τὰ
937 1589 1264 1673 θρυλούμενα
1283 1637 1300 1670 ,
1342 1592 1506 1671 ἤγουν
1540 1594 1690 1676 παρὰ
1731 1600 1808 1678 τῷ
1836 1600 2142 1684 θηριωνύμῳ
2169 1601 2269 1662 Τί·

704 1701 840 1759 γρει.
922 1679 1055 1740 Ὅτι
1080 1679 1134 1740 δὲ
1169 1678 1254 1738 διὰ
1284 1686 1374 1742 τοῦ
1407 1705 1422 1742 ι
1448 1680 1563 1762 ἔχει
1595 1683 1692 1756 τὴν
1716 1685 1918 1767 γραφὴν
1947 1692 1984 1761 ἡ
2009 1687 2270 1768 λήγουσα,

703 1771 752 1838 ἡ·
767 1767 936 1834 κλίσις
958 1768 1134 1840 δηλοῖ·
1166 1767 1380 1850 Τίγριος
1403 1768 1511 1849 γα’ρ
1539 1773 1654 1830 ἐστι
1681 1771 1772 1832 καὶ
1793 1773 1939 1848 παρὰ
1971 1778 2048 1856 τῷ
2080 1780 2271 1837 Διονυ-

629 1871 676 1910 15
707 1854 804 1935 σίῳ
832 1859 866 1926 ἡ
900 1855 1122 1934 γενικὴ,
1139 1858 1213 1924 ὥς
1255 1860 1348 1916 τοῦ
1384 1857 1526 1938 ὄφιος
1544 1901 1560 1930 ,
1589 1860 1662 1928 ὥς
1689 1860 1857 1921 δοκεῖν
1885 1853 2110 1924 ἔντεῗῖθεν
2139 1857 2270 1926 εἶναι

701 1941 798 2016 τὴν
839 1941 1082 2016 Ἀττικὴν
1123 1943 1337 2026 γενικὴν
1388 1943 1655 2026 Τίγρεως,
1701 1949 1772 2015 ὣς
1809 1948 2116 2031 Θῦμὸρεως.
2201 1951 2270 2014 ‘O

708 2032 888 2111 με’ντοι
919 2031 1188 2116 Ἀρριανὸς
1213 2032 1299 2092 διὰ
1329 2039 1421 2094 τοῦ
1462 2036 1494 2095 δ
1519 2035 1686 2095 κλίνει
1717 2035 1988 2118 Τίγριδος,
2013 2037 2152 2101 καθὰ
2177 2040 2268 2102 καὶ

705 2126 735 2182 ὃ
759 2121 968 2207 γράψας
989 2123 1052 2182 τὸ
1080 2125 1262 2203 δρᾶμα
1284 2126 1380 2196 τῆς
1407 2122 1693 2198 Σωσάννης
1710 2170 1728 2205 ,
1757 2116 1904 2203 οἶμαι
1928 2130 1957 2186 ὁ
1979 2131 2270 2208 Δαμασκη-

707 2210 818 2286 νός,
839 2213 910 2279 ὥς
937 2213 998 2270 ἐκ
1025 2213 1120 2284 τῆς
1143 2212 1440 2293 ἐπιγραφῆς
1465 2209 1725 2294 φαίνεται.
1807 2214 1966 2277 Οὕτω
1995 2215 2049 2276 δὲ
2083 2217 2175 2278 καὶ
2210 2218 2272 2278 τὸ

621 2313 677 2354 2⁰
699 2292 856 2367 1Ἀπις
878 2299 940 2359 τὸ
960 2298 1137 2380 κύριον
1168 2300 1222 2359 ἓν
1245 2307 1355 2369 τοῖς
1376 2299 1498 2381 περὶ
1519 2299 1783 2382 Ἀρκάδων
1810 2303 1981 2383 λόγοις
2001 2307 2048 2365 οἱ
2070 2305 2165 2384 μὲν
2186 2305 2270 2366 διὰ

705 2392 797 2447 τοῦ
826 2389 857 2447 δ
876 2385 1086 2448 ἔκλιναν
1107 2386 1354 2469 Ἄπιδος,
1382 2393 1454 2459 ὣς
1473 2389 1734 2472 Πάριδος,
1755 2395 1802 2453 oi
1825 2390 1880 2453 δὲ
1902 2393 2037 2454 κατὰ
2061 2394 2158 2468 τὴν
2179 2401 2270 2457 τοῦ

629 2477 651 2508 '
708 2475 874 2558 ὄφεως
901 2475 1076 2536 κλίσιν
1101 2477 1230 2538 αὗτὸ
1265 2477 1690 2560 μετεχειρίσαντο
1705 2526 1725 2554 ,
1755 2481 2011 2551 κλίναντες
2042 2481 2261 2552 Ἄπιος.

705 2562 862 2630 Τινὲς
889 2561 946 2622 δὲ
974 2562 1064 2622 διὰ
1107 2568 1201 2624 τοῦ
1243 2587 1278 2638 η
1317 2565 1582 2645 κλίνουσι,
1613 2565 1811 2647 Τίγρης
1864 2567 2148 2648 Τίγρητος,
2192 2573 2268 2650 τῷ

710 2651 854 2733 λόγῳ
877 2653 982 2711 τῶν
1002 2651 1076 2720 εἰς
1094 2676 1157 2726 ης
1184 2652 1464 2730 ἶαμὸικῶν.
1543 2651 1721 2715 Ἄλλοι
1749 2653 1804 2716 δὲ
1827 2654 1918 2714 καὶ
1943 2654 2038 2728 τὴν
2067 2654 2268 2737 ἄρχου-

621 2750 682 2792 ’.Ιῦ
711 2761 812 2798 σαν
863 2739 1002 2819 μετὰ
1037 2745 1131 2800 τοῦ
1183 2763 1226 2801 π
1272 2740 1614 2826 προφίρουσι,
1664 2741 1754 2802 καὶ
1793 2742 2007 2824 εὕρηται
2049 2743 2260 2818 τοιαύτη

707 2826 1556 2998 ἔίῖῗῖοῗῖἱῖρῖῗᾼῗεὶῗῖξῗῷ
1571 2829 1876 2997 13:¹22?ssss
1895 2855 2004 2980 {ez-s
2015 2831 2263 2980 2352*ss

705 3001 1041 3085 ἀντιγράφων
1057 3002 1267 3084 ἔχουσιν
1291 3003 1444 3064 οὕτω·
1461 3030 1484 3058 ι
1502 3005 1622 3065 Τῶν
1644 3009 1895 3081 ποταμῶν
1921 3011 2014 3066 τοῦ
2044 3007 2262 3088 Εὐφρά-

704 3114 798 3151 του
832 3089 926 3151 καὶ
957 3098 1050 3152 τοῦ
1087 3093 1378 3173 Πίγρητος,
1405 3091 1454 3152 οἳ
1479 3091 1575 3163 τὴν
1605 3091 1772 3171 μέσην
1796 3097 1941 3174 σφῶν
1986 3093 2260 3177 Ἀσσυρίαν

623 3188 680 3230 ³⁰
706 3177 1077 3260 ἀπείργωσιν,
1100 3179 1214 3241 ὅθεν
1243 3179 1335 3239 καὶ
1365 3181 1752 3260 Μεσοποταμία
1773 3181 1903 3262 πρὸς
1927 3188 2031 3243 τῶν
2055 3187 2258 3266 ἕπιχω-

706 3265 834 3344 ρίων
860 3265 1166 3344 κληίζεται,
1195 3269 1224 3327 ὁ
1245 3267 1452 3347 Πίγρης
1472 3267 1606 3329 πολύ
1643 3292 1697 3328 τι
1727 3271 2086 3352 ταπεινότερός
2115 3275 2256 3334 ἔστιν

703 3351 1005 3434 Εὐφράτου.
1035 3381 1062 3407 ²·
1087 3349 1249 3416 Ἔστι
1272 3353 1329 3415 δὲ
1352 3355 1534 3435 Τίγρις
1561 3355 1652 3414 καὶ
1678 3357 2077 3439 Παφλαγονικὸς
2092 3381 2255 3419 ποτα-

700 3440 822 3520 μὸς,
837 3441 956 3523 περὶ
979 3433 1038 3502 οὗ
1061 3465 1184 3527 φησι
1205 3442 1470 3526 Ξενοφῶν,
1492 3469 1518 3498 ι
1535 3448 1738 3524 πρῶτον
1757 3443 1853 3521 μὲν
1875 3445 2251 3526 Θερμώδοντα,

701 3519 851 3608 εὖρος
875 3531 1034 3610 τριῶν
1073 3528 1306 3613 πλίθρων
1324 3575 1343 3607 ,
1373 3529 1607 3612 δεύτερον
1645 3529 1699 3590 δὲ
1727 3529 1918 3613 Τίγριν
1947 3532 2248 3615 τρίπλεθρον

617 3632 672 3674 ³⁶
699 3615 986 3690 ὡσαύτως,
1019 3617 1190 3699 τρίτον
1226 3618 1280 3679 δὲ
1323 3617 1505 3681 Ἅλυν.
1553 3645 1576 3670 ¹·
1663 3616 1841 3680 Κλίνει
1876 3620 1932 3681 δὲ
1958 3618 2052 3680 καὶ
2097 3619 2250 3689 αὐτὸς

696 3711 879 3767 τοῦτον
927 3706 1014 3767 διὰ
1038 3711 1264 3787 καθαροῦ
1300 3712 1390 3768 τοῦ
1417 3730 1466 3770 ο.
1552 3706 1663 3770 Καὶ
1693 3707 1970 3788 Ἡρόδοτος
2007 3707 2064 3770 δί
2091 3731 2248 3793 φησιν

694 3793 777 3854 ὅτι
805 3797 906 3877 οὒχ
922 3786 995 3864 εἶς
1021 3795 1174 3874 μόνος
1193 3795 1374 3878 Τίγρις
1388 3845 1405 3871 ,
1422 3796 1556 3857 ἀλλὰ
1579 3796 1671 3856 καὶ
1694 3797 1928 3880 δεύτερος
1948 3798 2038 3859 καὶ
2056 3796 2246 3880 τρίτος,

693 3883 795 3965 οὔχ
830 3887 860 3944 ὅ
891 3885 1044 3955 αὖτὸς
1070 3885 1168 3966 μὶν
1187 3930 1205 3960 ,
1236 3885 1353 3946 οὖδὸ
1384 3888 1445 3945 ἔκ
1468 3891 1558 3946 τοῦ
1593 3888 1751 3948 αὐτοῦ
1784 3885 1944 3967 ῥέων,
1963 3891 1991 3948 ὁ
2021 3887 2171 3956 αὐτὸς
2188 3886 2245 3947 δὲ

689 3971 1091 4051 ὀνομαζόμενος.

601 4079 662 4122 ⁴0
766 4079 869 4124 m.
895 4058 1023 4124 Ὅτι
1046 4069 1080 4136 ἡ
1102 4064 1330 4131 Θωνῖτις
1342 4061 1501 4141 λίμνη
1526 4061 1640 4123 leri
1658 4063 1910 4145 νιτρώδης
1927 4063 2062 4123 κατὰ
2087 4060 2242 4140 μέσον

680 4296 863 4363 codd„
889 4316 1005 4352 exc.
1043 4303 1128 4370 Ly.
1175 4301 1198 4370 ΙΙ
1231 4329 1305 4342 -
1339 4318 1388 4356 1.
1429 4301 1526 4367 ὅπη
1555 4303 1781 4367 CDKL,
1810 4301 1923 4354 ὅποι
1949 4309 2071 4354 cett.
2106 4299 2129 4370 ΙΙ
2166 4329 2239 4342 -

3801 521 3913 574 387

2358 630 2457 685 hac
2480 631 2580 685 ista
2602 631 2671 686 de
2686 649 2859 688 causa.
2934 636 3135 690 Ferunt
3156 639 3427 692 Bacchum*
3444 639 3663 694 consilio
3690 644 3918 700 Iunonis

2354 710 2414 763 in
2460 710 2711 766 insaniam
2751 711 3027 781 incidisse3
3070 733 3347 789 quumque
3392 718 3545 772 itm-et
3594 737 3918 796 quocunque

2356 807 2478 845 eum
2500 809 2649 845 casus
2664 791 2847 860 ferret,
2862 793 2929 849 ad
2954 793 3059 849 boc
3078 795 3279 851 flumen
3294 799 3618 870 pervenisse3
3644 819 3919 876 quumque

2357 871 2413 923 in
2438 871 2737 928 ulteriorem
2767 875 2935 947 ripam
2959 875 3198 947 trajicere
3237 876 3393 932 venet
3408 917 3425 944 ,
3460 898 3567 952 quo
3608 899 3665 936 se
3694 893 3919 940 verteret

2356 952 2658 1017 nescivisse3
2700 951 2791 1006 sed
2826 955 3100 1008 misertum
3139 956 3251 1028 ejus
3294 968 3496 1029 patrem
3527 962 3711 1016 Jovem
3740 964 3916 1034 tigrim

2357 1030 2550 1086 animal
2586 1032 2783 1087 misisse
2798 1072 2815 1100 ,
2854 1051 2971 1106 quae
2995 1035 3263 1090 Bacchum
3281 1037 3418 1092 vado
3447 1038 3711 1096 deducens
3732 1052 3843 1098 tum
3866 1047 3915 1098 ei

2357 1112 2596 1184 praestitit
2620 1111 2764 1184 quod
2789 1114 3004 1186 optabat
3019 1153 3036 1180 ,
3059 1125 3177 1170 tum
3200 1116 3401 1172 flumen
3422 1136 3453 1173 a
3477 1137 3588 1174 sese
3619 1121 3915 1178 vocandum

2356 1190 2593 1263 reliquit.
2694 1190 2797 1247 sed
2849 1194 3007 1248 missa
3056 1194 3156 1250 hac
3215 1197 3559 1269 explicatione
3643 1200 3873 1258 sabulosa
3894 1245 3909 1270 ‚

2358 1273 2587 1326 nominis
2606 1269 2837 1345 ejusdem
2873 1277 3175 1330 societatem
3214 1276 3405 1332 fluvius
3428 1297 3549 1333 cum
3582 1283 3793 1335 animali
3818 1284 3911 1339 ba-

2356 1348 2447 1404 bet
2466 1359 2681 1423 propter
2702 1349 3045 1407 defluentium
3072 1371 3331 1427 aquarum
3364 1355 3699 1416 celeritatem.
3775 1363 3909 1418 Fora

2356 1430 2499 1483 enim
2523 1431 2669 1500 tigris
2690 1449 2799 1486 non
2824 1431 3097 1504 elephante
3116 1433 3277 1489 modo
3300 1437 3466 1490 multo
3502 1437 3789 1504 robustior,
3816 1441 3911 1496 sod

2358 1509 2445 1564 cui
2472 1511 2627 1565 etiem
2652 1529 2760 1566 non
2787 1511 2935 1568 facile
2973 1515 3200 1585 reperias
3222 1516 3367 1588 quod
3390 1521 3445 1572 in
3476 1517 3737 1574 celeritate
3763 1539 3909 1576 com-

2357 1605 2527 1660 pares.
2600 1591 2772 1660 Quare
2802 1592 2957 1646 etiam
2982 1591 3133 1648 fallax
3156 1594 3284 1650 illud
3320 1597 3462 1669 quod
3484 1600 3517 1653 J
3521 1597 3695 1653 uliano
3722 1599 3909 1656 datum

2357 1677 2435 1720 est
2456 1668 2726 1723 oraculum
2752 1687 2863 1724 sese
2883 1688 2944 1724 ea
2960 1711 2977 1736 ,
2999 1689 3115 1744 quae
3132 1672 3271 1744 vulgi
3298 1677 3625 1731 sermonibus
3644 1678 3905 1746 sciuntur,

2356 1745 2619 1802 facturum
2652 1748 2892 1822 promisit
2927 1750 3070 1823 apud
3110 1753 3295 1808 Feram
3337 1754 3591 1822 fluvium,
3644 1759 3905 1812 nimirum

2356 1824 2497 1898 apud
2516 1827 2747 1899 Tigrim,
2770 1831 2862 1901 qui
2897 1829 3021 1884 serae
3056 1849 3249 1887 nomen
3281 1833 3457 1891 habet.
3532 1837 3700 1892 scribi
3726 1848 3903 1893 autem

2356 1924 2451 1979 per
2475 1927 2492 1960 ι
2514 1907 2748 1963 ultimam
2791 1909 2933 1964 vocis
2971 1909 3165 1982 Τίγρις,
3218 1910 3495 1968 declinatio
3529 1915 3786 1984 ostendit3
3825 1929 3905 1974 est

2355 1988 2495 2041 enim
2518 1986 2658 2062 apud
2680 1989 2990 2062 Dionysium
3024 1989 3219 2064 Τίγριος
3242 2009 3389 2048 casus
3414 1993 3659 2066 gignendi
3672 2036 3688 2062 ,
3718 2015 3905 2069 quem·

2355 2067 2641 2124 admodum
2675 2071 2836 2143 ὄφιος,
2857 2069 2989 2126 adeo
3013 2081 3073 2126 ut
3095 2071 3221 2126 binc
3250 2071 3488 2128 videntur
3513 2074 3731 2131 formari
3756 2079 3904 2148 geni-

2356 2148 2523 2204 tivum
2550 2151 2781 2204 Atticum
2801 2150 3015 2222 Τίγρεως
3031 2190 3047 2217 ,
3076 2161 3137 2206 ut
3163 2150 3442 2225 Θόμὸρεως.
3518 2157 3777 2211 Arrianus
3806 2158 3904 2226 (in

2357 2230 2503 2302 Exp.
2534 2228 2776 2304 passim)
2812 2239 2987 2284 tamen
3012 2247 3112 2304 per
3131 2231 3161 2284 δ
3200 2228 3424 2287 declinat
3458 2233 3709 2306 Τίγριδος,
3748 2237 3902 2291 sicuti

2353 2309 2510 2364 etiam
2554 2310 2598 2364 is
2637 2311 2729 2383 qui
2754 2310 2961 2384 scripsit
2990 2309 3174 2366 drama
3198 2312 3446 2369 Sosannae
3468 2315 3729 2387 [Joannes
3752 2316 3803 2390 1,
3842 2329 3905 2372 ut

2352 2401 2485 2462 puto
2504 2429 2521 2457 ,
2550 2393 2925 2458 Damascenus,
2956 2401 3014 2446 ut
3040 2410 3106 2446 ex
3148 2393 3489 2466 inscriptione
3510 2405 3743 2468 apparet.
3818 2397 3905 2452 Sic

2351 2470 2509 2524 etiam
2534 2469 2661 2533 Ἆπις
2677 2509 2693 2535 ,
2720 2487 2914 2524 nomen
2944 2472 3218 2544 proprium
3235 2511 3251 2538 ,
3275 2472 3369 2526 ubi
3400 2491 3574 2528 sermo
3600 2484 3680 2528 est
3701 2472 3769 2528 de
3800 2479 3902 2531 Ar-

2351 2549 2595 2616 cadibus,
2624 2549 2709 2605 alii
2740 2568 2835 2622 per
2875 2552 2905 2602 δ
2929 2549 3193 2606 declinant
3224 2551 3442 2619 Ἄπιδος,
3471 2563 3531 2607 ut
3554 2553 3783 2624 Πάριδος,
3814 2554 3900 2608 alii

2352 2647 2479 2683 vero
2516 2629 2573 2684 id
2614 2628 2941 2684 conformant
2974 2629 3041 2684 nd
3082 2633 3377 2706 exemplum
3420 2632 3779 2688 declinationis
3812 2639 3903 2688 τοῦ

2351 2709 2535 2780 ὄφεως,
2581 2709 2775 2783 quippe
2798 2710 2889 2783 qui
2924 2709 3185 2766 declinent
3220 2711 3418 2775 Ἀπεως.
3460 2713 3692 2783 Quidam
3728 2723 3903 2768 tamen

2348 2786 2610 2843 declinant
2628 2805 2723 2860 per
2756 2807 2789 2855 η
2806 2827 2823 2854 ,
2846 2788 3027 2860 Τίγρης
3064 2789 3333 2863 Τίγρητος,
3371 2809 3520 2846 more
3554 2791 3901 2846 iambicorum

2346 2867 2403 2920 in
2428 2887 2513 2935 ης.
2614 2867 2718 2922 Alii
2737 2868 2959 2940 primam
2977 2868 3218 2924 scribunt
3236 2888 3333 2943 per
3362 2891 3417 2937 π,
3446 2881 3605 2944 atque
3628 2871 3741 2926 baec
3762 2874 3913 2926 scri-·

2343 2952 2501 3014 ptura
2524 2951 2642 2997 tum
2665 2940 2805 3015 apud
2820 2942 3089 2998 sulianum
3122 2945 3408 3012 invenitur,
3430 2955 3548 3000 tum
3574 2947 3733 3000 etiam
3756 2946 3898 3019 apud

2343 3017 2627 3071 Arrianum
2666 3015 2733 3070 de
2765 3015 2921 3070 rebus
2970 3017 3258 3074 Alexandri
3296 3023 3317 3088 (
3347 3035 3399 3086 7,
3447 3037 3501 3089 7,
3558 3023 3651 3085 6).
3726 3017 3911 3074 Multa.

2342 3093 2485 3144 enim
2506 3101 2825 3145 vetustorum
2852 3090 3227 3164 exemplarium
3249 3093 3325 3146 sic
3347 3090 3541 3146 babent
3566 3108 3580 3145 :
3626 3117 3648 3138 υ
3682 3091 3896 3145 Fluvio·

2341 3182 2463 3218 rum
2485 3164 2765 3237 Euphratis
2797 3173 2955 3235 atque
2988 3165 3047 3217 Pi
3143 3165 3235 3229 tis,
3268 3166 3362 3236 qui
3384 3163 3611 3220 mediam
3631 3166 3767 3219 inter
3788 3183 3898 3220 sese

2339 3241 2603 3311 Assyriam
2645 3236 2927 3302 dirimunt,
2968 3255 3043 3290 un
3082 3255 3113 3290 e
3134 3239 3292 3292 etiam
3320 3238 3699 3310 Moeopotamia
3716 3237 3783 3292 ab
3816 3239 3897 3291 in-

2339 3311 2464 3366 colis
2500 3314 2771 3376 vocitatur,
2802 3312 2913 3384 ipsc
2944 3309 3163 3382 quidem
3201 3312 3382 3382 Pigres
3432 3310 3601 3365 multo
3644 3309 3899 3364 humilior

2335 3396 2415 3440 est
2442 3387 2725 3458 Euphrate.
2772 3405 2795 3434 ν
2842 3387 2937 3438 Est
2980 3394 3157 3438 autem
3191 3385 3367 3455 Tigris
3411 3385 3569 3438 etiam
3596 3385 3764 3438 amnis
3803 3383 3896 3438 Pa-

2334 3461 2699 3532 pbhgonicus,
2746 3458 2815 3513 de
2864 3475 2971 3530 quo
3021 3458 3095 3513 its
3160 3456 3463 3530 Xeuopbon
3506 3475 3522 3513 t
3574 3481 3598 3504 ι
3650 3459 3891 3511 Primum

2331 3533 2777 3591 Thermodontem
2834 3530 3111 3586 latitudine
3167 3533 3330 3586 trium
3372 3530 3621 3604 jugerum
3640 3571 3656 3595 ,
3709 3548 3895 3586 sccun-

2332 3608 2461 3666 dum
2499 3611 2697 3682 Tifirim
2744 3608 2905 3664 trium
2931 3607 3171 3662 similiter
3198 3606 3449 3679 jugerum
3465 3646 3483 3673 ,
3530 3606 3743 3661 tertium
3786 3607 3891 3660 Ha-

2330 3685 2437 3758 lyn.
2464 3711 2487 3733 ι·
2564 3683 2801 3740 Declinat
2825 3693 2998 3739 autem
3018 3683 3105 3737 hic
3126 3699 3340 3756 quoque
3356 3700 3481 3736 eum
3503 3699 3599 3755 per
3620 3699 3648 3734 0
3671 3698 3888 3755 purum.

2331 3761 2629 3816 Herodotus
2649 3777 2862 3832 quoque
2892 3757 2990 3830 (⁵,
3024 3757 3127 3826 52)
3154 3756 3285 3812 dicit
3320 3775 3431 3812 non
3456 3774 3629 3812 unum
3659 3773 3771 3810 osse
3792 3757 3889 3810 Ti·

2330 3839 2493 3910 grim,
2518 3835 2611 3892 sed
2634 3837 2789 3890 etiam
2822 3830 3115 3890 secundum
3150 3843 3205 3886 et
3236 3833 3453 3888 tertium
3469 3872 3486 3900 ,
3516 3849 3628 3886 non
3658 3830 3889 3886 eundem

2329 3924 2496 3977 certe,
2542 3929 2714 3986 neque
2756 3929 2821 3966 ex
2858 3908 3049 3964 eodem
3077 3907 3223 3963 fonte
3256 3908 3509 3962 fluentem
3522 3947 3538 3974 ,
3574 3905 3667 3960 sed
3698 3904 3887 3959 eodem

2330 3990 2541 4044 nomine
2566 3987 2783 4042 dictum.

2400 4071 2524 4138 988.
2552 4065 2794 4120 Thonitis
2827 4062 2969 4116 lacus
3017 4070 3098 4114 est
3137 4060 3371 4114 nitrosus
3418 4060 3475 4112 in
3506 4057 3683 4112 medio
3724 4057 3891 4128 Tigris

2326 4314 2435 4351 om.
2464 4294 2526 4359 d;
2548 4293 2859 4366 προσφέρεται
2883 4292 2959 4356 D,
2988 4289 3227 4361 γράφουσι
3244 4290 3307 4342 L.
3354 4289 3377 4358 ΙΙ
3406 4315 3479 4329 -—
3504 4289 3595 4342 26.
3627 4282 3757 4356 παρὰ
3776 4302 3887 4340 om.

679 4393 733 4431 2.
763 4375 811 4439 ἔς
835 4378 924 4440 H,·
965 4375 1105 4448 εἶχεν
1132 4377 1188 4434 d.
1217 4380 1238 4450 ΙΙ
1274 4382 1416 4445 -4,
1450 4383 1538 4434 τοῦ
1561 4399 1669 4435 om.
1698 4385 1768 4444 C‚·
1795 4379 1915 4435 αὓτδ
1933 4381 2011 4436 Η.
2041 4380 2065 4451 1]
2094 4408 2165 4420 -
2183 4382 2235 4434 6.
2323 4395 2374 4442 r.
2401 4378 2423 4448 ΙΙ
2455 4406 2529 4419 -
2552 4392 2647 4445 27.
2681 4371 2735 4427 δὲ
2756 4391 2865 4427 om.
2890 4369 2947 4427 d.
2982 4371 3006 4442 ΙΙ
3030 4399 3104 4412 —
3132 4386 3224 4441 29.
3248 4371 3338 4424 τοῦ
3360 4377 3483 4422 ante
3508 4367 3657 4439 Πίγρ.
3683 4382 3792 4420 om.
3818 4364 3891 4429 d,-

679 4453 936 4524 ἶπῑὸωλῆς
958 4461 1033 4514 Η.
1067 4459 1088 4528 ΙΙ
1120 4489 1194 4500 ·-
1212 4461 1266 4514 8·
1292 4459 1525 4532 τίγρηςγ.
1550 4460 1575 4530 fl
1599 4489 1674 4502 -
1694 4479 1747 4530 9.
1769 4459 2005 4531 ὠμότητα
2022 4459 2136 4530 12-ss
2168 4488 2240 4498 —
2324 4457 2565 4529 Τίγρητος
2589 4451 2771 4519 codd.;
2792 4469 2897 4506 em.
2923 4449 3144 4505 Salmas.
3166 4448 3235 4504 ad
3265 4447 3432 4504 Solin.
3456 4464 3513 4519 p.
3542 4447 3667 4517 489.
3700 4443 3753 4499 οἳ
3774 4461 3886 4501 om.

685 4550 768 4592 10.
789 4533 906 4608 ῥᾷον
935 4541 992 4600 0,·
1015 4535 1296 4606 είκίσθησαν
1325 4542 1379 4595 C.
1399 4539 1424 4610 ΙΙ
1444 4568 1519 4582 -
1549 4557 1633 4595 11.
1656 4539 1787 4611 παρὰ
1825 4546 1897 4614 τῷ
1924 4542 1972 4597 θ.
1997 4537 2052 4596 d.
2095 4537 2238 4606 ποιή-
2320 4535 2391 4602 d‚·
2421 4534 2635 4608 Ἆσυρίαν
2654 4537 2715 4601 L,
2742 4532 2839 4606 2¹⁰?

2844 4532 2917 4586 ίαν
2939 4531 3094 4586 editt.
3118 4529 3363 4599 Arriam„
3386 4556 3461 4569 —
3476 4527 3564 4583 3ο.
3582 4525 3739 4598 πρὸς]
3758 4523 3890 4597 παρὰ

681 4630 781 4665 ⁰²¹⁹
807 4618 891 4684 01⁰2
926 4614 1123 4681 Μῑῆσαῑ
1145 4625 1268 4669 cett·
1304 4617 1326 4688 ΙΙ
1360 4647 1434 4660 -
1478 4635 1563 4672 12.
1585 4618 1760 4689 θρυλλ.
1794 4621 1944 4676 CLY.
1983 4620 2004 4690 ΙΙ
2035 4647 2110 4660 --
2146 4623 2234 4685 14.
2313 4633 2373 4685 y,-
2399 4613 2656 4687 ἔπιχώρων
2690 4617 2749 4669 0.
2794 4611 2819 4682 ΙΙ
2844 4610 3023 4664 -32,
3062 4608 3281 4680 Πίγρης]
3312 4605 3468 4661 sich.
3492 4603 3531 4658 l.
3562 4607 3677 4668 CK,
3709 4602 3892 4674 Τίγρης

679 4690 852 4760 κλῆσις
879 4697 936 4750 G.
960 4694 984 4765 u
1005 4724 1078 4736 —
1102 4695 1188 4749 15.
1205 4697 1349 4750 δοκεῖ
1375 4696 1538 4765 Hdm,
1554 4697 1711 4766 δηλοῖ
1722 4698 1864 4769 vulg.
1889 4708 2010 4752 ante
2035 4697 2232 4755 Bemh.
2320 4705 2457 4752 oett..
2472 4697 2495 4765 11
2522 4723 2596 4736 —
2613 4693 2701 4749 33.
2729 4690 2981 4762 Εὗφρᾶτης
3005 4693 3063 4752 0.·
3088 4689 3271 4759 Τίγρης
3294 4689 3382 4757 QY-
3417 4708 3441 4731 ⁸
3472 4686 3757 4754 Pet-peram
3777 4683 3890 4736 Eu·

687 4769 710 4840 ΙΙ
747 4799 820 4817 -ε
856 4775 942 4828 16.
981 4771 1047 4836 ιὐς
1075 4774 1323 4846 θυμήρεως
1351 4773 1412 4833 el.
1443 4777 1466 4847 11
1509 4793 1696 4846 -ἰ7.
1727 4775 1966 4849 Τίγρητος
1991 4777 2048 4830 in
2079 4775 2228 4830 editt.
2320 4773 2541 4828 stathius
2556 4769 2699 4826 istud
2722 4769 2920 4823 flumen
2946 4785 2977 4822 e
2996 4767 3259 4839 corruptis
3279 4761 3680 4858 Xenophontem
3711 4759 3885 4816 Anab-

679 4850 912 4905 An'hffi·
935 4853 957 4921 ll
979 4881 1053 4892 -·
1078 4855 1160 4908 ¹⁸·
1187 4853 1447 4923 Σωσάννης
1467 4854 1582 4926 cdy,
1611 4855 1843 4926 Σωσάνης
1868 4859 1980 4922 CH,
2009 4853 2230 4909 Σωσάνι-
2321 4851 2374 4918 5,
2433 4857 2488 4920 6,
2560 4871 2593 4922 9
2638 4847 2906 4904 codicibus
2969 4844 3207 4916 collegit,
3268 4843 3363 4897 ub1
3426 4840 3554 4913 Ἶριν
3620 4837 3884 4910 vulgatur.

677 4925 762 4989 δος
799 4928 960 5001 vulgo
980 4942 1102 4985 ente
1133 4932 1338 4992 Bernh.
1369 4935 1627 5006 Deinceps
1653 4937 1828 4989 nescio
1871 4953 1940 4990 an
1979 4933 2234 4990 exciderit

685 5003 919 5076 Ἰωάννης
932 5027 950 5075 3
999 5021 1140 5066 certe
1183 5015 1438 5066 Joannem
1474 5015 1858 5069 Damascenum
1902 5013 2229 5086 hymnorum

675 5083 1145 5144 ecclesiasticorum
1191 5101 1456 5146 auctorem
1500 5091 1899 5164 intelligendum.
1934 5111 2045 5147 csse
2089 5101 2230 5146 recte

673 5177 999 5221 monuerunt
1021 5167 1326 5226 Hoistenius
1352 5181 1405 5225 et
1421 5171 1808 5245 Bernhardyus.
1843 5173 1866 5244 11
1891 5203 1965 5215 —-
2002 5189 2094 5227 20.
2137 5169 2230 5224 λό-

677 5263 780 5317 γοις
803 5264 914 5304 om.
937 5266 998 5320 y.
1035 5249 1058 5320 ΙΙ
1089 5279 1166 5292 -·
1189 5265 1280 5307 21.
1310 5248 1433 5305 κατὰ
1466 5268 1575 5309 om.
1605 5254 1682 5316 L,·
1705 5251 1892 5326 κλίσιν]
1917 5251 2105 5320 κίνησιν
2138 5254 2230 5306 CD

677 5326 790 5381 ΛΠ..
817 5327 844 5397 ἥ
867 5356 940 5369 ·-—
961 5327 1050 5383 23.
1073 5328 1198 5393 τινὶς
1216 5329 1271 5384 δὲ
1287 5329 1504 5386 κλίνουσι
1522 5329 1604 5385 διὰ
1631 5334 1718 5386 τοῦ
1745 5351 1784 5400 η
1802 5329 1859 5386 d.
1892 5332 1913 5403 [Ι
1943 5334 2122 5396 -2-4.
2144 5329 2229 5384 καὶ

2317 4933 2531 4986 an.
2558 4930 2693 5001 »u—
2710 4927 2797 4982 35.
2816 4929 2988 4980 τοῦτον
3012 4942 3123 4979 om.
3141 4927 3205 4986 L,·
3227 4924 3317 4977 τοῦ
3334 4921 3396 4993 ο]
3423 4944 3448 4968 ι
3468 4917 3603 4975 Δῑὶἀ
3621 4935 3883 4989 nusquam

2318 5010 2461 5082 apud
2476 5007 2879 5081 Xenophontem
2898 5013 3101 5058 exstare
3127 5003 3502 5074 comperimus,
3523 4999 3617 5069 qui
3644 4996 3886 5066 Τίγρητος

2318 5091 2341 5159 (
2354 5108 2480 5144 cum
2496 5107 2609 5144 var.
2632 5087 2751 5142 lect.
2780 5077 3056 5157 Πίγρητος)
3080 5082 3370 5155 usurpavit.
3399 5101 3423 5130 ν
3455 5081 3667 5133 Benna.
3700 5075 3753 5129 δὲ
3768 5093 3879 5130 om.

2320 5171 2375 5225 C.
2418 5169 2443 5241 ΙΙ
2473 5196 2546 5212 -
2577 5167 2664 5236 37.
2699 5165 2847 5238 μόνον
2879 5167 2949 5228 C,-
2984 5162 3166 5234 Τίγρης
3185 5164 3261 5218 Η.
3300 5159 3323 5230 ΙΙ
3368 5187 3439 5202 -
3477 5155 3566 5214 38.
3597 5155 3627 5210 ὁ
3662 5153 3715 5208 δὲ
3741 5151 3885 5217 αὗτδς

2316 5252 2398 5307 Μ.
2428 5251 2451 5321 ΙΙ
2474 5279 2544 5290 -
2566 5252 2655 5313 4ο.
2690 5245 2908 5312 Θωνίτης
2931 5247 3030 5316 cy,-
3055 5240 3281 5297 debebat
3306 5239 3555 5304 θωπΐτινς
3581 5234 3616 5304 ἣ
3656 5233 3794 5292 Θων.
3824 5233 3879 5288 λ.

2316 5327 2419 5384 ἐστὶ
2440 5346 2553 5389 om.
2575 5331 2653 5394 N,·
2667 5324 2789 5381 κατὰ
2816 5325 2961 5398 μέσον
2982 5322 3200 5394 cmmy,
3224 5318 3352 5377 κατὰ
3376 5319 3523 5392 μέσον
3540 5315 3657 5380 εΙὶίς
3682 5313 3878 5386 κειμένη

3610 5411 3682 5458 25.
