4584 6284
2166 509 2546 579 EUSTATffl
2557 522 2581 580 1

752 707 1170 790 σασθαι,ῖίρειαν
1194 717 1289 774 τοῦ
1308 714 1556 787 Θηὸαίου
1578 720 1723 789 Διός.
1751 722 2053 804 Ἱστόρηται
2068 729 2122 790 δὲ
2140 733 2231 793 καὶ
2245 733 2325 795 ὅτι
2408 739 2502 795 boei
2527 743 2670 798 Jovis
2700 748 3022 808 sacerdotem
3039 795 3056 821 ,
3081 760 3431 818 constituisse.
3457 766 3687 824 Narrant
3711 725 3970 844 pr’aeterm

750 793 1083 881 Ἀλόξανδρος
1102 804 1131 860 ὁ
1160 804 1427 864 Μακεδὼν
1450 807 1679 877 ἀκούσας
1700 811 1913 891 Περσέα
1939 817 2031 874 καὶ
2050 815 2323 900 Ἡρακλέα

749 885 823 951 εἶς
848 884 1130 965 Ἄμμωνος
1169 888 1437 964 ἀναὸἥναι
1464 895 1826 976 ἔφιλοδόξησεν
1857 903 2091 964 ἀνελθεῖν
2113 909 2203 969 καὶ
2227 913 2326 970 αὖ·

696 985 723 1023 5
749 969 866 1044 τὸς,
922 973 1013 1033 καὶ
1054 977 1306 1049 ἐποίησεν
1352 977 1524 1054 οὕτω,
1586 985 1825 1065 κοράκων
1874 993 2322 1070 προηγησαμένων

748 1060 894 1142 αὐτῷ
921 1065 1157 1145 εὐτυχῶς
1188 1069 1285 1143 τῆς
1330 1072 1485 1148 ὁδοῦ,
1528 1070 1702 1133 καίτοι
1749 1075 1921 1146 ἄλλως
1964 1081 2324 1162 ἠφανισμένης

744 1144 814 1206 τὰ
832 1159 1033 1227 σημεῖα
1054 1156 1122 1234 τῇ
1141 1154 1383 1236 ἰπιχῦσει
1400 1161 1494 1230 τ’ἤς
1523 1159 1721 1238 ἄμμου·
1752 1161 1865 1237 ὅτε,
1894 1167 2046 1248 φασὶ,
2070 1172 2160 1229 καὶ
2180 1175 2209 1232 δ
2231 1179 2322 1234 τοῦ

743 1231 1029 1313 Ἄμμωνος
1055 1239 1222 1321 ῖερεὺς
1258 1245 1378 1306 ἀντὶ
1398 1251 1492 1306 τοῦ
1520 1247 1684 1308 εἰπεῖν
1712 1251 1919 1312 παιδίον
1939 1254 2142 1324 παιδίος
2161 1259 2323 1318 καλέ-

746 1346 843 1392 σας
864 1326 1203 1408 βαρὸαρικῶς
1217 1332 1307 1391 τὸν
1323 1333 1680 1414 Ἀλέξανδρον,
1696 1337 1885 1419 ἔδοξεν,
1908 1343 1977 1410 ὡς
2000 1343 2052 1402 ἔν
2076 1353 2318 1425 χρησμοῦ

668 1419 722 1462 10
744 1409 1024 1486 λοξότητι,
1057 1405 1103 1506 ᾧ
1149 1426 1249 1478 παῖ
1289 1421 1413 1490 Διός
1459 1423 1614 1484 αὐτὸν
1660 1436 1995 1506 προσειπεῖν,
2033 1433 2166 1490 οὕτω
2212 1439 2318 1494 τῶν

745 1498 1071 1579 ἕπιτρίπτων
1110 1506 1352 1568 κολάκων
1384 1509 1753 1592 ἔκλαὸομένων
1802 1513 1861 1574 τὸ
1903 1515 2170 1601 βᾶρὸαρον
2222 1527 2318 1595 τῆς

746 1607 942 1667 φωνης.

825 1695 927 1738 212.
968 1672 1100 1738 Ὅτι
1126 1679 1222 1754 τὴν
1253 1684 1497 1766 Κυρήνην
1524 1687 1745 1750 εὔιππον
1782 1689 1960 1771 λε’γει,
1990 1690 2025 1765 ἢ
2056 1693 2310 1777 εὔπυργον

748 1764 888 1824 κατὰ
917 1764 1099 1847 ἑτέραν
1137 1771 1371 1852 γραφὴν,
1400 1775 1492 1834 καὶ
1530 1775 1862 1854 Ἀμυκλαίων
1892 1779 2039 1856 γένος
2079 1782 2279 1863 ἀνδρῶν
2295 1831 2312 1858 ,

664 1861 717 1904 1⁸
744 1851 866 1926 ἤτοι
894 1854 1185 1932 Λακώνων,
1207 1861 1280 1927 ὣς
1303 1860 1409 1922 ἀπὸ
1432 1863 1641 1943 με’ρους.
1728 1865 1893 1945 Μερὶς
1916 1866 2020 1950 γὰρ
2045 1869 2313 1930 Λακώνων

744 1945 802 2003 αῖ
826 1942 1104 2022 Ἀμύκλαι.
1193 1946 1434 2012 ’Λποικία
1464 1952 1523 2014 δι’
1550 1955 1691 2014 ἐστιν
1720 1958 1754 2028 ἡ
1798 1959 2015 2038 Κυρήνη
2042 1965 2310 2032 νησιωτῶν

747 2031 1003 2112 Θηραίων
1027 2035 1134 2093 τῶν
1167 2037 1229 2096 ἔκ
1255 2039 1649 2118 Λακεδαίμονος
1680 2041 1928 2102 ἀνέκαθεν
1956 2046 2308 2122 μετοικησάν-

741 2139 871 2180 των.
955 2116 1020 2181 Ὁ
1046 2120 1232 2198 Θήρας
1255 2123 1359 2206 γὰρ
1386 2127 1577 2197 ἐκεῖνος
1599 2131 1628 2188 ὁ
1655 2131 1860 2198 στείλας
1878 2133 1949 2200 εἷς
1971 2132 2133 2206 αὐτὴν
2154 2137 2308 2196 ἀποι-

742 2205 865 2268 κίαν
896 2209 1088 2272 Λάκων
1117 2211 1311 2276 ἄνωθεν
1356 2209 1453 2291 ἦν,
1485 2219 1559 2286 ὡς
1587 2219 1677 2279 καὶ
1718 2218 1979 2301 Πίνδαρος
2002 2225 2233 2303 ἱστορεῖ,
2276 2229 2306 2284 ὁ

656 2317 713 2358 2ο
736 2296 831 2358 καὶ
853 2297 1073 2364 εὔιππον
1098 2291 1233 2363 εἶναι
1255 2303 1351 2379 τὴν
1383 2307 1632 2390 Κυρήνην
1663 2313 1944 2391 μαρτυρῶν
1977 2312 2069 2372 καὶ
2095 2317 2302 2374 πολλα-

734 2395 835 2469 χοῦ
864 2389 1204 2468 ἐγκωμιάζων
1235 2393 1418 2468 αὐτήν.
1524 2396 1807 2460 Ἐκαλεῖτο
1826 2398 1991 2462 δὲκαὶ
2023 2401 2300 2464 Πεντάπυ-

734 2477 816 2544 λις
846 2482 879 2550 ἡ
908 2478 1161 2559 Κυρήνη,
1184 2479 1237 2551 ἔξ
1254 2473 1320 2556 ἧς
1336 2483 1428 2543 καὶ
1451 2487 1480 2543 ὁ
1508 2483 1685 2566 ῥήτωρ
1716 2485 1987 2557 Συνέσιος.
2072 2491 2300 2570 Λέγεται

732 2563 790 2624 δὲ
818 2565 898 2627 ὅτι
920 2567 1012 2627 καὶ
1039 2567 1173 2643 αὕτη
1196 2615 1213 2646 ,
1258 2572 1655 2654 καθαιρεθείσης
1682 2577 1777 2646 τῆς
1815 2579 1920 2634 τῶν
1954 2579 2171 2656 Περσῶν
2200 2582 2298 2658 βα-

726 2652 957 2729 σιλείας,
985 2655 1087 2716 ὑπὸ
1118 2656 1455 2740 Ἀλεξάνδρου
1480 2661 1785 2735 ἅνεκτίσθη.
1820 2661 2062 2738 Ἐκλήθη
2095 2666 2149 2724 δὲ
2182 2669 2296 2728 Κυ-

648 2763 704 2805 as
732 2740 865 2820 ρήνη
892 2739 928 2815 ἢ
954 2743 1061 2804 ἀπὸ
1090 2746 1339 2826 Κυρήνης
1364 2751 1461 2820 τῆς
1478 2747 1690 2832 Ὗψίως
1721 2752 1972 2832 θυγατρὸς
1993 2752 2134 2814 κατὰ
2166 2755 2296 2815 Πίν-

724 2830 917 2910 δαρον,
938 2829 975 2904 ἢ
1010 2832 1117 2892 ἀπὸ
1142 2835 1325 2915 Κυρῆς
1361 2842 1537 2915 πηγῆς
1568 2837 1848 2918 ἐγχωρίου.
1933 2839 2197 2920 Λέγονται
2238 2843 2296 2902 δι’

722 2941 851 2979 ποτε
879 2921 927 2980 οῖ
957 2923 1249 3003 Κυρηναῖοι
1294 2925 1389 2985 καὶ
1430 2924 1557 3008 περὶ
1586 2924 1826 3005 ἰατρικὴν
1872 2929 2188 3010 εὐτυχῆσαι,
2226 2935 2296 2998 ὡς

719 3003 1000 3085 Ἡρόδοτος
1041 3012 1259 3091 ἱστορεῖ.
1346 3011 1507 3073 Οὕτω
1558 3013 1611 3073 δὲ
1661 3015 2001 3095 εὐφορωτοίτη
2049 3016 2191 3078 ἐστὶν
2258 3026 2291 3091 ἡ

720 3096 977 3176 Κυρήνη,
1016 3097 1153 3159 ὥστε
1182 3100 1270 3160 ἐπὶ
1307 3099 1450 3160 ὀκτὼ
1486 3104 1657 3180 μῆνας
1686 3102 1797 3183 ἔχει
1826 3102 1944 3172 τούς
1964 3107 2296 3187 Κυρηναίους

641 3198 695 3241 ³0
720 3182 755 3252 ἡ
775 3180 983 3262 ὀπώρα.
1084 3181 1250 3248 Ἔστι
1286 3187 1342 3246 δὲ
1384 3187 1477 3248 καὶ
1505 3189 1676 3271 κρήνη
1702 3213 1783 3259 τις
1812 3191 1991 3251 αὐτόθι
2034 3193 2291 3271 λεγομένη

722 3266 1082 3346 Ἀπόλλωνος,
1099 3273 1192 3332 καὶ
1213 3273 1372 3344 τόπος
1401 3276 1581 3336 αὐτόθι
1604 3274 1770 3346 οὕτως
1797 3278 2079 3357 εὐδαίμων,
2107 3285 2180 3350 ὣς
2199 3282 2288 3341 λό-

720 3375 813 3430 γον
838 3346 973 3416 εἶναι
998 3354 1079 3416 ὅτι
1104 3361 1327 3420 ἐνταῦθα
1350 3365 1565 3440 οὐρανὸς
1598 3363 1867 3445 τέτρηται.

804 3461 906 3504 214.
948 3443 1081 3504 Ὅτι
1110 3448 1173 3506 τὸ
1209 3447 1351 3516 ἔθνος
1390 3453 1439 3509 οἱ
1486 3451 1842 3532 Μαρμαρίδαι
1885 3455 2289 3534 προνενεῦκασιν

726 3530 1027 3610 Αἰγύπτου,
1064 3533 1185 3606 ἤτοι
1213 3535 1315 3618 πρὸ
1360 3541 1457 3610 τῆς
1505 3539 1780 3620 Αἷγύπτου
1819 3542 2089 3604 τέτανται.
2174 3547 2290 3606 Κα-

644 3634 699 3676 ⁸⁶
726 3617 939 3681 λοῦνται
972 3623 1027 3682 δὲ
1056 3622 1222 3692 οὕτως
1243 3625 1349 3686 ἀπὸ
1377 3628 1734 3712 Μαρμαρίδου
1759 3629 1895 3700 τινὸς
1914 3633 2025 3693 υἱοῦ
2050 3630 2291 3714 Ἄραὸος,

724 3708 818 3769 καὶ
838 3715 872 3783 ἡ
892 3712 1047 3795 χώρα
1074 3717 1247 3774 αὐτῶν
1276 3716 1633 3799 Μαρμαρική.

806 3820 904 3862 2η.
931 3799 1058 3864 Ὅτι
1082 3805 1362 3867 Γαιτοῦλοι
1381 3805 1523 3876 ἔθνος
1544 3807 1791 3888 μέγιστον
1814 3809 2066 3874 Λιὸυκόν.
2146 3812 2289 3874 Τού-

720 3911 843 3958 τους
870 3891 1250 3977 Ἀρτεμίδωρος
1274 3897 1612 3969 Γαιτουλίους
1642 3899 1804 3980 λέγει.
1888 3898 2213 3984 Ἡρωδιανὸς
2232 3901 2287 3964 δὲ

720 3982 1137 4061 προπαροξύνει,
1186 3985 1355 4065 λέγων
1394 3987 1476 4046 ὅτι
1514 3987 1584 4047 τὰ
1616 3990 1693 4056 εἰς
1738 3991 1827 4060 λος
1866 3991 2282 4073 παραληγόμενα

636 4079 696 4124 ω
721 4066 983 4152 διρθόγγῳ
1008 4077 1079 4154 τῇ
1117 4073 1204 4133 διὰ
1229 4080 1321 4136 τοῦ
1342 4099 1401 4136 ου
1420 4077 1890 4160 προπαροξύνεται.
1976 4079 2288 4166 Ἱστορεῖται

716 4156 771 4216 δὲ
797 4159 1073 4238 μεγίστους
1091 4163 1431 4245 ἀσπαράγους
1459 4165 1678 4248 (ρῦεσθαι
1704 4172 1832 4250 παρ’
1860 4172 2051 4240 αὐτοῖς.

794 4265 891 4308 2ι7.
932 4244 1063 4311 Ὅτι
1090 4253 1137 4309 οἳ
1168 4253 1518 4334 Γαράμαντες
1562 4254 1835 4336 ἐπώνυμοί
1872 4261 2004 4320 εἶσιν
2046 4261 2116 4327 ὥς
2146 4283 2280 4338 προ-

715 4335 919 4416 είρηται
946 4341 1296 4420 Γαράμαντός
1322 4367 1481 4414 τινος.
1522 4339 1529 4344 ’
1604 4337 1770 4407 Οὗτοι
1808 4346 1985 4408 πάντα
2011 4346 2284 4429 ἄνθρωπον

712 4424 805 4488 καὶ
828 4427 1020 4497 παντὸς
1048 4433 1261 4508 ὁμιλίαν
1299 4427 1506 4516 φεύγειν
1546 4435 1819 4513 λέγονται,
1863 4436 1955 4496 καὶ
1984 4435 2102 4498 οὔτε
2130 4435 2271 4498 ὅπλα

710 4662 899 4718 Strabo
926 4681 983 4736 p.
1013 4669 1143 4732 8143
1174 4669 1441 4726 Plutarch.
1471 4669 1622 4725 Alex.
1652 4686 1741 4739 27.
1769 4672 1793 4739 ΙΙ
1835 4700 1910 4712 -
1932 4674 1986 4735 4.
2016 4672 2101 4724 καὶ
2134 4668 2277 4733 αὐτός

708 4761 816 4797 om.
835 4747 898 4798 L.
918 4744 1096 4816 11-7.
1114 4751 1203 4800 τοῦ
1220 4748 1389 4820 ἄμμου
1411 4748 1563 4806 CEd.
1592 4750 1707 4827 11-ss-
1734 4749 1817 4804 13.
1840 4747 2112 4822 εὔπυργον]
2134 4748 2276 4804 εὔαν-

707 4824 826 4897 δρον
856 4842 966 4884 var.
998 4826 1117 4882 leet.
1147 4845 1235 4900 ap.
1269 4829 1334 4882 R.
1359 4829 1540 4900 Steph.
1576 4829 1599 4902 Π
1629 4858 1703 4871 -
1733 4845 1819 4899 19.
1849 4828 2073 4901 ἄνωθεν]
2106 4828 2277 4884 ἁνίκα·-

706 4904 791 4960 θεν
818 4905 927 4964 Ed.
952 4907 1159 4963 Deinde
1186 4909 1253 4971 ὡς
1288 4908 1316 4962 ὁ
1343 4908 1406 4963 Π.
1437 4909 1629 4982 ἱστορεῖ
1649 4908 1732 4964 καὶ
1766 4915 1818 4967 C.
1850 4910 1873 4981 ΙΙ
1902 4939 1978 4953 -
1998 4925 2088 4966 21.
2122 4905 2274 4974 αὐτήν

702 5002 815 5042 om.
846 4989 1015 5058 041-
1031 5004 1119 5043 22.
1141 4989 1225 5042 καὶ
1240 4999 1363 5043 ante
1379 4988 1408 5042 ὁ
1425 5007 1535 5045 om.
1562 4988 1619 5047 d.
1645 4992 1667 5061 ΙΙ
1694 5021 1767 5032 -
1784 4994 1871 5054 24.
1898 4989 2093 5058 ἐκτίσθη
2119 4991 2273 5043 CDL.

707 5063 811 5133 ΙΙ-
838 5070 929 5122 26.
956 5067 1145 5141 Κόρης]
1170 5066 1391 5141 Κυρήνης
1408 5066 1564 5124 codd.
1572 5090 1590 5136 3
1609 5067 1739 5124 illud
1755 5080 1899 5125 recte
1913 5069 2207 5142 Stephanus
2224 5086 2271 5121 s.

698 5161 755 5197 v.
774 5143 994 5217 Κυρήνη.
1008 5165 1073 5202 ex
1088 5165 1197 5220 quo
1219 5165 1313 5202 sua
1339 5146 1664 5221 deprompsit
1681 5149 2003 5206 Eustathius.
2029 5147 2275 5220 ἐγχωρίοις

702 5224 1061 5281 cDLKYdlm
1092 5237 1145 5281 et
1172 5225 1331 5286 codd.
1365 5225 1547 5300 steph.
1582 5227 1607 5298 ss
1634 5257 1708 5270 —-
1729 5244 1819 5299 27.
1844 5246 1964 5283 ποτε
2002 5227 2088 5281 καὶ
2111 5226 2160 5282 οῖ
2188 5232 2239 5283 Ε
2250 5268 2264 5283 .

706 5303 729 5374 ΙΙ
755 5334 827 5345 -
856 5305 945 5362 28.
974 5304 1147 5378 ἓμφορ.
1174 5311 1225 5363 C.
1268 5308 1289 5377 ΙΙ
1321 5337 1395 5349 —-
1417 5323 1507 5378 29.
1528 5307 1655 5362 ὥστε
1676 5307 1759 5361 καὶ
1782 5305 1860 5363 ἐπὶ
1883 5312 1921 5364 L
1940 5327 1961 5370 ,-
1990 5305 2125 5380 ἔχειν
2152 5311 2215 5362 L.
2245 5305 2267 5376 ΙΙ

2408 827 2761 888 Alexandrum
2809 837 3152 897 Macedonem
3169 883 3186 910 ,
3243 864 3414 918 quum
3476 850 3638 910 fando
3686 861 3971 933 accepisset

2406 916 2656 974 Perseum
2715 933 2872 996 atque
2923 927 3202 986 Herculem
3253 933 3321 990 ad
3371 941 3652 996 Ammonis
3709 948 3967 1022 templum

2406 1005 2588 1073 ivisse,
2623 1008 2799 1080 gloriae
2824 1013 3000 1070 studio
3025 1035 3334 1076 succensum
3355 1023 3532 1096 ipsum
3561 1046 3776 1103 quoque
3799 1051 3866 1090 eo
3890 1037 3970 1092 ire

2407 1093 2655 1164 voluisse,
2687 1101 2861 1173 itaque
2889 1103 3086 1174 fecisse,
3117 1107 3258 1164 viam
3288 1111 3338 1166 ei
3379 1115 3552 1169 corvis
3579 1115 3800 1176 feliciter
3828 1141 3964 1196 prae-

2405 1183 2649 1239 cuntibus
2664 1226 2681 1252 ‚
2728 1192 2932 1246 tametsi
2978 1193 3210 1268 alioquin
3256 1201 3461 1256 viarum
3501 1207 3734 1276 vestigia,
3785 1210 3967 1267 affusis

2403 1272 2603 1338 arenis,
2644 1274 2809 1333 deleta
2844 1293 3032 1338 oesent.
3156 1287 3330 1356 Tum,
3376 1287 3655 1363 inquiunt,
3683 1298 3966 1354 Ammonis

2401 1360 2661 1428 sacerdos,
2679 1382 2842 1435 quum
2856 1367 2912 1422 in
2929 1372 3292 1444 compellando
3307 1376 3610 1434 Alexandro
3630 1399 3733 1454 pro
3746 1387 3962 1452 παιδίον,

2402 1445 2670 1504 barbarice
2689 1451 2906 1510 dixisset
2919 1459 3126 1527 παιδίος,
3151 1462 3294 1516 visus
3313 1475 3392 1518 est
3411 1476 3660 1540 tanquam
3685 1472 3742 1526 in
3765 1474 3964 1530 oraculi

2400 1533 2708 1609 ambagibus
2730 1540 2943 1615 oblique
2962 1563 3084 1600 eum
3107 1549 3388 1622 appellasse
3408 1549 3453 1607 ὦ
3481 1558 3580 1608 παῖ’
3596 1556 3728 1623 Διός,
3749 1563 3827 1616 sic
3844 1580 3964 1635 per-

2399 1621 2524 1678 ditis
2545 1624 2904 1687 adulatoribus
2920 1635 3062 1689 vocis
3079 1635 3217 1690 illius
3237 1637 3538 1696 barbariem
3555 1646 3958 1718 accipientibus.

2469 1712 2593 1770 213.
2634 1715 2890 1788 Cyrenem
2916 1717 3046 1775 dicit
3069 1721 3219 1777 bonis
3240 1723 3388 1798 equis
3409 1729 3702 1800 pru-diram
3727 1735 3858 1802 sive,
3901 1750 3963 1794 ut

2397 1793 2483 1847 alii
2526 1796 2765 1853 scribunt
2782 1840 2799 1866 ,
2834 1800 2956 1856 bene
2994 1803 3264 1870 turritam,
3307 1816 3359 1860 et
3385 1810 3768 1880 Amjeloeorum
3799 1838 3962 1888 genus

2395 1873 2650 1944 virorum,
2671 1881 2922 1937 nimirum
2952 1885 3243 1952 Laconum,
3283 1897 3538 1962 tanquam
3564 1909 3597 1946 a
3624 1907 3803 1967 parte3
3837 1919 3962 1976 pars

2395 1961 2536 2016 enim
2562 1965 2831 2020 Laconum
2861 1967 3112 2040 Amyclae.
3145 1970 3365 2027 Colonia
3385 1983 3464 2028 est
3482 1975 3688 2048 Cyrene
3713 1978 3961 2038 Theraeo·

2393 2061 2512 2098 rum
2541 2046 2850 2103 insulan-ium
2878 2051 2973 2123 qui
3005 2050 3134 2108 olim
3164 2072 3196 2108 e
3223 2053 3605 2113 Lacedaemone
3631 2057 3958 2135 demigrave-

2391 2141 2539 2198 rant;
2589 2132 2789 2188 'Pheras
2836 2136 2977 2191 enim
3024 2134 3142 2204 ille,
3197 2140 3290 2212 qui
3343 2140 3398 2194 in
3450 2140 3684 2200 'rueram
3733 2146 3954 2206 insulam

2389 2212 2646 2270 coloniam
2673 2214 2912 2285 deduxit,
2934 2219 3194 2274 oriundus
3220 2231 3334 2276 erat
3349 2240 3380 2276 a
3405 2224 3725 2293 Laconibus,
3757 2241 3818 2285 ut
3836 2234 3958 2288 Pin-

2387 2295 2548 2352 darus
2582 2297 2771 2372 (Py-th.
2806 2305 2838 2367 I.
2862 2303 2885 2372 )
2907 2319 3122 2376 quoque
3144 2303 3341 2369 tradit,
3374 2307 3470 2378 qui
3509 2309 3670 2364 etiam
3698 2314 3849 2386 equis
3875 2317 3956 2370 in·

2386 2380 2584 2451 signem
2603 2383 2842 2457 Cyrenen
2860 2404 2970 2441 esse
2989 2397 3228 2454 testatur,
3255 2405 3480 2462 eamque
3501 2393 3693 2464 passim
3713 2394 3958 2456 laudibus

2383 2464 2627 2522 celebrat.
2701 2467 2804 2524 Sed
2825 2482 3004 2525 vocata
3029 2471 3187 2526 etiam
3210 2473 3416 2544 Cyrene
3437 2485 3518 2529 est
3542 2477 3859 2550 Pentapolis,
3887 2501 3952 2537 ex

2384 2566 2488 2620 qua
2507 2561 2688 2606 orator
2724 2553 2990 2626 synesius.
3021 2553 3168 2609 Hanc
3194 2556 3356 2610 etiam
3383 2556 3591 2624 serunt,
3617 2577 3802 2616 everso
3824 2564 3952 2618 Per·

2382 2651 2559 2688 sarum
2588 2653 2771 2707 regno,
2797 2637 2867 2691 ab
2894 2636 3198 2693 Alexandro
3221 2642 3564 2696 instauratam
3586 2641 3765 2700 fuisse.
3845 2651 3955 2722 Ap-

2381 2717 2566 2791 pellata
2601 2731 2776 2775 autem
2797 2730 2876 2776 est
2913 2721 3118 2795 Cyrene
3143 2721 3227 2777 vel
3261 2741 3294 2778 a
3317 2724 3544 2796 Cyrene,
3592 2727 3792 2799 Hypsei
3821 2728 3946 2798 filia,

2381 2801 2672 2858 secundum
2706 2802 2996 2860 Pindarum
3009 2845 3026 2872 ,
3052 2805 3136 2861 vel
3169 2825 3201 2861 a
3223 2806 3372 2862 sonte
3398 2807 3513 2879 ejus
3534 2808 3637 2865 loci
3666 2813 3821 2885 Cyre.
3853 2817 3951 2869 Di-

2381 2897 2576 2942 cuntur
2609 2888 2736 2943 item
2775 2889 3010 2960 Cyrenaei
3037 2887 3164 2943 olim
3193 2890 3411 2945 scientia
3437 2889 3646 2948 medica
3669 2895 3912 2952 floruisse
3927 2937 3944 2964 ,

2381 2968 2826 3041 quemadmodum
2850 2969 2918 3024 ab
2951 2969 3225 3027 Herodoto
3243 2975 3268 3039 (
3285 2974 3338 3037 3,
3377 2975 3518 3046 131)
3551 2977 3824 3049 proditum
3849 2993 3944 3037 est.

2381 3053 2674 3106 Fructuum
2717 3069 2844 3106 vero
2871 3052 3003 3106 adeo
3033 3053 3180 3108 ferax
3209 3066 3290 3110 est
3323 3057 3555 3129 Cyrene,
3585 3071 3648 3114 ut
3685 3078 3784 3133 per
3818 3075 3942 3118 octo

2381 3152 2584 3188 menses
2607 3132 2844 3189 collectio
2877 3133 3144 3189 fruetuum
3163 3137 3443 3208 Cyrenaeos
3466 3151 3690 3212 occupet
3707 3143 3730 3211 (
3745 3141 3942 3202 Hemd.

2380 3221 2435 3283 4,
2466 3218 2626 3291 199).
2654 3220 2749 3272 Est
2781 3217 2856 3271 ibi
2888 3218 3044 3271 etiam
3071 3217 3220 3284 sons,
3249 3236 3411 3290 quem
3444 3217 3632 3276 dieunt
3653 3221 3906 3296 Apollinis
3923 3265 3939 3292 ,

2379 3301 2628 3374 locusque
2653 3299 2786 3356 adeo
2815 3299 2938 3355 felix
2965 3311 3026 3354 ut
3070 3301 3124 3354 in
3153 3318 3452 3355 sermonem
3479 3300 3759 3358 bominum
3785 3323 3943 3361 vene·

2379 3388 2449 3442 rit
2472 3387 2663 3441 eoelum
2698 3386 2774 3441 ibi
2794 3383 3114 3460 perforatum
3139 3403 3251 3439 esse
3284 3383 3512 3453 (Herod.
3553 3391 3606 3450 4,
3644 3387 3798 3456 158).

2449 3479 2574 3539 214.
2606 3471 2937 3530 Marmaridoe
2958 3490 3082 3544 gens
3117 3473 3372 3528 inclinant
3408 3474 3465 3527 in
3491 3473 3801 3547 AEgyptutm
3831 3475 3940 3529 sive

2378 3573 2501 3619 ante
2525 3563 2807 3635 AEgyptum
2847 3560 3042 3614 extenti
3069 3571 3214 3614 sunt.
3262 3559 3348 3614 Sic
3388 3569 3566 3614 autem
3615 3571 3873 3616 vocantur
3910 3580 3941 3617 a

2377 3649 2696 3706 Marmei-ida
2737 3647 2997 3722 quodam.
3042 3647 3230 3704 Arabis
3273 3647 3414 3716 filio,
3454 3666 3747 3722 eorumque
3795 3649 3941 3722 regio

2376 3739 2706 3795 Marmarica.

2447 3828 2570 3885 215.
2610 3825 2798 3882 Gaetuli
2815 3866 2831 3891 ,
2861 3827 3087 3880 maxima
3109 3844 3234 3898 gens
3263 3825 3482 3898 Libyca.
3509 3827 3620 3880 Hos
3639 3824 3940 3882 Artemido-

2377 3917 2466 3954 rus
2488 3898 2738 3955 Gaetulios
2763 3907 2935 3953 vocat.
2991 3895 3325 3952 Herodianus
3349 3907 3527 3952 autem
3547 3907 3768 3952 accentu
3789 3895 3942 3954 effert

2373 3980 2530 4026 acuto
2556 3970 2610 4023 in
2635 3968 3069 4041 antepenultima,
3110 3967 3201 4022 ubi
3224 3967 3383 4022 docet
3411 3967 3706 4023 desinentia
3731 3967 3789 4022 in
3825 3968 3932 4032 λος,

2374 4059 2492 4115 quae
2513 4043 2568 4095 in
2594 4040 2882 4114 penultima
2901 4037 3288 4111 diphthonoeum
3313 4039 3541 4094 babeant
3567 4058 3646 4107 ον,
3662 4051 3937 4094 accentum

2373 4111 2566 4168 babere
2586 4122 2799 4167 acutum
2822 4112 2879 4164 in
2909 4081 3335 4182 antepenultima.
3380 4110 3636 4166 Traditur
3663 4126 3937 4182 asparagos

2371 4183 2514 4258 apud
2539 4201 2629 4240 eos
2651 4183 2907 4237 maximos
2929 4183 3090 4237 nasci.

2441 4286 2567 4340 217.
2605 4270 2945 4326 Garamantes
2965 4267 3290 4322 denominati
3313 4278 3460 4335 sunt,
3480 4277 3543 4322 ut
3559 4285 3720 4342 supra
3736 4266 3936 4325 dictum

2369 4367 2466 4420 est,
2496 4376 2527 4412 a
2543 4358 2862 4413 Garamante
2885 4353 3136 4428 quodam.
3163 4353 3229 4408 111
3265 4371 3640 4427 quemcunque
3663 4353 3935 4408 bominem

2369 4457 2424 4501 et
2447 4441 2807 4531 cujuscunque
2849 4443 3230 4498 commercium
3254 4441 3434 4513 sugere
3468 4441 3740 4509 dicuntur,
3767 4453 3820 4497 et
3841 4461 3935 4496 ue·

2371 4669 2454 4723 30.
2481 4666 2572 4735 τὴν
2595 4668 2790 4741 ὀπώραν
2811 4673 2878 4733 L,·
2901 4667 3090 4741 ὀπώρας
3111 4666 3166 4724 d.
3194 4665 3280 4729 τὰς
3297 4666 3490 4738 ὀπώρας
3509 4685 3559 4719 v.
3574 4665 3610 4722 1.
3639 4684 3728 4739 ap.
3748 4667 3930 4738 steph.

2374 4750 2574 4821 ΙΙ-31,
2603 4749 2857 4820 τέτρηται]
2876 4749 3097 4803 τέτακται
3115 4751 3177 4802 L.
3199 4749 3280 4800 De
3301 4745 3539 4800 hocloco
3557 4745 3814 4801 Herodoti
3836 4765 3934 4801 nn·

2367 4826 2789 4900 perdisseruitC.
2809 4825 2925 4898 Egli
2945 4826 3002 4881 in
3017 4823 3197 4883 Rhein.
3223 4829 3372 4880 Mus.
3396 4825 3551 4889 1858,
3569 4835 3612 4878 ι.
3635 4823 3787 4896 13,p.
3803 4824 3927 4880 30⁵.

2375 4907 2397 4978 ΙΙ
2425 4907 2690 4964 —33-36.
2715 4908 2831 4962 Hoc
2851 4904 3086 4960 scholion
3113 4905 3170 4958 in
3203 4902 3363 4958 codd.
3393 4901 3584 4973 legitur
3608 4912 3730 4975 post
3750 4902 3926 4957 Schol.

2365 4988 2453 5058 ad.
2485 5006 2539 5045 v.
2570 5005 2694 5057 217.
2723 4983 3367 5060 TransposuitBernbard.
3393 4983 3417 5054 11
3441 5013 3513 5025 -
3537 4983 3626 5054 37.
3647 4983 3760 5054 μέγ.
3792 4981 3931 5043 ἔθνος

2369 5067 2727 5132 DKLY310v.
2753 5065 2860 5121 Λιὸ.
2881 5065 2992 5138 μέγ.
3019 5069 3067 5121 Ε
3074 5065 3175 5134 ΙΙ-
3191 5061 3556 5134 38.Ἀρτεμιδ.]
3580 5064 3657 5117 sic
3678 5061 3920 5134 stephan.

2367 5146 2487 5218 Byz.
2513 5163 2567 5200 v.
2601 5145 2887 5208 Γαιτοῦλοι,
2911 5141 3056 5198 unde
3081 5151 3262 5197 nostra
3278 5141 3442 5214 petita
3468 5150 3624 5205 sunu
3659 5138 3928 5207 Ἀθηνόδω-

2366 5243 2448 5297 ρος
2483 5223 2641 5280 codd.
2681 5223 2958 5279 Eustatbii.
2993 5221 3016 5294 ΙΙ
3063 5251 3139 5264 -
3159 5224 3248 5286 40.
3290 5219 3561 5291 ἱστορεῖται
3611 5224 3694 5288 ᾤ’,
3740 5216 3934 5290 ἱστορεῖ

2365 5313 2488 5358 cett.
2530 5306 2603 5360 V.
2648 5302 2833 5358 Strabo
2871 5319 2929 5376 p.
2974 5303 3097 5373 827.
3127 5298 3425 5356 -Αιῑιειιειιε
3460 5315 3517 5371 p.
3559 5301 3644 5360 62,
3691 5299 3762 5352 Ε.
3778 5295 3821 5367 ἸΙ
3853 5325 3927 5337 —-
