4584 6284
718 540 819 589 15⁴

850 658 1048 731 Ῥήὸας
1066 658 1170 719 ἔνθ’
1195 662 1456 741 ἐρατεινὸν
1482 659 1782 742 έπιπροῒησι
1811 662 2033 745 ῥέεθρον,

729 767 810 808 795
851 742 1055 820 Ῥῆὅας
1075 794 1093 823 ,
1121 748 1176 816 ὃς
1207 748 1430 811 Πόντοιο
1448 748 1595 830 παρὰ
1617 751 1969 827 στομάτεσσιν
2003 752 2188 825 ὁδεύει,

851 834 1083 909 Ῥήὸας,
1107 828 1166 896 οὗ
1194 836 1478 897 κάλλιστον
1500 836 1588 895 ἐπὶ
1605 838 1751 917 χθονὶ
1779 836 1996 918 σύρεται
2023 839 2184 919 ὕδωρ.

927 925 1128 986 Τόσσοι
1156 924 1252 1004 μὲν
1281 927 1506 986 Πόντοιο
1529 924 1822 1004 περικτίται
1845 925 2022 1005 ἄνδρες
2055 926 2190 988 ἔασι·

849 1016 997 1072 κεῖνα
1021 1013 1078 1075 δέ
1093 1038 1172 1074 τοι
1185 1012 1417 1087 Σκυθίης
1427 1012 1816 1095 προλελεγμένα
1829 1016 1969 1096 φῦλα
1989 1014 2244 1075 πελέσθω.

848 1104 959 1163 Νῦν
990 1102 1038 1159 δ’
1069 1093 1138 1161 αὗ
1161 1102 1432 1183 παραλίης
1459 1100 1633 1173 Ἀσίης
1659 1102 1816 1181 πόρον
1844 1102 2160 1181 ἐξενέποιμι,

727 1212 809 1251 wo
841 1190 894 1258 ὅς
943 1190 1011 1271 ῥά
1055 1214 1114 1250 τε
1189 1192 1320 1271 πρὸς
1363 1191 1511 1251 νότον
1560 1181 1686 1250 εἶσιν
1736 1193 1816 1271 ἐφ’
1855 1188 2248 1261 Ἑλλήσποντον

847 1276 938 1338 καὶ
967 1276 1088 1337 ποτὶ
1115 1277 1377 1354 μηκίστου
1399 1278 1564 1337 νότιον
1595 1278 1708 1359 ῥόον
1731 1277 1977 1357 Αἶγαίοιο
1998 1276 2248 1361 matam,

848 1366 1008 1448 μέσφ’
1035 1369 1195 1437 αὐτῆς
1222 1366 1416 1448 Συρίης
1437 1390 1494 1425 τε
1517 1366 1607 1424 καὶ
1630 1364 1874 1447 Ἀραὸίης
1893 1370 2183 1445 ἐρατεινῆς.

850 1452 1137 1521 Χαλκιδέες
1159 1452 1254 1530 μὲν
1282 1457 1466 1534 πρῶτα
1483 1452 1629 1533 παρὰ
1642 1452 1814 1531 στόμα
1832 1462 1986 1530 γαῖαν
2010 1453 2240 1533 ἔχουσιν,

851 1532 1007 1607 οὖδας
1038 1543 1086 1609 ές
1113 1540 1396 1623 ἀντιπέρην
1425 1540 1708 1610 Βυζάντιον
1737 1542 2084 1620 εἰσορόωντες·

724 1647 806 1687 aus
845 1626 1105 1707 Βέὸρυκες
1135 1630 1181 1688 δ’
1212 1628 1300 1689 tui
1325 1638 1460 1689 τοῖσι
1487 1626 1579 1688 καὶ
1601 1626 1758 1707 οὔρεα
1786 1629 2030 1697 Μυσίδας
2061 1630 2200 1706 αἴης,

845 1707 922 1795 57.
925 1715 943 1773 ί
967 1738 1067 1796 περ
1088 1716 1362 1797 ἱμερόεντα
1395 1716 1520 1787 Κίος
1539 1716 1754 1797 προΐησι
1777 1717 1962 1800 ῥέεθρα
1980 1765 1998 1792 ,

851 1808 942 1860 τοῦ
965 1806 1083 1861 ποτ’
1107 1804 1194 1863 ε’πὶ
1221 1809 1515 1883 προχοῇσιν
1537 1800 1711 1865 ε’Υλιεν
1733 1804 2006 1886 ἡρπόξατο
2023 1801 2240 1885 Νύμφη,

844 1888 1063 1969 ὀτρηρὸν
1092 1893 1383 1970 θεράποντα
1411 1891 1667 1971 πελωρίου
1691 1889 2011 1972 Ἡρακλῆος.
2105 1892 2238 1971 [κὼν

843 1970 1037 2037 Ἔνθεν
1076 1978 1154 2060 ἐφ’
1178 1976 1572 2051 Ἑλλήσποντον
1597 1978 1860 2061 ἐπιτρέχει
1887 1981 2109 2048 ἄσπετος
2146 1984 2240 2062 ἀγ-

723 2086 805 2127 ειο
839 2070 1112 2147 βαιοτέρης
1139 2069 1396 2148 Φρυγίης·
1427 2068 1582 2150 έτέρη
1615 2068 1671 2127 δέ
1694 2091 1774 2129 τοι
1796 2066 1962 2129 ἔνδοθι
1989 2077 2184 2145 κεῖται,

842 2180 1334 2316 Ξλςιῖτξεέιξεεέγαὲλζ
1355 2156 2180 2314 ἒεῗιῗῗπρέῗόλξῖγέἶτῐέἷθίται,

838 2323 1154 2399 ἱππόόοτος,
1177 2323 1378 2405 λιπαρή
1406 2342 1484 2384 τε·
1508 2324 1635 2407 πρὸς
1660 2325 1907 2405 ἑσπερίην
1939 2326 1985 2384 δ’
2010 2324 2073 2384 ἂν
2101 2323 2232 2384 ἴδοιο

680 2500 735 2559 C,
761 2494 969 2566 λιπαρδν
983 2495 1154 2565 χθῶνα
1185 2498 1264 2559 D,·
1296 2498 1392 2566 γῆν
1425 2496 1697 2549 ναιετάουσι
1734 2495 1819 2548 καὶ
1842 2513 1897 2566 q.
1941 2495 1964 2564 ΙΙ
2007 2523 2080 2535 -
2107 2497 2230 2564 794.

676 2573 779 2628 ἕνθ’
806 2593 916 2629 om.
941 2594 995 2649 q.
1027 2576 1051 2647 ΙΙ
1085 2606 1158 2617 -
1177 2576 1300 2648 795.
1333 2574 1495 2649 παρὰ]
1529 2575 1651 2647 μετὰ
1675 2581 1746 2632 Η.
1783 2576 1942 2629 Hunc
1961 2592 2037 2628 vs.
2070 2592 2097 2627 e
2124 2592 2230 2627 see.

675 2672 838 2708 manu
853 2654 1129 2727 supplevit.
1167 2656 1189 2727 ΙΙ
1215 2685 1292 2697 -
1322 2660 1447 2727 796.
1469 2657 1570 2710 Hic
1591 2671 1768 2709 versus
1784 2654 1840 2708 in
1871 2656 1977 2713 GK
1997 2654 2120 2707 ante
2153 2671 2228 2709 τε.

672 2733 776 2805 795
809 2733 1020 2802 legitur.
1062 2734 1085 2805 ΙΙ
1127 2767 1182 2777 -—
1211 2738 1334 2805 798.
1353 2738 1458 2799 τοῖς
1480 2736 1549 2799 b,·
1589 2734 1809 2797 Σκυθίοις
1836 2738 1908 2800 F,·
1935 2732 2126 2789 πελίτω
2170 2737 2223 2788 C.

675 2836 696 2861 ι
722 2814 916 2867 Mirum
939 2814 1195 2867 rationem
1215 2814 1406 2869 Hillius
1425 2816 1670 2880 instituit,
1700 2824 1762 2868 ut
1780 2815 2036 2868 universa
2053 2822 2230 2884 gentes

669 2892 898 2951 Pontice
933 2890 1099 2947 videri
1129 2903 1343 2966 possent
1359 2895 1516 2947 etiam
1545 2894 1599 2947 in
1631 2893 1886 2965 Scythicis
1909 2893 2226 2958 enumerari,

666 2988 831 3043 quum
848 2971 1121 3044 plerasque
1145 2972 1214 3025 sit
1231 2973 1568 3045 perspicuum
1588 2972 1892 3044 significari,
1915 2990 2035 3044 quoe
2056 2990 2105 3027 v.
2126 2977 2223 3043 761

666 3049 906 3119 proxime
942 3048 1261 3122 pmcedant.
1308 3050 1533 3105 Avienus
1571 3062 1748 3105 autem
1794 3051 1880 3123 (v.
1921 3056 2059 3122 971)
2089 3050 2232 3104 bunc

667 3146 876 3183 versum
902 3138 1023 3200 post
1046 3130 1148 3183 802
1173 3128 1374 3200 rejecit,
1399 3130 1658 3202 probante
1669 3128 1984 3183 Schradero.
2007 3155 2030 3176 ι
2057 3132 2232 3183 Baus-

667 3224 874 3262 nsunt.
908 3208 931 3277 ΙΙ
961 3236 1036 3248 -
1059 3222 1183 3277 799.
1201 3208 1474 3279 παρραλίης
1501 3212 1657 3278 AQL
1679 3207 1786 3262 alii.
1812 3208 1836 3277 ΙΙ
1863 3237 1936 3248 -
1966 3210 2089 3263 800.
2115 3208 2231 3279 πρὸς

665 3306 777 3347 om.
809 3292 888 3350 H,·
917 3288 970 3350 ὅς
997 3286 1100 3357 ράτ’
1129 3285 1178 3348 ἐς
1223 3287 1368 3339 νότον
1401 3284 1818 3357 CEGKLXbip5
1863 3284 1965 3355 ἔφ’]
2004 3283 2126 3356 ἀμφ’
2173 3292 2231 3347 C,-

669 3364 780 3435 ᾖσιν
801 3366 878 3438 ὕφ’
911 3364 1058 3418 Ἑλλ.
1086 3366 1170 3436 ³⁵,ss
1191 3395 1266 3407 —
1285 3368 1408 3419 802.
1439 3366 1584 3437 μέμ-,ν’
1606 3368 1690 3427 D,-
1711 3364 1876 3426 αὖτοΐς
1899 3382 1928 3417 s
1943 3386 1966 3426 ,·
1992 3362 2234 3434 Ἀρραὸίης

671 3448 1051 3512 AHKMNQX
1057 3451 1100 3501 Υ
1139 3445 1246 3502 alii.
1289 3470 1312 3492 ι
1341 3444 1545 3499 Arabiae
1583 3444 2014 3498 commemoratio
2048 3461 2230 3514 quain·

671 3542 832 3596 quam
881 3524 1152 3595 proposito
1209 3540 1318 3576 non
1378 3523 1502 3576 satis
1549 3521 1761 3576 videtur
1805 3520 2197 3575 accommodata
2212 3563 2228 3587 ,

669 3604 922 3658 convenit
955 3613 1130 3656 tamen
1163 3611 1332 3675 poetae
1367 3610 1484 3655 tum
1508 3611 1683 3669 ,certas
1710 3600 1812 3655 sibi
1840 3598 2092 3673 quasdam
2119 3619 2231 3655 ver·

674 3681 866 3737 borum
895 3680 1390 3753 comprehensionoe
1419 3679 1738 3751 indulgenti,
1769 3690 1879 3732 tum
1917 3680 2008 3750 qui
2036 3677 2232 3735 doecri·

673 3753 910 3827 ptionem
954 3750 1151 3805 Arabia
1202 3768 1327 3805 cum
1378 3751 1528 3822 Syria
1568 3748 1908 3822 copulaverit.
1951 3774 1974 3796 ι
2020 3751 2228 3805 Banu.

681 3833 704 3903 ΙΙ
733 3862 806 3874 -
844 3831 1080 3892 Χαλκίδες
1109 3834 1170 3886 H
1179 3852 1204 3894 ,-
1257 3828 1420 3901 παρὰ]
1468 3829 1577 3902 περὶ
1611 3828 1953 3901 CQXOegt'qt
1987 3830 2226 3885 Eustatb.

679 3911 746 3966 ad
805 3914 953 3980 7644
997 3908 1197 3981 ἶχοντες
1245 3908 1352 3963 km.
1393 3906 1856 3977 Quemadmodum
1896 3906 2230 3964 Calchedonii

674 3992 784 4045 sire
814 3987 1153 4045 Chaloedonii
1216 3988 1476 4052 Χαλκιδεῖς
1514 3988 1793 4054 dicuntur,
1853 3989 1932 4043 sic
1976 4006 2132 4062 supra
2173 4009 2226 4045 ν.

677 4074 778 4139 764
825 4069 1045 4141 legimus
1113 4067 1298 4131 Χαλκὶς
1357 4069 1558 4143 ἄρουρα.
1601 4068 1770 4136 Urbs,
1815 4086 1934 4141 quae
1992 4069 2047 4123 in
2101 4080 2226 4127 vett.

673 4150 819 4204 libris
853 4148 1164 4221 plerumque
1199 4147 1473 4217 Χαλκηὸὼν
1521 4159 1752 4215 vocatur,
1781 4148 1838 4202 in
1863 4146 2027 4202 titulis
2053 4147 2226 4221 publi-

670 4231 747 4284 cis
773 4230 1056 4301 numisque
1102 4227 1384 4300 Καλχηδών
1420 4228 1580 4283 scribi
1623 4239 1828 4283 constat
1861 4230 1967 4300 (V.
1997 4228 2224 4284 Boeelth.

673 4310 734 4365 C.
777 4311 823 4366 I.
879 4325 944 4374 α,
986 4325 1042 4380 p.
1091 4310 1257 4378 662),
1305 4325 1528 4381 eamque
1574 4307 1795 4363 sormam
1841 4310 1996 4362 etiam
2053 4310 2228 4364 invitis

670 4387 832 4445 codd.
870 4406 970 4461 pro
1010 4386 1222 4458 vulgato
1263 4385 1540 4456 Χαλκηὸὼν
1582 4388 1639 4443 in
1678 4398 1804 4444 vett.
1841 4390 2047 4461 scriptis
2085 4390 2226 4443 intu-

671 4469 867 4524 lerunt.
899 4468 1340 4522 Bauuunrus:
1379 4492 1404 4517 ο
1440 4468 1643 4523 Praebet
1666 4486 1790 4523 vero
1821 4468 1908 4522 hic
1934 4470 2042 4541 ipse
2065 4470 2226 4539 (Dio-

671 4546 1021 4621 nysii)locus,
1068 4544 1219 4617 cujus
1258 4547 1548 4621 simplicior
1590 4547 1743 4602 facies
1785 4547 1948 4602 aciem
1994 4549 2222 4604 virorum

670 4628 956 4688 doctorum,
970 4624 1142 4692 elusit,
1158 4626 1508 4681 certissimum
1526 4628 1686 4681 aetatis
1703 4644 1807 4681 suze
1824 4626 2220 4696 documentum,

671 4726 784 4779 quo
811 4705 1213 4761 contentionum
1239 4706 1469 4779 impetus
1497 4723 1558 4760 ac
1582 4704 1754 4760 studia
1781 4705 1922 4759 velut
1961 4722 2071 4761 uno
2113 4708 2222 4761 ictu

671 4784 1040 4856 profligentur.
1071 4784 1371 4854 Proponam
1393 4784 1536 4837 enim
1555 4786 1806 4858 optimam
1828 4786 1895 4837 N.
1927 4784 2126 4838 Heinsii
2155 4784 2223 4839 ad

671 4863 873 4933 virgil.
909 4860 1026 4917 Ecl.
1077 4865 1162 4926 16,
1200 4861 1269 4918 50
1305 4864 1718 4928 annotationem,
1765 4862 1908 4917 unde
1941 4864 2106 4935 possit
2153 4863 2222 4918 de

673 4940 914 5014 Dionysii
939 4939 1267 5012 temporibus
1287 4942 1572 4997 existimari
1603 4960 1618 4998 z
1657 4968 1680 4991 ι
1711 4943 1902 4997 Similis
1926 4942 2218 5009 diversitas,

679 5020 870 5091 inquit,
918 5017 1264 5073 Chalcedonis
1301 5020 1356 5073 in
1411 5024 1640 5093 antiquis
1678 5024 2028 5076 monumentis
2048 5061 2065 5087 ‚
2103 5040 2221 5094 quoe

667 5096 873 5151 Chalcis
889 5095 1090 5151 dicitur
1115 5098 1383 5153 nonnullis
1399 5100 1745 5171 posteriorum
1767 5110 2064 5173 temporum
2088 5103 2218 5155 scri·

665 5176 908 5248 ptoribus
922 5216 940 5245 ‚
964 5185 1124 5247 atque
1161 5174 1289 5230 hinc
1325 5176 1652 5232 chalcidium
1689 5176 1955 5241 Paullino,
1999 5176 2219 5232 Sidonio

663 5254 970 5326 Apollinari,
999 5257 1070 5308 D.
1119 5255 1479 5328 Hieronymo,
1515 5256 1653 5323 aliis,
1699 5274 1820 5310 cum
1855 5256 1922 5311 de
1959 5256 2216 5329 Bithyniae

661 5334 871 5388 civitate
893 5334 954 5387 fit
971 5334 1203 5405 mentio,
1231 5352 1338 5406 qua
1365 5334 1432 5389 de
1455 5336 1628 5407 reegit
1649 5336 1852 5390 erudite
1872 5340 1957 5391 Jo.
1980 5338 2215 5391 Sin-mou·

2126 534 2463 597 moNYslt

2342 674 2432 729 ubi
2457 675 2659 731 Rhebas
2684 694 2915 731 amoenos
2940 695 3123 732 cursus
3146 680 3336 734 emittit
3350 721 3368 749 ‚

2338 763 2541 818 Rhebas
2555 803 2572 830 ,
2595 766 2685 836 qui
2703 765 2857 819 Ponti
2873 766 3004 819 ostia
3032 766 3429 837 preterlabitur,

2338 850 2540 905 Rhebas
2554 891 2571 915 ,
2598 868 2707 922 quo
2728 869 2834 906 non
2856 851 3089 924 pulcrior
3112 853 3253 907 unda
3276 871 3371 925 per
3394 866 3556 910 terras
3582 870 3740 916 eiu-at.

2404 937 2508 991 Tot
2532 938 2689 1008 igitur
2714 948 2887 1007 gentes
2905 939 3060 993 Ponti
3084 949 3206 992 sunt
3226 940 3415 994 accole
3428 980 3444 1005 ,

2337 1020 2433 1077 ina
2460 1040 2581 1076 vero
2607 1039 2735 1094 quas
2752 1041 2909 1095 supra
2926 1021 3037 1077 dixi
3056 1023 3124 1078 ad
3144 1024 3409 1098 Scythiam
3438 1026 3758 1085 reseruntur.

2334 1110 2451 1161 Jam
2478 1126 2601 1163 vero
2622 1118 2843 1163 tractum
2864 1108 2991 1163 Asiae
3013 1111 3281 1165 maritimae
3302 1111 3606 1185 proloquar,

2336 1196 2427 1266 qui
2457 1196 2513 1248 in
2538 1204 2772 1249 austrum
2792 1195 2900 1249 abit
2924 1195 2990 1250 ad
3012 1196 3405 1271 Hellespontum
3426 1217 3729 1267 conversus,

2335 1293 2489 1354 atque
2508 1281 2781 1337 australem
2798 1284 3069 1337 vastissimi
3092 1284 3247 1355 AEgaei
3274 1303 3489 1341 cursum
3506 1326 3523 1352 ‚

2334 1366 2401 1422 ad
2424 1370 2587 1441 ipsam
2608 1386 2772 1440 usque
2786 1369 2985 1442 Syriam
2996 1367 3397 1443 jucundamque
3420 1373 3685 1430 Arabiam.

2333 1456 2496 1509 Primi
2519 1456 2679 1527 igitur
2699 1454 3057 1511 Chalcidenses
3081 1455 3147 1510 ad
3164 1476 3223 1512 os
3252 1468 3447 1513 terram
3474 1461 3746 1532 obtinent,

2332 1544 2389 1596 in
2412 1543 2709 1616 oppositum
2734 1544 2963 1616 Byzantii
2981 1543 3153 1597 solum
3168 1556 3477 1618 spectantes.

2331 1632 2455 1684 Post
2473 1629 2569 1684 bos
2584 1630 2837 1703 Bebryces
2858 1642 3163 1705 montesque
3186 1637 3365 1706 Mysiae
3392 1640 3639 1708 regionis,

2332 1734 2439 1788 qua
2464 1718 2588 1772 Cius
2606 1716 2867 1789 jucundas
2889 1718 3063 1775 fundit
3081 1738 3270 1792 aquas;

2330 1802 2478 1875 qu'us
2496 1803 2565 1858 ad
2582 1805 2775 1859 fluenta
2792 1806 2975 1879 Hylam
3000 1806 3127 1861 olim
3159 1810 3401 1883 Nympha
3428 1814 3599 1886 rapuit
3617 1852 3634 1877 ,

2328 1900 2598 1945 strenuum
2618 1891 2840 1961 ingentis
2874 1893 3111 1947 Herculis
3128 1895 3448 1951 ministrum.

2326 1975 2459 2031 Inde
2474 1976 2541 2030 ad
2567 1977 2959 2051 Hellespontum
2992 1982 3256 2051 procurrit
3282 1983 3570 2037 immensus
3592 1984 3759 2039 flexus

2324 2062 2562 2134 Phrygia
2580 2064 2826 2131 minoris;
2857 2064 3018 2119 altera
3044 2084 3167 2119 vero
3185 2066 3251 2120 ad
3277 2067 3527 2123 interiora
3556 2081 3753 2143 spectat
3767 2109 3783 2134 ,

2323 2166 2441 2221 quae
2460 2146 2529 2203 ad
2550 2167 2710 2221 aquas
2726 2150 2955 2222 Sangarii
2978 2169 3035 2205 se
3059 2151 3237 2208 dilatat
3260 2170 3275 2207 :

2321 2246 2375 2290 at
2396 2232 2565 2306 major
2589 2235 2645 2288 in
2676 2245 2853 2289 ortum
2871 2237 3177 2308 porrigitur,

2320 2339 2577 2395 equorum
2604 2321 2755 2376 altrix
2775 2320 2974 2387 nitida;
2999 2324 3055 2377 in
3081 2342 3324 2379 oceasum
3352 2343 3475 2380 vero
3500 2328 3675 2381 rideas

2322 2492 2423 2546 dus
2470 2491 2537 2545 ad
2590 2491 2775 2548 Sidon.
2824 2492 2999 2565 Apoll.
3034 2510 3091 2565 p.
3138 2494 3267 2560 1053
3300 2494 3447 2567 quod
3479 2508 3671 2569 praeter
3705 2517 3883 2555 exem·

2319 2568 2465 2641 plum
2513 2567 2799 2625 emendatae
2842 2572 3165 2643 antiquitatis
3217 2572 3285 2627 ab
3334 2574 3400 2627 iis
3450 2574 3565 2630 fieri
3614 2578 3879 2634 existimo.

2320 2647 2564 2702 Ceterum
2603 2646 2728 2702 facit.
2762 2647 2875 2703 haec
2910 2650 3122 2704 serioris
3156 2654 3252 2705 aevi
3280 2650 3485 2721 forma,
3510 2664 3573 2709 ut
3606 2654 3881 2726 Χαλκηδών

2319 2726 2589 2799 quomodo
2637 2728 2831 2783 Graecis
2891 2726 2948 2781 in
2990 2728 3154 2783 literis
3207 2730 3593 2787 increbrescere
3642 2738 3885 2806 potuerit

2319 2807 2681 2877 intelligamus.
2710 2831 2735 2854 ι
2773 2808 2885 2877 Ego
2920 2826 3045 2861 vero
3080 2826 3187 2863 non
3227 2809 3461 2881 intelligo
3497 2812 3630 2884 quid
3662 2812 3775 2868 haec
3811 2815 3880 2870 ad

2318 2884 2673 2941 definiendam
2729 2886 2967 2957 Dionysii
3026 2895 3227 2943 etatem
3275 2888 3498 2957 saciant3
3552 2910 3678 2946 nam
3729 2896 3773 2948 si
3822 2898 3880 2950 in

2316 2965 2547 3020 melioris
2573 2966 2669 3019 tevi
2709 2965 3079 3037 scriptoribus,
3126 2967 3216 3021 ubi
3264 2966 3386 3023 libri
3432 2970 3707 3039 Χαλκηδών
3743 2991 3880 3045 prae-

2318 3042 2478 3107 bent,
2511 3042 2787 3114 Καλχηδών
2824 3042 3008 3115 refingi
3035 3044 3191 3111 velis,
3220 3045 3362 3117 apud
3391 3049 3709 3120 Dionysium
3746 3068 3880 3122 quo-

2318 3140 2423 3193 que
2474 3120 2663 3191 Καλχὶς
2710 3119 2890 3191 ἄρουρα
2935 3131 2991 3175 et
3040 3121 3304 3193 Καλχιδὲες
3353 3126 3719 3197 reponendum
3767 3147 3879 3185 esse

2318 3210 2501 3271 putare
2546 3198 2685 3254 licet.
2724 3200 2976 3267 Quamvis
3002 3218 3101 3255 cur
3137 3202 3210 3256 ita
3252 3212 3540 3258 statuamus
3571 3224 3726 3261 causa
3768 3224 3877 3263 non

2317 3276 2523 3343 subest3
2580 3294 2704 3330 nam
2766 3274 2891 3329 indc
2933 3295 2966 3332 a
3014 3294 3247 3350 quonam
3301 3291 3538 3354 tempore
3586 3284 3874 3353 Χαλκηδὼν

2320 3353 2489 3410 forma
2509 3356 2722 3427 gliscere
2741 3357 2955 3427 eoeperit
2968 3394 2985 3421 ,
3007 3358 3285 3413 nescimus.
3308 3362 3443 3429 Qum
3462 3380 3587 3417 vero
3609 3364 3879 3421 Are-ianm

2318 3451 2405 3505 ap.
2452 3432 2693 3489 Eustath.
2732 3431 2801 3487 ad
2840 3432 2895 3487 h.
2934 3432 2972 3488 l.
3012 3432 3079 3489 de
3104 3436 3244 3491 vocis
3290 3448 3468 3511 etymo
3504 3440 3705 3513 accepit
3742 3442 3877 3508 (uisi

2320 3511 2454 3601 forte
2496 3523 2551 3567 et
2577 3512 2692 3567 bac
2734 3512 2926 3583 con-igi
2962 3512 3147 3588 velis),
3174 3515 3447 3585 Χαλκηδών
3491 3536 3690 3573 nomen
3733 3532 3877 3577 certe

2309 3609 2421 3662 jam
2446 3592 2619 3665 primo
2641 3600 2760 3665 post
2784 3590 3051 3647 Christum
3073 3593 3259 3647 saeculo
3290 3596 3315 3665 (
3326 3612 3436 3668 quo
3455 3597 3729 3670 antiquior
3748 3600 3879 3656 Dic-

2318 3672 2498 3742 nysius
2526 3687 2639 3725 esse
2670 3670 2887 3741 nequit)
2914 3686 3017 3725 usu
3054 3672 3341 3729 obtinuisse
3368 3686 3681 3748 coarguunt.
3725 3680 3874 3736 Fort.

2317 3750 2562 3805 Chalcitis
2602 3750 2772 3805 insuti
2786 3790 2805 3815 ‚
2847 3767 2964 3821 quat
2998 3761 3110 3805 erat
3140 3770 3307 3827 prope
3344 3754 3731 3812 Chalcedonem
3749 3799 3767 3826 ,
3806 3760 3878 3814 ad

2316 3829 2465 3885 urbis
2504 3848 2701 3885 nomen
2726 3830 3168 3904 corrumpendum
3211 3834 3454 3892 contulit.
3484 3837 3507 3906 ΙΙ
3533 3866 3607 3879 -
3632 3839 3755 3903 804.
3786 3836 3878 3893 ἄν·

2315 3910 2509 3983 τιπέραν
2536 3913 2606 3977 K,
2630 3908 2843 3979 ἆντιπέρι
2866 3908 3011 3979 (sic)
3038 3915 3093 3968 A
3108 3933 3134 3974 ,·
3158 3910 3413 3985 εἰσορόωσι
3440 3920 3561 3971 Km.
3594 3918 3616 3989 ΙΙ
3647 3948 3721 3960 -
3746 3922 3873 3977 805.

2314 3988 2607 4060 Bebrycum
2630 3989 2947 4043 mentionem
2969 3988 3258 4044 consultius
3276 3993 3537 4049 omisisset
3567 3997 3871 4070 Dionysius,

2315 4068 2513 4141 quippe
2550 4086 2685 4141 quos
2717 4067 2828 4139 jam
2862 4068 3108 4124 Xanthus
3133 4071 3253 4146 (ap.
3295 4074 3461 4133 schol.
3506 4076 3681 4150 Apoll.
3712 4096 3775 4143 a,
3803 4082 3875 4151 a)

2312 4156 2367 4200 et
2388 4147 2757 4202 Eratosthenes
2795 4148 2920 4219 (ap.
2960 4146 3190 4203 Plinium
3219 4152 3271 4217 5,
3300 4154 3367 4207 33
3397 4157 3427 4223 S
3455 4158 3591 4227 128)
3616 4160 3875 4217 interiisse

2314 4223 2585 4280 dixerunt.
2614 4227 2798 4298 Viguit
2818 4242 3003 4280 eorum
3032 4231 3286 4285 memoria
3306 4231 3450 4305 apud
3477 4238 3873 4305 Argonauticon

2312 4305 2624 4378 scriptores,
2648 4318 2711 4361 ut
2726 4324 2812 4379 ap.
2833 4305 3071 4378 Apollon.
3092 4308 3194 4367 Rh.
3224 4326 3278 4375 α,
3312 4328 3368 4367 α.
3406 4314 3489 4369 13.
3517 4332 3607 4385 70.
3636 4320 3722 4387 98.
3752 4336 3870 4374 121.

2317 4399 2415 4456 ¹²9
2454 4402 2573 4458 sqq.
2619 4386 2741 4456 758.
2790 4388 2913 4456 768.
2964 4401 3090 4457 79²·
3139 4396 3262 4461 798.
3306 4392 3391 4447 Cf.
3436 4392 3625 4449 Strabo
3657 4413 3713 4468 p.
3743 4401 3872 4469 29⁵·

2314 4465 2435 4529 541.
2479 4466 2603 4531 542.
2654 4466 2779 4522 586.
2831 4469 2955 4534 678.
2984 4466 3319 4543 Steph..Byz.
3350 4490 3403 4526 v.
3440 4473 3677 4528 Βυσναῖοι
3700 4487 3756 4531 et
3792 4478 3877 4532 Bt·

2311 4544 2506 4615 ὅρυκεω
2532 4546 2754 4619 Appian.
2791 4541 3033 4600 Mithrid.
3062 4564 3125 4623 c..
3144 4564 3191 4602 1.
3220 4550 3243 4620 ΙΙ
3277 4580 3345 4591 --
3367 4553 3489 4607 806.
3522 4548 3615 4623 ᾗχι
3635 4572 3725 4627 περ
3756 4554 3873 4610 ulnis

2307 4620 2500 4695 ῥέεθρον
2523 4621 2795 4695 έπιπροΐησι
2815 4622 2928 4685 Κίος
2947 4626 3031 4685 H(
3044 4644 3061 4690 ς
3084 4624 3150 4678 ad
3172 4630 3461 4699 marginem
3488 4640 3735 4687 notatur:
3758 4634 3868 4705 δρα·

2309 4700 2487 4757 λείπει.
2524 4705 2591 4757 In
2627 4706 2658 4765 ζ
2700 4702 2903 4773 vulgata
2945 4700 3207 4777 adscripta
3244 4718 3325 4761 est
3361 4707 3419 4761 in
3459 4709 3567 4763 ima
3598 4712 3805 4782 pagina.
3840 4714 3865 4783 ΙΙ

2306 4783 2521 4850 -807.
2548 4781 2671 4853 τοῦ]
2701 4777 2761 4834 οὗ
2790 4784 2873 4844 D,-
2904 4777 3095 4834 ’Υλλον
3127 4785 3219 4847 D,·
3260 4783 3541 4859 ἡρπάξατο]
3581 4787 3869 4863 ἀπενόσφισε

2312 4858 2975 4930 ΑΒΗΚΜΥωεβᾸ-Ιοᾳεθξ
2999 4868 3053 4912 ct
3076 4878 3161 4932 pr.
3190 4881 3265 4917 m.
3297 4868 3363 4931 F,
3393 4868 3572 4920 nescio
3596 4885 3665 4921 an
3694 4880 3867 4939 recte3

2307 4931 2627 5010 ἀπενόσφισσε
2636 4939 2814 5011 νύμφαι
2824 4956 2855 4991 ο
2870 4954 2945 4991 m·
2960 4955 3088 5005 sec-3
3108 4939 3381 5012 ἡρπάξαντο
3394 4944 3495 5000 0οά
3512 4965 3533 4999 ε
3551 4967 3567 5014 ;
3586 4946 3866 5018 ἡρπάξαντο

2307 5016 2487 5089 νύμφαι
2510 5020 2688 5091 (supr.
2714 5017 2903 5089 νύμφη)
2931 5020 2982 5070 C.
3010 5018 3092 5075 Cf.
3116 5020 3280 5094 Apoll.
3308 5026 3411 5079 nh.
3446 5042 3495 5090 1,
3527 5028 3693 5093 12:²33
3722 5030 3866 5085 The·-

2304 5095 2461 5148 ocrit.
2494 5096 2579 5149 13.
2601 5096 2690 5159 432
2724 5097 2747 5167 ΙΙ
2768 5126 2839 5137 -
2867 5095 3247 5169 808.πελώριον
3276 5107 3329 5156 C.
3364 5103 3387 5172 ΙΙ
3415 5132 3486 5144 -
3514 5106 3642 5174 809,
3669 5103 3770 5161 ἔνθ’
3795 5126 3863 5171 0,-

2306 5172 2410 5245 ἐφ’]
2430 5190 2540 5228 om.
2572 5177 2668 5239 Dr,
2695 5174 2741 5237 ές
2769 5175 2924 5240 AHd,
2945 5175 3219 5245 &stud-5
3245 5178 3503 5252 ἀνατρέχει
3526 5186 3863 5243 AOGHKM

2306 5252 2505 5316 iklmet.
2530 5254 2765 5325 ΙΙ-Βιο.
2786 5256 2829 5307 δ’
2848 5254 3008 5311 ἔνδοθι
3032 5262 3098 5311 G.
3108 5258 3344 5328 11—811.
3370 5261 3576 5331 βεὸαυῖα
3598 5262 3658 5315 kl
3680 5282 3862 5335 margo

2306 5337 2363 5387 0.
2402 5334 2426 5405 Ι]
2455 5337 2666 5390 —812.
2697 5334 2784 5407 μὲν
2808 5336 2999 5407 μεγάλη
3030 5346 3107 5401 A,·
3138 5338 3223 5409 μὶν
3242 5357 3355 5395 om.
3378 5344 3443 5397 F.
3472 5342 3493 5413 ΙΙ
3518 5372 3590 5383 -
3620 5345 3744 5400 813.
3766 5347 3861 5415 πρὸ
