4584 6284
819 490 940 544 ³5ss

2223 479 2637 542 EUSTATHII

818 611 910 672 καὶ
935 609 1032 686 τὴν
1063 611 1250 672 αὗτῶν
1279 613 1380 691 γ’ἥν
1413 606 1691 692 πάμφορόν
1719 632 1776 669 τε
1809 608 1898 668 καὶ
1940 607 2205 691 εὔδενδρον
2241 597 2374 669 εἷναί
2460 609 2603 666 dare.
2677 611 2881 668 Verum
2922 612 3223 670 Herodotus
3256 618 3347 688 (7,
3405 617 3505 695 75)
3563 621 3725 677 tradit
3750 623 4006 694 Thraces,

817 723 946 781 φασι
959 748 976 776 ,
1002 697 1094 760 καὶ
1116 697 1415 777 λιθοτομίας
1436 697 1660 779 ἔχουσαν
1680 699 1952 778 πολλαχοῦ
1968 743 1984 770 ,
2008 698 2102 758 καὶ
2119 697 2375 777 κρυστάλ-

814 791 934 857 λους
961 791 1014 850 ἔν
1033 789 1178 870 ὄρεσι
1205 788 1434 871 φύουσαν
1448 829 1466 859 ,
1485 785 1578 846 καὶ
1599 785 1734 845 ἄλλα
1749 787 1918 846 πολλὰ
1936 784 2160 869 ἔχουσαν
2183 786 2373 866 ἀγαθά.

815 874 1090 958 Ἡρόδοτος
1122 875 1177 935 δὲ
1202 875 1346 953 λέγει
1372 876 1596 957 Θρᾷκας
1619 872 1900 944 διαδόντος
1927 877 1999 944 εἷς
2047 874 2222 937 Ἀσίαν
2249 877 2377 950 κλη-

762 989 790 1030 s
815 969 967 1036 θῆναι
1015 961 1298 1038 Βιθυνοὺς,
1352 961 1446 1022 καὶ
1488 949 1620 1022 εἶναι
1663 965 1788 1041 παρ’
1839 964 2012 1032 αὐτοῖς
2057 963 2371 1044 χρηστήριον

812 1050 1011 1134 Ἄρεος.
1100 1052 1330 1132 Λέγεται
1373 1046 1429 1110 δὲ
1458 1047 1552 1110 καὶ
1577 1045 1658 1109 ὅτι
1697 1047 1792 1122 τὴν
1835 1048 1940 1110 ἀπὸ
1977 1046 2244 1128 Βοσπόρου
2273 1053 2371 1126 γῆν

815 1140 915 1208 ἕως
959 1139 1048 1200 ἐπὶ
1088 1137 1368 1211 Ῥήὸαντα
1397 1134 1606 1199 Βιθυνοί
1647 1160 1771 1196 ποτε
1815 1134 2090 1217 κατέσχον.
2172 1134 2286 1207 Τὴν
2316 1134 2371 1197 δὲ

816 1231 976 1289 αὐτοῦ
998 1227 1246 1288 ἐπέκεινα
1267 1225 1357 1287 ἐπὶ
1375 1226 1580 1288 Πόντον
1599 1223 1800 1308 ὀρεινὴν
1817 1228 1865 1286 οἱ
1887 1225 2050 1290 Θυνοὶ
2069 1225 2221 1306 ἶσχον
2245 1223 2370 1305 ἄχρι

813 1321 1057 1394 ποταμοῦ
1099 1314 1348 1386 Κάλητος
1363 1337 1377 1352 ·
1402 1316 1476 1382 ὣς
1513 1304 1644 1375 εἶναι
1679 1313 1896 1396 ὁμόρους
1943 1311 2059 1382 τούς
2087 1336 2143 1373 τε
2171 1312 2371 1380 Θυνοὺς

736 1423 788 1465 10
816 1403 1050 1472 καὶτοὺς
1078 1403 1327 1471 Βιθυνοὺς
1343 1445 1360 1477 ,
1389 1401 1524 1463 οὕτω
1545 1403 1890 1480 καλουμένους
1917 1403 2023 1465 ἀπό
2046 1425 2197 1462 τινων
2219 1403 2366 1462 ἀδελ·

817 1495 926 1575 φῶν
969 1492 1238 1572 ἐπιφανῶν
1274 1491 1451 1554 Θυνοῖι·
1489 1490 1581 1550 καὶ
1627 1494 1842 1553 Βιθυνοῦ
1859 1534 1878 1568 ,
1915 1490 2116 1550 παίδων
2162 1489 2367 1557 Φινέως

815 1577 958 1639 κατὰ
983 1578 1233 1654 ποίησιν,
1259 1576 1376 1652 ἤτοι
1403 1581 1632 1650 ποιητῶν
1661 1578 1750 1638 καὶ
1791 1581 1947 1638 θετῶν
1962 1622 1982 1656 ‚
2024 1576 2162 1638 καθά
2209 1599 2365 1658 φησιν

819 1667 1121 1750 Ἀρριανὸς,
1145 1668 1202 1735 ὃς
1235 1667 1324 1728 καὶ
1351 1666 1562 1747 γνήσιον
1587 1669 1748 1727 παῖδα
1781 1666 1987 1734 Φινέως
2011 1668 2204 1745 ἱστορεῖ
2243 1667 2363 1725 Πα-

817 1757 1083 1836 φλαγόνα,
1115 1755 1167 1824 ἐξ
1203 1746 1262 1815 οὗ
1302 1754 1454 1835 χώρα
1482 1755 1841 1834 Παφλαγονία.
1925 1751 2038 1815 Καὶ
2085 1758 2182 1832 γῆν
2221 1751 2363 1831 λέγει

733 1871 787 1913 15
816 1843 1141 1919 Ῥηὸαντίαν
1169 1841 1266 1915 τὴν
1291 1840 1419 1924 πρὸς
1465 1845 1541 1923 τῷ
1565 1842 1783 1925 Ψιλλίῳ
1818 1844 2076 1922 ποταμῷ,
2125 1841 2216 1902 καὶ
2265 1843 2359 1914 δη·

815 1932 1059 2014 μιουργόν
1086 1954 1202 1992 τινα
1226 1933 1424 2012 ἱστορεῖ
1449 1931 1596 2011 παρὰ
1620 1931 1849 2000 Βιθυνοῖς
1875 1933 2135 1994 Δαίδαλον
2160 1929 2361 1992 καλού-

813 2045 1000 2100 μενον,
1041 2011 1102 2080 οὗ
1131 2017 1280 2100 ἔργον
1323 2022 1376 2079 ἐν
1419 2017 1744 2100 Νικομηδείᾳ
1782 2017 2021 2098 γενέσθαι
2061 2019 2357 2097 θαυμαστὸν

807 2111 1027 2194 ἄγαλμα
1055 2107 1312 2191 Στρατίου
1341 2105 1482 2176 Διός.
1565 2103 1722 2185 Λέγει
1767 2105 1824 2166 δὲ
1850 2109 1879 2166 ὁ
1905 2105 2059 2176 αὐτὸς
2098 2106 2356 2188 Ἀρριανὸς

807 2199 900 2260 καὶ
921 2197 1002 2259 ὅτι
1033 2199 1182 2258 ἄλλοι
1208 2193 1460 2277 Ὀδρύσου
1478 2194 1668 2262 παῖδάς
1693 2215 1820 2275 φασι
1845 2193 1932 2254 τὸν
1956 2195 2126 2256 Θυνὸν
2151 2196 2240 2254 καὶ
2267 2195 2355 2256 τὸν

725 2305 782 2346 20
808 2287 1026 2349 Βιθυνὸν
1047 2331 1064 2364 ,
1089 2276 1162 2346 ὧν
1189 2282 1390 2366 ἠχῶρα
1414 2281 1704 2362 ὁμώνυμος.
1795 2283 2100 2359 Σημείωσαι
2124 2281 2178 2342 δὲ
2201 2282 2281 2342 ὅτι
2300 2282 2359 2342 τὸ

810 2376 906 2456 μὲν
932 2381 1032 2455 γῆν
1060 2371 1385 2446 Ῥηόαντίαν
1415 2369 1563 2452 παρὰ
1594 2374 1672 2453 τῷ
1699 2371 1950 2452 Ἀρριανῷ
2001 2369 2243 2454 ἀφορμὴν
2281 2369 2359 2430 δί-

806 2465 934 2524 δωσι
963 2468 1059 2523 τοῦ
1081 2464 1315 2542 φανερῶς
1346 2460 1478 2520 νοεῖν
1503 2458 1581 2518 ὅτι
1607 2456 2092 2537 περιττοσυλλοίὸως
2107 2461 2137 2516 ὁ
2156 2454 2357 2530 Ῥήὸας

801 2552 1066 2629 κλίνεται,
1092 2550 1284 2629 ὁμοίως
1327 2551 1410 2628 τῷ
1441 2545 1660 2610 Αἴαντι·
1687 2547 1746 2608 τὸ
1781 2545 1838 2604 δὲ
1882 2543 2132 2620 Ῥηὸαἶος
2159 2547 2357 2607 {ovinia-2

797 2639 968 2701 κλίσιν
1011 2636 1330 2722 ὖπεμφαίνει
1367 2634 1488 2696 τινὰ
1521 2632 1894 2711 ἶσοσύλλαὸον,
1923 2633 2070 2716 παρὰ
2111 2635 2215 2704 τοῖς
2241 2658 2355 2695 πα-

713 2744 770 2786 25
796 2732 963 2797 λαιοῖς
987 2726 1080 2788 καὶ
1106 2725 1237 2786 αὐτὸ
1267 2723 1652 2805 εὑρισκόμενον.

869 2837 973 2880 sos.
1002 2810 1134 2877 “On
1163 2815 1211 2873 οἱ
1237 2810 1554 2882 Χαλκιδέες,
1580 2808 1611 2870 δ
1629 2809 1767 2869 ἔστιν
1795 2808 1983 2890 οἱπερὶ
2013 2807 2353 2885 Χαλκηδόνα,

791 2907 861 2974 ὣς
888 2902 1210 2986 προερρέθη,
1239 2903 1289 2960 οἱ
1310 2898 1404 2959 καὶ
1430 2904 1650 2978 Δωριεῖς
1674 2896 2032 2978 ῖστοροῦμενοι
2064 2888 2198 2956 εἶναι
2230 2897 2354 2957 ἄνι’-

790 2997 977 3064 καθεν,
1015 2990 1137 3072 περὶ
1164 2990 1226 3051 τὸ
1256 2986 1432 3067 στόμα
1460 2991 1718 3059 οἰκοῦσιν,
1739 2985 1900 3064 ἤγουν
1928 2984 2051 3066 περὶ
2078 2983 2174 3058 τὴν
2201 2987 2354 3067 Προ-

789 3080 1004 3140 ποντίδα
1021 3122 1040 3153 ,
1067 3077 1186 3152 ἥτις
1212 3075 1348 3156 μετὰ
1371 3074 1672 3156 προσθήκης
1700 3075 1934 3153 μάλιστα
1952 3074 2158 3135 Πόντου
2181 3073 2353 3152 στόμα

710 3186 765 3228 ³0
789 3168 1021 3246 λέγεται.
1108 3166 1218 3227 Καὶ
1243 3162 1342 3244 ὅρα
1367 3163 1448 3224 ὅτι
1482 3167 1532 3224 οἳ
1559 3161 1845 3231 Χαλκιδεῖς
1871 3153 2014 3221 οὗτοι
2042 3162 2356 3242 παρώνυμοί

791 3259 893 3315 εἰσι
913 3259 1007 3326 τῆς
1027 3253 1252 3313 ἰνταῦθά
1271 3275 1374 3311 που
1412 3249 1676 3318 Χαλκίδος
1693 3295 1711 3326 ,
1739 3250 1829 3331 ἀφ’
1859 3239 1922 3320 ἧς
1965 3249 2190 3330 ἄρουραν
2219 3251 2355 3308 ἄνω·

790 3341 927 3421 τίρω
970 3339 1221 3402 Χαλκίδα
1261 3328 1376 3397 εἶπε
1404 3335 1474 3397 τὰ
1506 3335 1628 3416 περὶ
1675 3334 2023 3409 Χαλκηδόνα.
2109 3335 2263 3397 Κατὰ
2299 3337 2355 3396 δὲ

789 3429 890 3501 τὴν
911 3428 1182 3508 Ἀρριανοῦ
1202 3422 1437 3505 ἱστορίαν
1467 3421 1739 3500 ἐπώνυμός
1759 3424 1900 3483 ἔστιν
1928 3425 1964 3494 ἡ
1997 3425 2102 3482 τῶν
2129 3424 2355 3496 Χαλκη·

793 3510 975 3572 δονίων
993 3511 1144 3579 πόλις
1165 3515 1243 3592 τῷ
1269 3509 1471 3589 Κρόνου
1494 3512 1591 3592 υἱῷ
1617 3509 1951 3583 Χαλκηδόνι,
1973 3508 2065 3586 ἀφ’
2081 3499 2141 3569 οὗ
2168 3512 2353 3586 πρῶτα

713 3620 769 3662 85
798 3599 892 3679 μὲν
942 3603 973 3660 δ
1023 3601 1132 3660 ἐκεῖ
1171 3622 1276 3658 που
1319 3597 1450 3680 ῥέων
1485 3596 1720 3675 ποταμὸς
1762 3598 1955 3671 ἐκλήθη
2016 3598 2314 3673 Χαλκηδὼν
2331 3644 2350 3679 ,

794 3689 978 3753 ἔπειτα
1002 3693 1039 3761 ἡ
1066 3687 1249 3760 πόλις,
1270 3686 1515 3769 Δωριέων
1544 3686 1942 3759 ἀποικησάντων
1965 3687 2194 3766 ὑστέροις
2223 3689 2349 3769 χρό-

792 3801 930 3853 νοις,
971 3779 1248 3855 ὃμώνυμος
1290 3776 1486 3854 γίνεται
1527 3779 1604 3857 τῷ
1637 3780 1879 3854 ποταμῷ.
1963 3774 2188 3858 Ἱστορεῖ
2227 3777 2281 3836 δὲ
2324 3780 2352 3836 ὁ

793 3865 951 3935 αὐτὸς
989 3865 1082 3928 καὶ
1133 3863 1216 3926 ὅτι
1255 3874 1362 3933 τοῖς
1398 3863 1772 3939 Χαλκηδονίοις
1805 3862 2045 3946 ἀποφρὰς
2089 3863 2351 3936 νομίζεται

791 3952 987 4020 παντὸς
1018 3954 1180 4034 μηνὸς
1205 3955 1464 4034 φθίνοντος
1493 3951 1668 4027 tvaim,
1680 3951 1858 4031 ἤγουν,
1881 3957 1953 4020 ὧς
1974 3959 2080 4020 τοῖς
2100 3951 2349 4020 Ἀττικοῖς

707 4058 765 4100 so
791 4040 1038 4121 ἀρέσκει,
1065 4043 1121 4102 αἱ
1153 4039 1387 4102 εἷκοσταὶ
1415 4044 1622 4122 πρῶται
1648 4043 1752 4100 τῶν
1781 4039 1918 4100 ὅλων
1945 4041 2161 4118 μηνῶν,
2182 4040 2348 4099 anai·

791 4151 894 4190 σιοι
913 4131 1085 4197 αὐτοῖς
1104 4129 1398 4213 κρίνονται,
1423 4128 1556 4190 διότι
1581 4131 1634 4190 ἔν
1663 4126 1924 4196 τοιαύταις
1939 4125 2163 4208 ἡμέραις
2184 4125 2349 4195 ἄλλας

786 4239 846 4276 τε
886 4216 1164 4298 δυστυχίας
1211 4218 1360 4278 αὐτοὶ
1389 4213 1583 4277 ἔπαθον
1598 4259 1618 4290 ,
1667 4215 1761 4276 καὶ
1810 4213 2161 4297 Φαρνοίὸαζος
2205 4214 2260 4275 δὲ
2316 4220 2345 4276 ὅ

788 4305 1000 4386 Πέρσης
1033 4305 1151 4373 τοὺς
1176 4309 1346 4366 αὐτῶν
1384 4305 1577 4372 παῖδας
1620 4301 1854 4384 ἐκτεμὼν
1884 4305 1960 4371 εἷς
1995 4301 2087 4364 τὸν
2127 4303 2347 4385 Δαρεῖον

789 4392 1077 4478 ἀνέπεμψε.
1161 4397 1520 4476 Κατασκῆψαι
1539 4391 1598 4454 δέ
1622 4416 1777 4477 φησιν
1797 4395 1971 4462 αὗτοῖς
1997 4392 2090 4453 καὶ
2108 4392 2257 4453 νόσον
2284 4395 2346 4453 ἐκ

707 4493 766 4537 ⁴³
790 4483 1092 4562 θεομηνίας,
1116 4484 1176 4544 τὸ
1201 4481 1381 4551 αὐτοὺς
1396 4485 1462 4543 τὰ
1485 4484 1628 4564 σφῶν
1649 4480 1958 4560 ἀποτέμνειν
1981 4483 2156 4542 αἰδοῖα
2171 4525 2189 4554 ,
2215 4481 2347 4542 διότι

789 4575 978 4631 θυσιῶν
1009 4594 1160 4631 τινων
1197 4570 1594 4648 κατημέλησαν.
1680 4569 1988 4649 Ἱστορεῖται
2016 4568 2075 4630 δὲ
2120 4567 2212 4628 καὶ
2244 4566 2345 4642 τὴν

788 4661 844 4718 ἐν
877 4661 1124 4740 ἅριστερᾷ
1152 4664 1242 4719 τοῦ
1288 4657 1530 4730 Εὐξείνου
1558 4657 1763 4720 Πόντου
1805 4655 2164 4738 Μεσημὸρίαν
2191 4657 2343 4719 Χαλ-

787 4895 838 4934 1.
863 4877 1323 4949 πάμφορον...ἃλλα
1345 4896 1453 4933 om.
1472 4876 1639 4950 ᾰ.11-
1652 4891 1708 4932 α.
1731 4875 1992 4947 πολλαχοῦ
2009 4870 2138 4932 add.
2163 4891 2229 4928 ex
2257 4877 2349 4946 (gr,-

779 4955 922 5013 idem
946 4966 1069 5030 post
1089 4956 1469 5028 φῦουσανὶιεὼεῐ
1492 4975 1540 5012 c.
1574 4957 1766 5030 11—6.
1788 4953 1878 5024 τὴν
1896 4973 2013 5013 om.
2045 4952 2113 5012 d.
2142 4954 2167 5026 ΙΙ
2189 4982 2262 4996 -
2289 4955 2345 5011 8.

777 5033 827 5088 οἱ
845 5053 960 5092 om.
983 5033 1054 5101 d,·
1072 5036 1267 5091 Βιθυνοὶ
1297 5043 1352 5095 0.
1377 5038 1400 5110 fl
1421 5068 1493 5080 ——
1509 5036 1699 5108 9.,τοὐς
1715 5054 1825 5091 om.
1847 5053 1898 5106 y.
1925 5037 1948 5107 ΙΙ
1966 5065 2040 5078 -—
2059 5051 2145 5090 11.
2175 5033 2347 5106 ἐπιφα-

774 5119 876 5168 νῶν
912 5131 1026 5172 om.
1049 5113 1108 5172 d.
1145 5117 1170 5188 11
1208 5148 1283 5160 -
1309 5117 1392 5171 15.
1433 5116 1608 5190 Ψιλίῳ
1645 5119 1761 5184 DL,
1787 5115 2050 5188 Ψίλλῳγ.
2101 5117 2220 5184 11-
2253 5117 2339 5168 16.

773 5191 1085 5265 καλούμενον
1126 5195 1371 5249 Δαίδαλον
1396 5193 1458 5249 d.
1500 5195 1522 5266 ΙΙ
1572 5224 1646 5238 -
1687 5211 1772 5267 19.
1807 5191 2044 5267 Ὀδρύσου
2080 5191 2228 5246 ἄλλοι
2267 5191 2343 5255 d?

777 5269 1072 5344 Ὀστρίσσου
1098 5274 1170 5339 d,·
1195 5277 1354 5330 παῖδα
1377 5279 1457 5331 Μ.
1486 5274 1690 5330 Deinde
1713 5275 1800 5330 τὸν
1844 5293 1954 5330 om.
1984 5273 2040 5326 d.
2077 5273 2100 5344 ΙΙ
2130 5303 2204 5314 -
2247 5289 2335 5326 22.

2458 717 2793 781 posteaquam
2816 711 2875 764 in
2904 711 3081 767 Asiam
3115 710 3466 785 trajecissent,
3494 718 3743 793 Bithynos
3768 741 3881 777 esse
3920 743 4009 798 ap·

2456 804 2671 877 pellatos
2686 847 2703 874 ,
2722 825 2939 881 esseque
2958 809 3098 882 apud
3122 829 3213 866 eos
3238 813 3509 869 oraculum
3536 819 3737 876 Martis.
3810 823 4011 878 Ferunt

2456 901 2613 957 etiam
2651 905 2908 978 Bithynos
2938 925 3053 962 eam
3089 908 3217 964 olim
3252 912 3521 982 regionem
3552 931 3860 989 occupasse,
3896 937 4011 992 que

2456 1010 2536 1054 est
2574 1019 2607 1056 a
2649 1003 2885 1076 Bosporo
2910 1022 3076 1078 usque
3126 1005 3196 1060 ad
3237 1007 3595 1079 Rhebantem3
3638 1030 3755 1086 quae
3780 1033 3907 1072 vero
3936 1029 4011 1073 est

2456 1095 2593 1151 ultra
2610 1116 2732 1153 eum
2746 1100 2967 1156 fluvium
2994 1113 3244 1159 montana
3273 1105 3341 1159 ad
3367 1108 3597 1162 Pontum
3619 1147 3635 1174 ,
3656 1129 3771 1166 eam
3795 1113 4011 1186 Thynos

2456 1213 2623 1266 usque
2646 1196 2714 1251 ad
2740 1197 2971 1254 Caletem
2996 1217 3207 1255 amnem
3252 1205 3478 1259 tenuisse
3494 1244 3509 1270 ,
3544 1207 3617 1260 ita
3642 1218 3703 1262 ut
3729 1209 3868 1264 inter
3901 1229 4011 1267 sese

2454 1291 2665 1347 finitimi
2704 1305 2875 1350 essent
2918 1295 3197 1371 Tbynique
3245 1310 3299 1353 et
3332 1301 3571 1374 Bithyni,
3610 1305 3688 1359 sie
3718 1306 3955 1378 appellati
3979 1328 4011 1363 a

2451 1389 2645 1463 Thyno
2702 1401 2755 1446 et
2809 1393 3038 1467 Bithyno
3093 1393 3370 1462 stati-ibus,
3414 1399 3541 1452 viris
3596 1399 3775 1468 claris,
3826 1403 4011 1462 Phinei

2451 1485 2570 1541 filiis
2610 1487 2867 1561 adoptivis
2883 1529 2899 1556 ,
2943 1501 3003 1545 ut
3045 1491 3119 1546 ait
3154 1494 3437 1561 Arrianus,
3474 1496 3569 1565 qui
3604 1496 3763 1551 etiam
3800 1509 4010 1555 natura·

2450 1582 2554 1638 lem
2604 1585 2787 1640 Phinei
2834 1585 3000 1642 filium
3036 1587 3423 1662 Paphlagonem
3470 1603 3757 1661 memorat,
3794 1613 3861 1650 ex
3904 1614 4013 1668 quo

2450 1679 2805 1753 Paphlagonia
2848 1683 3012 1754 regio.
3118 1682 3270 1738 Idem
3324 1685 3670 1742 Rbebsntiam
3722 1703 3876 1744 vocat
3930 1711 4015 1746 re-

2448 1771 2659 1841 gionem
2685 1789 2803 1845 quae
2824 1785 2903 1828 est
2927 1773 2995 1828 ad
3035 1775 3269 1831 Psillium
3302 1795 3513 1832 amnem
3532 1818 3548 1845 ,
3575 1790 3731 1851 atque
3756 1782 4013 1838 artificem

2447 1863 2714 1936 quendam
2739 1865 2878 1940 apud
2900 1867 3154 1940 Bithynos
3174 1881 3555 1925 commemorat
3568 1911 3586 1940 ,
3616 1871 3891 1928 Daedalum
3916 1893 4012 1931 no·-

2445 1956 2623 2029 mine,
2652 1957 2799 2030 cujus
2833 1977 2967 2033 opus
3000 1961 3323 2016 Nicomediae
3357 1961 3516 2016 fuisse
3548 1963 3623 2018 ait
3666 1964 4007 2021 simulacrum

2446 2048 2752 2105 admirabile
2789 2052 2935 2106 Jovis
2958 2053 3153 2107 Stratii.
3228 2052 3397 2109 Addit
3434 2054 3685 2110 Arrianus
3717 2055 3847 2112 alios
3880 2059 4013 2113 velle

2441 2141 2693 2216 Thynum
2724 2154 2776 2198 et
2821 2144 3135 2218 Bithynum,
3179 2163 3408 2218 quorum
3456 2148 3787 2219 cognominis
3828 2151 4005 2223 regio,

2444 2234 2637 2308 Odrysi
2678 2235 2814 2292 filios
2858 2236 3035 2293 fuisse.
3110 2237 3275 2309 Quod
3318 2249 3497 2294 autem
3527 2239 3672 2314 apud
3716 2243 4005 2299 Ari-ianam

2444 2331 2588 2400 regio
2610 2329 2753 2387 dicta
2786 2342 2865 2387 est
2890 2332 3205 2398 Rhebamica
3236 2332 3361 2388 inde
3386 2333 3523 2390 clare
3540 2335 3802 2408 colligitur
3830 2335 4020 2406 ‘9256oe

2442 2445 2637 2482 nomen
2666 2430 2855 2502 impari
2882 2430 3196 2503 syllabarum
3238 2450 3463 2487 numero
3503 2433 3702 2488 inflecti
3720 2473 3737 2500 ,
3766 2435 4009 2491 similiter

2440 2535 2602 2595 atque
2628 2521 2782 2592 Αἶας,
2815 2523 3050 2593 Δῖαντοςς
3103 2525 3337 2596 Ῥηδαΐος
3378 2546 3505 2582 vero
3543 2546 3741 2584 nomen
3778 2529 4001 2600 gentile,

2442 2621 2587 2694 quod
2620 2633 2677 2677 et
2697 2624 2872 2696 ipsum
2896 2623 3038 2696 apud
3059 2635 3259 2679 veteres
3286 2625 3569 2698 reperitur,
3598 2625 4007 2682 declinationem

2442 2713 2640 2770 indicat
2659 2717 2775 2788 pari
2796 2715 3113 2790 syllabarum
3138 2735 3383 2774 numero.

2512 2808 2639 2864 803.
2676 2807 3042 2863 Chalcidenses
3059 2849 3076 2874 ,
3102 2807 3164 2863 h.
3191 2827 3241 2862 e.
3282 2808 3465 2863 incolae
3503 2818 3661 2880 atque
3683 2809 4007 2866 habitatores

2442 2895 2817 2964 Chalcedonis,
2850 2906 2910 2950 ut
2949 2913 3107 2968 supra
3132 2894 3338 2950 dictum
3374 2906 3453 2950 est
3477 2936 3493 2962 ,
3520 2897 3614 2968 qui
3658 2897 3864 2968 origine
3890 2900 3999 2952 Do-

2442 2983 2642 3036 rienses
2686 2999 2798 3036 esse
2831 2980 3093 3048 seruntur,
3130 2980 3200 3036 ad
3227 2983 3423 3037 ostium
3452 2981 3721 3047 incolunt,
3752 2984 4003 3038 nimirum

2442 3067 2511 3122 ad
2550 3066 2963 3140 Propontidem,
2991 3085 3110 3140 quae
3132 3077 3197 3121 ut
3233 3067 3523 3140 plurimum
3563 3085 3687 3122 cum
3734 3067 4008 3125 additione

2441 3154 2599 3210 Ponti
2622 3154 2815 3208 ostium
2842 3152 3148 3228 appellatur.
3219 3156 3299 3207 Ac
3314 3151 3437 3208 vide
3460 3152 3827 3210 Chalcidenses
3846 3153 4007 3210 ‹leno-

2441 3243 2633 3298 minari
2673 3261 2704 3296 a
2734 3240 2981 3298 Chalcide
3000 3279 3017 3306 ,
3065 3258 3184 3313 qnae
3220 3251 3299 3295 est
3351 3240 3427 3295 ibi
3452 3240 3719 3308 locorum,
3765 3241 3911 3296 unde
3950 3253 4003 3296 et

2441 3328 2787 3386 Chalcedonis
2806 3346 2989 3400 agrum
3012 3344 3171 3400 supra
3198 3325 3335 3382 dixit
3356 3327 3565 3400 ἄρουραν
3590 3327 3831 3382 Χαλκίδα.
3908 3331 4003 3383 Est

2441 3427 2615 3472 autem
2634 3456 2649 3483 ,
2671 3434 2737 3470 ex
2758 3413 2971 3471 Arriani
2990 3411 3244 3484 historia,
3269 3413 3400 3468 urbs
3424 3412 3817 3468 Chalcedonam
3836 3413 4005 3471 deno·

2439 3507 2637 3560 minata
2680 3524 2711 3560 a
2751 3502 3079 3559 Chalcedone
3093 3542 3110 3568 ,
3140 3503 3352 3557 Sami-ni
3378 3503 3489 3558 filio
3505 3541 3524 3568 ,
3564 3520 3595 3556 a
3621 3519 3732 3572 quo
3767 3504 3999 3574 primum

2439 3589 2609 3644 amnis
2633 3587 2705 3642 ibi
2730 3587 2899 3642 fluens
2921 3596 3134 3641 vocatus
3158 3594 3238 3640 est
3268 3581 3566 3640 Chalcedon
3582 3623 3600 3649 ,
3626 3581 3821 3638 deinde
3842 3583 3997 3650 urbs,

2438 3691 2605 3746 quum
2622 3690 2687 3726 co
2705 3671 2981 3726 Dorienses
2998 3666 3372 3740 posterioribus
3394 3666 3719 3740 temporibus
3740 3667 3999 3724 coloniam

2436 3753 2777 3810 deduxissent
2796 3791 2813 3819 ,
2843 3751 2979 3806 sacta
3012 3761 3091 3804 est
3122 3749 3285 3804 fluvio
3310 3749 3665 3821 cognominis.
3744 3748 4001 3823 Idemque

2436 3841 2695 3895 Arrianus
2730 3846 2907 3892 narrat
2942 3832 3199 3889 nefastum
3217 3832 3583 3888 Chalcedonii:
3594 3835 3831 3905 reputari
3858 3852 4002 3889 men·

2436 3923 2505 3976 sis
2527 3919 2779 3994 cujusque
2803 3917 3086 3972 desinentis
3111 3914 3251 3970 diem
3276 3933 3480 3971 nonum
3496 3955 3514 3981 ,
3548 3915 3679 3983 sive,
3717 3926 3781 3970 ut
3814 3918 4001 3972 Atticis

2434 4004 2627 4076 placet,
2650 4002 2847 4074 primos
2866 4005 2920 4055 et
2941 3999 3217 4070 vigesimos
3239 3999 3566 4070 integrorum
3594 3999 3860 4054 mensium
3888 3999 3994 4056 diet

2434 4087 2782 4158 inauspicatos
2803 4083 2871 4138 ab
2896 4084 2961 4137 iis
2981 4081 3237 4155 judicari,
3266 4092 3547 4154 propterea
3572 4079 3718 4154 quod
3746 4082 3861 4136 istis
3888 4082 3993 4138 die·

2435 4170 2533 4224 bus
2558 4179 2675 4223 tum
2704 4167 2828 4223 alias
2852 4165 2891 4220 ii
2918 4165 3231 4221 calamitates
3254 4165 3552 4237 acceperint
3570 4203 3585 4230 ,
3616 4175 3731 4218 tum
3762 4164 3996 4220 Pharna·

2433 4250 2591 4306 bazus
2613 4253 2773 4305 Persa
2795 4247 2988 4302 liberos
3012 4241 3199 4301 eorum
3220 4253 3473 4303 castratos
3492 4245 3563 4301 ad
3585 4246 3813 4300 Darium
3846 4248 4003 4302 mise-

2430 4335 2521 4389 rit.
2594 4334 2765 4388 Porro
2809 4328 3032 4384 deorum
3078 4329 3156 4384 ira
3207 4328 3455 4384 morbum
3496 4329 3555 4384 in
3600 4346 3693 4383 cos
3746 4329 3999 4384 invasisoe

2432 4414 2596 4472 tradit
2610 4455 2627 4482 ,
2671 4424 2732 4468 ut
2758 4412 2971 4468 sibimet
2992 4411 3093 4484 ipsi
3133 4409 3372 4481 genitalia
3408 4419 3743 4482 amputarent
3778 4421 3995 4484 propter

2430 4497 2725 4572 neglectum
2748 4495 2947 4552 cultum
2966 4491 3301 4568 quorundam
3328 4491 3731 4550 sacrificiorum.
3776 4491 3863 4548 Ad
3886 4492 3993 4547 haee

2432 4581 2700 4636 memorias
2722 4577 2993 4653 proditum
3024 4585 3102 4630 est
3121 4573 3478 4630 chalcedonea
3510 4585 3565 4628 et
3579 4573 3857 4646 Byzantios
3876 4574 3993 4628 Me·

2432 4663 2715 4717 sembi-iam
2752 4661 2940 4715 urbem
2966 4657 3036 4712 ad
3060 4658 3243 4712 laevam
3265 4659 3421 4712 Ponti
3445 4656 3643 4710 Euxini
3675 4653 3991 4720 condidisse,

2438 4889 2527 4946 27.
2562 4872 2665 4925 Pro
2687 4872 2755 4934 ὡς
2775 4871 3035 4942 προερρέθη
3058 4908 3073 4934 ,
3103 4866 3153 4921 οἳ
3182 4868 3238 4921 in
3266 4870 3314 4923 C
3335 4865 3527 4936 legitur
3546 4863 3670 4919 κατὰ
3692 4863 3746 4918 δῖ
3778 4861 3867 4930 τὴν
3895 4861 3995 4936 Ἀρι-

2435 4956 2602 5025 ριανοῦ
2630 4951 2844 5023 ἱστορίαν
2862 4991 2877 5014 ,
2900 4947 3045 5022 quod
3068 4965 3133 5002 ex
3153 4947 3249 5001 lin.
3276 4945 3345 5001 32
3366 4944 3476 5000 huc
3500 4943 3810 5000 translatum
3839 4954 3935 4998 cst.
3964 4943 3989 5014 ss

2432 5050 2598 5104 —29.
2618 5032 2810 5085 Πόντου
2834 5029 3064 5102 λέγεσθαι
3091 5031 3147 5081 C.
3171 5027 3194 5096 ΙΙ
3218 5055 3292 5068 -
3315 5023 3404 5080 33.
3426 5026 3515 5077 τοῦ
3539 5020 3663 5094 app.
3692 5020 3761 5087 d,-
3784 5019 3985 5088 Χαλκη-

2432 5112 2589 5165 δόνων
2609 5111 2781 5168 ΚΜΥ
2803 5109 3013 5180 aliique.
3043 5106 3067 5178 ΙΙ
3092 5135 3169 5148 --
3188 5103 3456 5176 34.Κρόνιρ
3484 5105 3551 5171 0,·
3578 5101 3782 5173 πρώτως
3801 5097 3987 5164 codd„

2430 5207 2546 5244 exc.
2580 5193 2665 5260 ίξγ.
2693 5190 2715 5259 ΙΙ
2759 5216 2833 5230 -
2857 5185 2945 5242 35.
2982 5182 3067 5257 μὶν
3096 5200 3208 5241 om.
3230 5179 3304 5244 d,-
3329 5179 3606 5249 Χαλκηδὼν
3630 5177 3817 5246 ἐκλήθη
3854 5178 3933 5234 Μ.
3964 5179 3987 5247 ΙΙ

2428 5301 2502 5312 -—
2526 5270 2611 5325 38.
2632 5269 2715 5322 καὶ
2740 5287 2805 5321 ex
2836 5271 2904 5337 Q·
2922 5263 3185 5320 additum.
3228 5262 3251 5333 ΙΙ
3285 5290 3359 5305 -
3388 5261 3475 5330 39.
3502 5257 3697 5332 ἤγουν]
3720 5257 3754 5326 ἦ
3800 5260 3867 5323 ί,-
3891 5255 3991 5329 ὣς]

771 5355 863 5406 τοῦ
892 5370 1004 5410 om.
1030 5352 1090 5410 d.
1119 5355 1142 5426 ΙΙ
1174 5385 1248 5396 —
1268 5359 1358 5411 26.
1386 5353 1497 5427 περὶ
1515 5353 1606 5422 τὴν
1629 5355 1690 5411 X.
1715 5353 1870 5410 codd.
1881 5395 1895 5420 ,
1931 5372 2044 5408 exc.
2087 5357 2178 5425 Qr.
2212 5356 2232 5424 ΙΙ
2265 5383 2338 5395 -
2428 5351 2480 5406 ἐν
2496 5369 2553 5423 y.
2583 5353 2605 5422 ss
2630 5381 2703 5392 -
2728 5353 2816 5414 [ιο.
2854 5346 3069 5403 ἀπαίδιοι
3104 5349 3174 5408 C,-
3204 5341 3351 5397 αὐτοῦ
3379 5347 3470 5406 0,·
3496 5339 3748 5394 κλίνονται
3773 5334 3833 5394 d.
