4584 6284
2010 427 2576 492 COMMENTARH.

3785 457 3896 508 245

717 561 784 622 εἰς
799 571 894 629 την
913 557 1261 638 Προποντίδα,
1275 562 1309 630 ἡ
1327 557 1381 618 δὲ
1406 561 1476 624 εἷς
1494 558 1583 618 τὸν
1604 557 1865 634 Εὔξεινον,
1882 557 1936 626 δς
1956 559 2263 630 διθάλασσός
2349 563 2415 617 ad
2438 565 2816 635 septentriones
2842 567 3012 622 effluit
3031 570 3086 623 in
3113 573 3482 644 Propontidem
3499 596 3513 640 ;
3537 577 3645 629 haec
3669 579 3721 630 in
3739 579 3902 632 Euxi-

718 649 825 704 ἐστι
860 646 1050 727 τρόπον
1076 647 1221 706 τινά·
1261 646 1399 708 κατὰ
1428 647 1587 726 μέσον
1624 649 1726 728 γὰρ
1762 647 1921 728 ἄκραι
1958 649 2047 711 δύο
2073 649 2265 734 προπί-

713 757 918 809 πτουσι,
928 735 1197 818 διίχουσαι
1214 735 1459 808 ἀλλήλων
1479 737 1598 818 περὶ
1610 735 1890 818 δισχιλίους
1902 739 2266 807 πεντακοσίους

714 825 980 899 σταδίους,
996 825 1090 904 καὶ
1119 823 1397 902 συνάγουσι
1421 824 1509 884 τὸν
1537 823 1727 902 μεταξὺ
1747 825 1929 906 πόρον,
1956 827 2047 886 καὶ
2063 834 2265 888 ποιοῦσι

662 930 687 968 ο
714 910 803 972 δύο
828 913 1036 990 πελάγη
1065 912 1291 992 μεγάλα.
1326 941 1351 964 ι

792 1021 891 1062 1⁵2.
935 999 1066 1063 Ὅτι
1108 997 1289 1081 ὥσπερ
1338 999 1605 1084 Ὑψιπύλη
1653 1001 1971 1084 Ὑψιπύλεια
1987 1047 2006 1077 ,
2056 1002 2264 1082 Ἀπάμη

711 1090 974 1168 Ἀπάμεια
986 1137 1007 1168 ,
1022 1090 1308 1164 Πηνελόπη
1324 1091 1658 1164 Πηνελόπεια
1674 1137 1691 1168 ,
1710 1090 1943 1165 Λαοδίκη
1968 1091 2265 1166 Λαοδίκεια,

711 1178 887 1259 ἐρήμη
919 1179 1169 1260 ἰρήμεια,
1199 1180 1402 1253 κολώνη
1434 1180 1716 1242 κολώνεια·
1740 1179 1877 1242 οὕτω
1910 1184 2001 1242 καὶ
2032 1182 2263 1262 Εὐρώπη

711 1261 1015 1350 Εὗρώπὲια.
1050 1268 1157 1332 Καὶ
1182 1269 1276 1342 τήν
1301 1271 1547 1330 Εἶδοθέαν
1572 1269 1625 1330 δὲ
1658 1269 1949 1333 Εἰδοθέειαν
1974 1269 2129 1340 αὗτὸς
2151 1272 2266 1348 μετ’

635 1373 685 1414 ιο
715 1357 869 1436 ὀλίγα
898 1357 1022 1438 ἕρεῖ.
1053 1355 1123 1418 Ὅ
1151 1355 1205 1418 ὃὶ
1238 1357 1602 1436 σχηματισμὸς
1629 1356 1822 1419 Ἰὧνων
1850 1357 1991 1426 ἴδιος.

796 1464 896 1507 157.
938 1443 1067 1506 Ὅτι
1093 1443 1179 1504 τὸν
1212 1444 1472 1516 Εὔξεινον,
1495 1437 1556 1505 οὗ
1578 1443 1726 1515 λοξὰ(
1756 1445 1973 1526 ἔφθασεν
1991 1445 2149 1507 εἰπὼν
2172 1446 2264 1513 τὰς

710 1532 1012 1606 κελεύθους,
1040 1532 1169 1614 τόξῳ
1215 1533 1486 1603 ἀπεικάζει
1519 1526 1789 1615 τεταμίνῳ
1818 1535 2085 1616 Σκυθικῷ.
2120 1537 2263 1596 Σκυ-

712 1617 833 1678 θικὰ
855 1617 909 1676 δὲ
937 1618 1057 1688 τόξα
1086 1619 1150 1678 τὰ
1182 1623 1241 1680 ἐκ
1280 1619 1516 1700 κεράτων
1545 1619 1879 1700 συγκείμενα.
1928 1619 2036 1681 Καὶ
2082 1629 2264 1696 νευρᾶς

713 1706 808 1783 μὲν
836 1697 967 1766 εἶναι
994 1708 1187 1785 σημεῖα
1222 1706 1397 1778 τίθησι
1440 1707 1505 1764 τὰ
1542 1717 1648 1774 τοῖς
1682 1705 1979 1766 εἶσπλίουσι
2008 1707 2145 1778 δεξιὰ
2172 1712 2261 1765 τοῦ

632 1808 682 1848 ιο
715 1793 948 1875 Πόντου,
976 1793 1094 1867 ἤτοι
1118 1793 1184 1854 τὰ
1230 1794 1405 1872 νότια,
1438 1795 1555 1854 εὗθὺ
1601 1792 1981 1877 διαγραφόντα,
2028 1792 2261 1854 τουτέστι

706 1881 925 1943 ταθέντα
968 1887 1085 1944 κατ’
1122 1885 1324 1944 εὔθεῖαν
1364 1883 1639 1964 γραμμὴν,
1682 1883 1772 1944 καὶ
1816 1881 2112 1963 ὓπερὸάντα
2164 1881 2261 1955 τὴν

709 1970 1011 2051 Κάραμὸιν,
1035 1971 1181 2041 ἐκτὸς
1202 1979 1465 2032 πεσοῦσαν
1488 1977 1577 2043 τῆς
1598 1975 1875 2052 γραμμῆς,
1897 1967 2037 2042 πλὴν
2056 1972 2113 2030 οὗ
2134 1969 2262 2050 πρὸς

704 2059 870 2134 νότον,
898 2059 1015 2118 ἀλλ’
1042 2062 1113 2128 εἰς
1141 2059 1331 2140 βορέαν
1362 2062 1587 2140 δρῶσαν·
1610 2058 1697 2117 ἵνα
1730 2060 1805 2136 μὴ
1834 2057 2018 2118 σκολιὰ
2047 2057 2260 2140 γίνηται

703 2154 738 2221 ἡ
765 2155 857 2208 τοῦ
882 2149 1031 2218 τόξου
1058 2149 1216 2230 νευρὰ
1234 2195 1251 2224 ,
1283 2149 1755 2231 προσλογιζομένης
1792 2147 1883 2206 καὶ
1914 2151 2006 2218 τῆς
2040 2150 2261 2225 καμπῆς

624 2254 677 2294 ao
702 2242 797 2309 τῆς
824 2241 869 2299 Κ
877 2236 1179 2318 αράμὸεως.
1210 2234 1299 2299 Τὰ
1338 2237 1395 2296 δὲ
1418 2241 1515 2296 τοῦ
1546 2235 1747 2297 Πόντου
1780 2233 1957 2315 βόρεια
1980 2232 2050 2294 τὰ
2072 2243 2176 2304 τοῖς
2204 2237 2263 2294 ἔκ

706 2329 799 2398 τῆς
826 2324 1177 2408 Προποντίδος
1220 2322 1519 2387 εἷσπλίουσι
1567 2324 1755 2395 σκαιὰ,
1786 2322 1946 2402 ἤγουν
1982 2321 2262 2404 ἀριστερὰ,

710 2419 896 2494 σχῆμα
926 2415 1062 2493 ἔχειν
1090 2415 1218 2497 φησὶ
1242 2417 1345 2473 τῶν
1384 2419 1476 2475 τοῦ
1503 2412 1651 2482 τόξου
1681 2413 1770 2471 δύο
1801 2411 2053 2493 κεράτων,
2084 2410 2169 2471 διὰ
2205 2418 2265 2472 τὸ

708 2499 801 2560 καὶ
844 2502 980 2561 αὐτὰ
1020 2501 1213 2580 ὁμοίως
1253 2503 1357 2570 τοῖς
1396 2506 1489 2561 τοῦ
1518 2501 1665 2570 τόξου
1710 2499 1924 2578 κέρασιν
1954 2498 2040 2557 ἐπὶ
2084 2497 2265 2570 δισσὴν

707 2594 1022 2670 κυρτοῦσθαι
1048 2587 1401 2672 στροφάλιγγα
1422 2589 1741 2667 ἑκατέρωθεν
1770 2592 1861 2646 τοῦ
1886 2585 2151 2648 Μετῶπου
2174 2591 2264 2646 τοῦ

630 2693 684 2734 2⁸
711 2684 877 2760 κριοῦ.
909 2676 1103 2739 Ἰστὲον
1128 2678 1183 2737 δὲ
1212 2675 1291 2736 ὅτι
1319 2675 1500 2756 ὥσπερ
1528 2680 1557 2736 δ
1586 2676 1823 2745 Εὔξεινος
1848 2673 1977 2756 πρὸς
2014 2673 2159 2744 τόξον
2192 2673 2268 2734 εἴ.

703 2787 925 2838 κασται,
956 2763 1091 2826 οὕτω
1134 2764 1229 2825 καὶ
1264 2765 1413 2825 ἄλλοι
1455 2764 1607 2824 τόποι
1634 2763 1820 2823 πολλοὶ
1845 2760 2100 2844 διαφόρως
2127 2761 2269 2823 εἰκά-

703 2856 876 2923 ζονται
902 2852 1030 2934 πρός
1053 2875 1194 2920 τινας
1215 2850 1545 2932 ὁμοιότητας.
1572 2849 1733 2913 oiim
1752 2852 1855 2932 γὰρ
1880 2850 1977 2922 τὴν
1999 2849 2267 2931 Αἴγυπτον

704 2939 959 3000 δελτωτὸν
984 2939 1233 3020 τρίγωνον
1256 2945 1291 3012 ἡ
1316 2939 1515 3020 ἱστορία
1548 2939 1727 3020 φησίν.
1760 2937 2055 3022 [Ἐντεῦθεν
2080 2937 2267 3024 ταδύο

702 3032 847 3107 κριοῦ
893 3027 1233 3101 ἐτυπώθησαν
1278 3027 1531 3104 με’τωπα,
1561 3026 1623 3085 τό
1667 3049 1723 3085 τε
1770 3023 2031 3106 Κρητικὸν
2072 3025 2162 3084 καὶ
2206 3025 2267 3084 τὸ

626 3139 681 3180 so
706 3113 1007 3197 Ποντικόν.]
1040 3113 1201 3177 Οὕτω
1219 3113 1315 3184 τὴν
1335 3112 1721 3192 Ἀλεξάνδρειαν
1745 3113 2007 3182 εἰκάζουσι
2032 3111 2267 3192 χλαμύδι

706 3206 1083 3282 στρατωτικῇ,
1110 3201 1205 3272 τὴν
1230 3200 1461 3261 Ἰταλίαν
1486 3205 1653 3276 κισσῷ
1669 3245 1687 3274 ,
1713 3201 1811 3274 τὴν
1830 3198 2071 3278 Ἰὅηρίαν
2098 3199 2263 3279 βύρσῃ

712 3289 855 3369 βοὸς,
881 3287 974 3361 τὴν
1012 3288 1184 3358 Νάξον
1228 3287 1469 3366 ἀμπέλου
1512 3287 1722 3369 φύλλῳ,
1752 3285 1849 3358 τὴν
1898 3291 1989 3345 τοῦ
2031 3285 2268 3354 Πέλοπος

709 3375 977 3436 πλατάνου
1021 3375 1229 3454 πετάλῳ
1245 3418 1262 3447 ,
1290 3373 1385 3446 τὴν
1434 3374 1625 3452 Σαρδὼ
1656 3373 1791 3453 ἴχνει
1826 3371 2101 3452 ἀνθρώπου
2120 3417 2138 3448 ,
2171 3371 2265 3441 τὴν

716 3462 930 3544 Κύπρον
962 3463 1089 3544 δορᾷ
1116 3460 1377 3542 προὸάτου
1394 3505 1411 3532 ,
1444 3461 1539 3534 τὴν
1588 3460 1793 3533 Λιὸύην
1824 3461 2083 3542 τραπεζίῳ
2128 3458 2263 3540 σχή-

630 3573 685 3615 as
712 3574 877 3629 ματι,
908 3547 998 3610 καὶ
1030 3551 1167 3610 ἄλλα
1194 3547 1249 3610 δὲ
1276 3549 1445 3615 ἄλλως
1482 3550 1771 3620 εἰκάζουσιν
1801 3551 1848 3609 οἳ
1878 3546 2117 3608 παλαιοί.
2152 3549 2260 3620 Ση-

714 3637 941 3717 μείωσαι
954 3638 1007 3698 δὶ
1022 3637 1101 3698 ὅτι
1118 3637 1178 3698 τὸ
1196 3635 1419 3699 ἐοικέναι
1432 3636 1565 3720 τόξῳ
1579 3637 1665 3698 τὸν
1681 3635 1922 3719 Εὔξεινον
1938 3637 2267 3718 περιφράζων

714 3731 854 3788 οὕτω
871 3728 999 3808 φησί
1017 3756 1041 3780 ι
1056 3728 1219 3808 τόρνῳ
1245 3728 1503 3802 εἰδόμενον
1524 3726 1795 3804 περιηγίος
1816 3725 2023 3803 ὄμματι
2040 3723 2187 3792 τόξου
2212 3751 2257 3786 ¹·-

714 3815 874 3894 Λέγει
901 3815 956 3875 δὲ
982 3814 1162 3896 τόρνον
1189 3813 1283 3894 μὶν
1306 3817 1367 3874 τὸ
1392 3813 1699 3897 τορνοειδίς·
1724 3811 1904 3893 ὥσπερ
1929 3816 1958 3873 δ
1983 3809 2265 3894 Λυκόφρων

714 3903 987 3984 στρόὸιλον
1016 3903 1077 3964 τὸ
1117 3901 1518 3982 στροόιλοειδὲς·
1563 3901 1718 3978 ἅμμα
1746 3901 1802 3961 δὲ
1829 3900 1978 3970 τόξου
2022 3900 2108 3962 τὸν
2140 3898 2265 3959 σύν-

633 4010 689 4050 so
714 3993 909 4069 δεσμον
936 3999 1029 4053 τοῦ
1056 3993 1319 4053 Σκυθικοῦ
1344 3989 1495 4058 τόξου
1510 4011 1525 4026 ·
1550 3987 1791 4070 περιηγίς
1819 3986 1874 4047 δὶ
1900 3988 1963 4048 τὸ
1984 3986 2265 4068 περιηγμέ·

713 4105 801 4143 νον
816 4082 933 4156 ἤτοι
951 4079 1251 4158 καμπύλον,
1279 4083 1481 4137 τοιοῦτο
1497 4077 1551 4136 8³
1566 4077 1627 4135 τὸ
1646 4073 1978 4153 ἐντεταμίνον
1998 4073 2163 4148 τόξον,
2186 4073 2271 4133 ἵνα

2353 669 2503 716 num,
2523 652 2614 722 qui
2628 649 3110 724 quodammodoest
3123 655 3334 712 bimaris
3345 679 3360 724 ς
3377 671 3656 714 occurrunt
3675 681 3901 735 namque

2353 741 2406 793 in
2429 739 2603 798 medio
2628 743 2991 814 promontoria
3013 741 3142 810 duo,
3164 744 3407 802 distantia
3433 749 3568 803 inter
3593 767 3646 803 se
3665 750 3747 805 bis
3761 751 3900 805 mille

2351 835 2402 880 et
2427 827 2712 899 quingenta
2737 825 2845 882 fere
2861 828 3048 894 stadia,
3064 847 3182 902 quoe
3209 831 3440 888 medium
3463 834 3732 906 trajectum
3751 854 3901 892 coar·

2352 925 2494 969 etant
2514 925 2568 968 et
2588 914 2699 969 duo
2717 917 2880 971 maria
2907 933 3094 987 magna
3114 915 3366 973 efficiunt.

2429 1003 2546 1060 152.
2569 1004 2732 1060 Sicuti
2775 1002 3016 1078 Ὑψιπύλη
3059 1004 3344 1079 Ὑψιπύλεια
3357 1047 3372 1074 ,
3414 1005 3598 1082 ’Λπάμη
3637 1009 3867 1085 Ἀπάμεια
3879 1053 3897 1080 ,

2355 1095 2614 1166 Πηνελόπη
2656 1097 2991 1168 Πηνελόπεια,
3025 1098 3237 1166 Λαοδίκη
3282 1099 3536 1154 Λαοδίκεια
3551 1142 3567 1168 ,
3609 1101 3763 1176 ἐρήμη
3793 1102 3901 1178 ἱρή.

2356 1205 2466 1257 μεια
2483 1228 2498 1252 ,
2537 1187 2733 1258 κολώνη
2779 1188 3049 1254 κολῶνεια,
3081 1189 3158 1243 sic
3196 1189 3353 1242 etiam
3381 1187 3588 1260 Εὐρώπη
3627 1191 3893 1263 Εὖρώπεια,

2351 1277 2495 1346 Quin
2514 1289 2568 1332 et
2599 1277 2828 1334 Εἶδοθίαν
2853 1277 2962 1352 ipso
2989 1277 3146 1352 paulo
3171 1289 3291 1352 post
3319 1289 3469 1334 vocat
3495 1277 3792 1337 Εἰδοθέειαν.
3819 1284 3902 1337 Fi·

2353 1367 2558 1436 guratio
2582 1365 2694 1421 haec
2713 1369 2905 1422 Ionum
2933 1367 3168 1438 propria.

2427 1453 2546 1523 157.
2579 1455 2876 1519 Euxinum,
2907 1453 3056 1526 eujus
3091 1473 3249 1527 supra
3281 1454 3521 1526 obliquas
3547 1457 3655 1509 vias
3673 1455 3902 1524 dixerat,

2349 1545 2592 1615 Scythico
2631 1548 2776 1602 arcui
2819 1547 3024 1601 intento
3065 1546 3334 1602 assimilat.
3371 1547 3533 1602 Arcus
3573 1549 3802 1620 Scythici
3839 1569 3908 1606 ex

2349 1637 2598 1692 cornibus
2631 1639 2924 1712 compositi.
2968 1642 3036 1694 Et
3063 1641 3210 1693 nervi
3240 1638 3454 1712 quidem
3485 1651 3678 1713 puncta
3703 1659 3766 1696 ea
3797 1661 3908 1700 esse

2349 1729 2524 1801 pouit,
2548 1746 2668 1800 quoe
2692 1731 2918 1784 Pontum
2947 1729 3264 1784 intrantibus
3289 1739 3414 1784 sunt
3445 1728 3511 1784 ad
3534 1730 3771 1786 dextram
3800 1733 3910 1788 sive

2351 1837 2466 1891 quoe
2491 1832 2615 1875 sunt
2638 1819 2904 1886 australia,
2932 1820 2986 1875 in
3023 1830 3224 1875 rectum
3260 1817 3546 1894 descripta,
3571 1822 3629 1876 h.
3651 1841 3700 1876 e.
3731 1841 3826 1894 per
3848 1823 3908 1877 li-

2350 1930 2498 1966 neam
2515 1924 2709 1968 rectam
2731 1924 2970 1987 porrecta
2985 1923 3438 1987 pertranseuntem
3455 1914 3733 1972 Carambin
3751 1957 3764 1979 ,
3785 1935 3910 1990 pro·

2348 2005 2668 2060 montorium
2702 2015 2848 2061 extra
2883 2023 2998 2060 mm
3028 2004 3214 2060 lineam
3241 2005 3470 2078 positum
3496 2025 3666 2080 neque
3693 2027 3818 2063 vero
3837 2009 3907 2064 ad

2349 2107 2582 2150 austrum
2605 2094 2698 2151 sed
2721 2094 2786 2151 ad
2811 2095 3026 2152 boream
3049 2105 3287 2169 spectans
3314 2113 3328 2150 τ
3354 2113 3424 2150 ne
3458 2096 3677 2164 scilicet,
3707 2099 3908 2170 adjecta

2348 2186 2504 2242 etiam
2527 2187 2838 2242 Carambeos
2875 2197 3184 2252 curvatura,
3207 2187 3343 2242 linea
3365 2187 3552 2244 evadat
3577 2189 3808 2262 obliqua.
3839 2197 3908 2248 At

2347 2276 2504 2333 latera
2515 2280 2670 2334 Ponti
2687 2277 2913 2334 borealia
2930 2297 3046 2352 quoe
3064 2298 3126 2334 ex
3147 2278 3468 2352 Propontide
3489 2280 3909 2353 innavigantihus

2351 2369 2416 2423 ad
2439 2370 2615 2424 loevam
2641 2371 2749 2426 sive
2769 2372 3031 2425 sinistram
3055 2381 3206 2434 sunt,
3233 2371 3453 2440 figuram
3479 2371 3670 2427 habere
3691 2375 3768 2428 ait
3794 2393 3910 2428 cor·

2353 2478 2514 2515 nuum
2539 2459 2704 2515 duum
2732 2479 2910 2527 arcus,
2943 2463 3065 2534 quia
3093 2460 3330 2514 similiter
3353 2472 3509 2534 atquc
3535 2481 3734 2518 cornua
3754 2483 3910 2520 arcus

2353 2555 2598 2626 utrinque
2611 2572 2640 2608 a
2651 2554 2988 2626 Criumetopo
3002 2555 3057 2607 in
3073 2553 3330 2626 duplicem
3343 2555 3535 2608 flexum
3547 2556 3908 2612 incurvantur.

2354 2643 2632 2699 Sciendum
2668 2645 2824 2700 ctiam
2861 2643 3306 2717 quemadmodum
3343 2645 3580 2700 Euxinus
3601 2647 3912 2704 assimilatus

2354 2745 2430 2789 est
2464 2736 2608 2790 arcui
2625 2777 2640 2804 ,
2681 2737 2758 2791 sie
2797 2737 2952 2791 etiam
2973 2735 3070 2789 alia
3105 2733 3265 2790 multa
3285 2734 3400 2790 loca
3431 2735 3748 2809 quibusdam
3768 2739 3911 2794 varie

2355 2829 2511 2884 rebus
2537 2829 2835 2893 assimilari,
2857 2845 3080 2900 quarum
3118 2828 3393 2898 imaginem
3422 2827 3616 2882 refer-m
3641 2829 3906 2888 videntur.

2355 2920 2440 2974 Sic
2457 2919 2595 2973 enim
2617 2917 2894 2990 AEgyptum
2919 2917 3132 2970 historia
3157 2916 3305 2971 Delta
3329 2915 3458 2970 dicit
3475 2917 3814 2988 triangulare3
3835 2921 3911 2976 sic

2355 3008 2717 3064 Alexandriam
2745 3007 3003 3080 chlamydi
3033 3007 3244 3062 militari
3273 3007 3572 3076 assimilant,
3600 3011 3804 3066 Italiam
3819 3013 3913 3068 he-

2353 3095 2490 3149 dera·
2504 3136 2521 3161 ,
2543 3095 2838 3168 Hispaniam
2865 3093 2984 3168 pelli
3009 3093 3218 3148 bubula
3234 3135 3249 3158 ,
3271 3096 3476 3149 Naxum
3505 3095 3626 3150 folio
3649 3099 3796 3165 vitis,
3820 3102 3912 3156 Pe-

2353 3183 2693 3256 loponnesum
2718 3184 2842 3238 solio
2867 3181 3080 3256 platani,
3106 3181 3398 3238 Sardiniam
3423 3185 3637 3257 vestigio
3658 3187 3907 3254 hominis,

2353 3278 2584 3348 Cyprum
2605 3273 2725 3347 pelli
2752 3275 2949 3338 ovinae,
2981 3274 3200 3346 Libyam
3236 3276 3451 3348 trapezii
3477 3276 3681 3348 figur-ie,
3710 3280 3912 3352 aliaque

2353 3368 2462 3420 aliis
2476 3365 2632 3421 rebus
2661 3376 2856 3420 veteres
2878 3364 3182 3420 assimilant.
3211 3367 3279 3420 Et
3295 3366 3512 3420 observa
3523 3370 3601 3422 uti
3620 3371 3910 3442 periphrasi

2354 3460 2662 3532 Dionysium
2682 3498 2698 3523 ,
2727 3468 2788 3512 ut
2808 3459 2994 3512 doceat
3016 3459 3060 3511 si
3085 3457 3261 3511 milcm
3299 3477 3410 3512 esse
3437 3461 3580 3514 arcui
3603 3462 3873 3516 Euxinum
3888 3502 3904 3525 ,

2352 3549 2480 3604 dum
2511 3551 2582 3605 ita
2618 3548 2854 3621 loquitur
2888 3565 2902 3603 ε
2945 3550 3106 3622 τόρνῳ
3145 3546 3395 3621 εἰδόμενον
3432 3552 3682 3634 περιηγὲος
3721 3553 3914 3626 ἅμματι

2353 3639 2524 3708 τόξου,
2569 3641 2662 3696 ubi
2707 3641 2902 3712 τόρνον,
2933 3652 3160 3709 tomum,
3205 3638 3334 3694 dicit
3373 3639 3431 3694 id
3464 3641 3610 3714 quod
3643 3643 3814 3699 simile
3833 3656 3913 3700 est

2353 3749 2500 3789 mmo
2517 3755 2536 3788 .-
2559 3731 3004 3806 quemadmodum
3029 3733 3350 3805 Lycophron
3379 3736 3482 3802 (vs.
3512 3738 3598 3793 88.
3627 3739 3747 3806 106)
3766 3737 3912 3809 στρό-

2357 3822 2515 3894 βιλον,
2531 3840 2769 3888 curvum,
2793 3821 2848 3875 id
2863 3821 3012 3894 quod
3026 3821 3196 3875 simile
3209 3831 3286 3876 est
3303 3841 3486 3880 curvo.
3509 3827 3580 3879 At
3599 3825 3742 3897 ἅμμα
3767 3825 3910 3890 τόξου

2355 3911 2481 3966 dicit
2503 3912 2832 3982 ligamentum
2861 3909 3075 3981 scythici
3103 3927 3280 3976 εει-ωε,
3306 3910 3530 3983 περιηγὲς
3547 3930 3670 3966 vero
3693 3912 3747 3966 id
3765 3913 3912 3986 quod

2356 4010 2432 4053 est
2457 3998 2872 4052 circumductum
2899 3998 3008 4051 sive
3030 4014 3250 4051 curvum
3281 4014 3296 4050 ε
3323 3999 3438 4052 talis
3469 4009 3640 4054 autem
3663 4011 3741 4054 est
3761 4019 3914 4056 arcus

2358 4086 2614 4151 intentus;
2631 4085 2702 4138 ita
2725 4094 2780 4138 ut
2803 4082 2944 4138 dicat
2965 4101 3107 4136 mare
3127 4083 3396 4137 Euxinum
3419 4085 3586 4139 simile
3603 4103 3714 4141 esse
3739 4089 3908 4153 arcui,

710 4171 843 4249 λέγῃ
871 4169 1095 4229 lomim
1120 4167 1181 4226 τὸ
1200 4171 1289 4226 τοῦ
1310 4165 1556 4234 Eatenus,
1580 4165 1805 4243 πέλαγος
1824 4161 1955 4243 τόξῳ
1978 4164 2035 4222 οὗ
2056 4164 2271 4241 σκολιῷ,
2361 4192 2468 4227 non
2507 4173 2746 4245 obliquo,
2775 4170 2864 4224 sed
2880 4210 2895 4237 ,
2937 4181 3153 4243 propter
3185 4173 3332 4224 nervi
3361 4174 3650 4226 tensionem
3666 4213 3682 4238 ‚
3709 4172 3779 4228 ad
3823 4192 3912 4229 ro-

712 4256 853 4318 ἆλλᾶ
876 4254 1179 4338 σῒΡΟΠῦλφ
1206 4251 1469 4334 γίνθμῖνῳ
1506 4253 1591 4312 3ῑᾶ
1619 4253 1714 4324 τὴν
1744 4251 1897 4312 τᾶσῑν
1936 4253 2030 4321 τῆς
2070 4258 2273 4328 νευρᾶς.
2310 4307 2318 4314 .
2365 4259 2580 4315 tundam
2623 4259 2842 4312 sormam
2891 4256 3140 4312 adducto.
3203 4259 3396 4312 Tensio
3442 4260 3582 4314 enim
3625 4279 3824 4316 cornua
3857 4264 3911 4317 in

715 4345 969 4426 Περιάγει
993 4340 1097 4423 γὰρ
1125 4347 1161 4414 ἡ
1184 4340 1331 4407 τάσις
1352 4347 1423 4401 τὰ
1440 4338 1638 4418 κέρατα
1662 4340 1733 4407 εἰς
1752 4335 1995 4414 καμπὴν,
2010 4337 2100 4396 καὶ
2119 4335 2278 4405 οὕτως
2363 4357 2694 4401 curvaturam
2731 4342 3105 4417 circumducit,
3145 4353 3300 4415 atque
3328 4345 3398 4398 ita
3425 4363 3575 4400 arcus
3601 4365 3664 4401 ex
3695 4347 3914 4420 obliquo

636 4439 691 4490 ⁴6
717 4433 821 4493 ἀπὸ
831 4434 1039 4494 σκολιοῦ
1058 4429 1257 4512 γίνεται
1274 4428 1545 4510 περιφερὶς
1558 4427 1694 4486 κατὰ
1711 4425 1803 4493 τὰς
1826 4426 2015 4507 ἁψῖδας
2032 4425 2093 4485 τὸ
2112 4423 2274 4493 τόξον.
2365 4432 2423 4486 iit
2447 4433 2502 4486 in
2528 4431 2816 4485 curvaturis
2838 4426 3119 4484 rotundus.
3145 4433 3326 4499 Quum
3352 4432 3506 4486 etiam
3533 4432 3600 4486 ad
3613 4432 3910 4503 jaciendum

720 4750 953 4897 Egisti-i
996 4747 1302 4896 wortig-
1352 4822 1375 4892 ll
1417 4851 1489 4862 —
1539 4823 1592 4876 8.
1625 4817 1781 4891 ἐρήμη
1818 4815 2021 4890 ἔρήμεια
2065 4835 2173 4872 om.
2209 4823 2268 4874 C.

1302 4761 1527 4815 ροαπιπτ.
1580 4745 1726 4798 EFL
1761 4739 1978 4810 aliique.
2034 4741 2055 4810 ΙΙ
2104 4769 2175 4781 -
2223 4739 2273 4794 5.

2365 4735 2691 4791 exciderunt.
2717 4736 2740 4806 ΙΙ
2771 4765 2842 4777 -
2877 4752 2962 4790 20.
2997 4738 3082 4788 τοῦ
3105 4752 3214 4789 om.
3250 4739 3316 4798 E,
3341 4734 3402 4788 τὰ
3431 4753 3538 4789 om.
3567 4741 3628 4792 Iv'.
3668 4737 3690 4806 ΙΙ
3722 4767 3794 4779 -
3813 4754 3903 4794 aa.

2365 4815 2484 4887 φασὶ
2512 4819 2566 4870 C.
2604 4816 2627 4884 ΙΙ
2655 4843 2730 4855 -
2755 4813 2843 4869 23.
2878 4819 2976 4867 ,τοῦ
3007 4831 3113 4867 om.
3166 4819 3240 4876 F,·
3261 4812 3338 4866 διδ
3363 4813 3421 4866 τὸ
3446 4814 3530 4866 καὶ
3563 4812 3624 4868 τὰ
3661 4813 3784 4869 αὔτα
3822 4820 3906 4879 F,-

718 4907 917 4959 Totum
946 4903 1049 4958 hoc
1072 4901 1307 4956 scholion
1328 4919 1437 4954 om.
1464 4905 1523 4955 L.
1561 4900 1584 4968 ΙΙ
1610 4915 1773 4951 -10.
1797 4897 1917 4960 ἴδιος
1936 4916 2043 4954 om.
2078 4899 2277 4969 vulgata
2364 4890 2570 4966 δισαὴν]
2591 4891 2726 4946 δυσὶν
2754 4892 3002 4948 Enxd.
3028 4894 3048 4962 ΙΙ
3075 4921 3148 4934 -—
3172 4895 3258 4955 αἰ..
3283 4891 3584 4964 στροφάλιξιν
3613 4899 3673 4957 L,
3697 4896 3908 4966 οτροφά·

717 4992 841 5036 ante
878 4979 1312 5052 Bernhardyum3
1342 4978 1535 5032 habent
1585 4976 1997 5046 CEFMNUlmJ·
2039 4988 2090 5031 et
2137 4977 2277 5030 haud
2364 4972 2520 5044 λιγξιν
2541 4977 2610 5036 Ε,
2631 4971 2863 5043 φάλαγγα
2882 4977 2944 5029 F.
2978 4974 3001 5042 ΙΙ
3024 5002 3095 5013 -
3118 4971 3207 5024 25.
3233 4971 3380 5042 πρὸς]
3401 4971 3468 5035 εἰς
3488 4971 3531 5026 d
3538 4994 3560 5036 ,·
3577 4972 3692 5043 πρὸς
3709 4973 3767 5027 τὸ
3791 4984 3913 5028 ante

717 5060 882 5113 dubie
902 5059 1010 5112 alii.
1042 5061 1065 5129 ss
1090 5089 1161 5100 —
1182 5075 1265 5112 ια.
1298 5055 1445 5111 εἰπὼν
1468 5059 1574 5119 FL,
1602 5053 1753 5108 εἰπεῖν
1781 5064 1903 5108 cett.
1927 5057 1949 5126 ΙΙ
1982 5084 2055 5097 -—
2083 5059 2165 5118 14.
2191 5054 2277 5125 μὲν
2365 5050 2493 5104 οὕτω
2515 5050 2672 5104 habet
2699 5054 2752 5102 C.
2789 5054 2811 5119 ΙΙ
2841 5079 2912 5091 -
2937 5067 3025 5120 27·
3051 5049 3255 5102 Inclusa
3283 5049 3439 5102 verba
3457 5089 3472 5114 ,
3502 5067 3618 5120 quae
3653 5052 3910 5104 narratio-

718 5147 772 5190 ct
805 5139 990 5208 σημεῖα
1012 5153 1121 5190 om.
1153 5135 1256 5192 Ed.
1297 5137 1319 5206 ss
1364 5164 1419 5174 —
1448 5135 1529 5187 1⁵.
1552 5132 1905 5204 διαγραφθέντα
1936 5137 1997 5188 F.
2032 5132 2055 5203 ΙΙ
2080 5163 2155 5174 -
2191 5137 2273 5186 16.
2365 5147 2484 5183 nem
2535 5128 2778 5193 turbant,
2823 5128 2954 5182 male
2997 5128 3196 5180 intrusa
3239 5145 3348 5180 esse
3403 5145 3524 5180 cum
3570 5127 3909 5200 Bernhardyo

720 5215 1071 5286 ὓπερόαίνοντα
1098 5212 1151 5270 d.
1192 5214 1214 5284 ΙΙ
1244 5243 1317 5255 —-
1348 5214 1431 5265 18.
1468 5211 1564 5284 εἰς]
1594 5210 1709 5281 πρὸς
1736 5214 1800 5273 F,
1822 5208 1953 5262 ἀλλὰ
1978 5209 2045 5273 εἰς
2060 5227 2118 5280 y,
2146 5208 2279 5262 ἀλλὰ
2365 5225 2656 5264 censemus.
2703 5207 2728 5278 ΙΙ
2763 5237 2830 5249 —-
2873 5207 2959 5262 38.
2997 5206 3026 5259 ὁ
3055 5204 3178 5261 add.
3228 5223 3291 5259 ex
3337 5209 3402 5260 E.
3437 5207 3458 5276 ss
3486 5235 3559 5248 -
3597 5209 3684 5270 40.
3734 5205 3909 5259 Σκυθι-

719 5294 803 5348 mi
826 5293 891 5356 εἰς
922 5297 985 5349 U.
1023 5294 1045 5364 ss
1079 5323 1154 5335 —
1182 5311 1267 5362 19.
1310 5291 1486 5345 Verba
1514 5294 1706 5362 καμπῆς
1743 5293 1829 5356 τῆς
1869 5305 1957 5361 ap.
1984 5287 2274 5345 Bernhard.
2365 5291 2452 5341 κοῦ
2475 5305 2586 5341 om.
2628 5290 2689 5345 U.
2719 5288 2742 5358 ΙΙ
2763 5317 2836 5330 —-
2870 5291 2959 5351 41.
2983 5290 3202 5340 τοιοῦτον
3231 5289 3330 5340 EF
3337 5289 3388 5340 U
3392 5285 3475 5340 Yd
3489 5308 3510 5349 ,·
3537 5285 3677 5348 τόξον
3707 5305 3817 5341 om.
3844 5293 3907 5344 F.
