4584 6284
647 539 754 592 us

800 661 984 721 Κεῖθεν
1003 657 1057 717 δὲ
1082 658 1348 739 στρεφθεὶς
1363 656 1537 731 νοτίης
1556 659 1871 739 προπάροιθε
1889 661 2121 737 κολώνης
2135 709 2154 743 ‚

800 739 932 829 αἶψά
957 770 1015 807 κε
1041 746 1318 815 Κωλιάδος
1343 746 1579 825 μεγάλην
1609 746 1696 807 ἐπὶ
1717 753 1872 820 νῆσον
1912 748 2074 829 ἵκοιο,

799 836 1003 917 μητέρα
1036 838 1088 897 Τ
1091 834 1397 915 απροὸάνην
1429 834 1762 917 Ἀσιηγενέων
1791 838 2114 919 ἐλεφάντων,

796 916 860 1001 ᾖς
885 923 1040 1005 ὅπερ,
1068 920 1368 1005 οὗρανίῃσιν
1393 923 1689 1003 ἀειρόμενος
1709 926 2082 1007 στροφάδεσσι,

679 1034 760 1075 ⁸⁹³
802 1015 1020 1073 δινεῗται
1041 1012 1178 1073 κατὰ
1203 1012 1392 1073 κύκλον
1414 1013 1468 1069 ἐν
1491 1010 1654 1093 αἰθέρι
1684 1012 1942 1095 Καρκίνος
1959 1014 2118 1075 αἴθων
2133 1040 2146 1055 ·

805 1100 941 1175 αὐτὴ
973 1103 1019 1161 δ’
1050 1100 1308 1183 εὐρυτάτη
1337 1098 1548 1179 μέγεθος
1573 1101 1748 1161 πόλει·
1775 1104 1910 1185 ἀμφὶ
1939 1103 1994 1162 δὲ
2026 1103 2198 1176 πάντη

801 1190 969 1263 κήτεα
993 1191 1124 1259 θῖνες
1141 1188 1348 1269 ἱχουσιν
1361 1236 1378 1262 ,
1407 1188 1714 1271 Ἐρυθραίου
1743 1188 1874 1270 βοτὰ
1901 1190 2120 1270 πόντου,

807 1278 1013 1361 οὔρεσιν
1038 1279 1370 1352 ἠλιὸάτοισιν
1397 1276 1599 1339 ἐοικότα
1615 1300 1630 1317 ·
1654 1281 1757 1337 τῶν
1786 1279 1830 1338 δ’
1860 1278 1991 1361 ὑπὲρ
2026 1279 2200 1359 ἄκρων

803 1370 1056 1449 τέτρηχεν
1083 1364 1261 1427 νώτων
1289 1364 1632 1444 περιμήκετος
1657 1365 1805 1436 ὁλκὸς
1831 1366 2074 1441 ἀκάνθης.

687 1476 768 1515 soo
810 1455 1124 1534 Δυσμενὲων
1147 1477 1228 1514 τοι
1255 1455 1434 1522 παῖδες
1447 1499 1464 1527 ,
1484 1452 1810 1532 ἑλισσόμενοι
1832 1455 1953 1538 περὶ
1975 1456 2161 1515 πόντον
2181 1500 2198 1529 ,

813 1544 999 1611 κείνοις
1018 1542 1292 1615 ἀντήσειαν
1319 1540 1606 1620 ἀλώμενοι·
1635 1546 1694 1603 οὗ
1720 1544 1821 1625 γὰρ
1849 1542 1988 1625 ἐρωὴ
2031 1541 2201 1629 [κται·

810 1636 1017 1714 λυγροῖς
1048 1634 1100 1690 ἐν
1131 1630 1473 1707 στομάτεσσιν
1492 1674 1509 1707 ,
1536 1629 1649 1689 ἐπεὶ
1683 1632 1818 1709 μέγα
1839 1631 2028 1713 χάσμα
2052 1630 2202 1692 τέτυ-

811 1720 1044 1779 πολλάκι
1071 1718 1118 1778 δ’
1137 1710 1204 1777 αὗ
1225 1717 1316 1777 καὶ
1345 1720 1446 1789 νῆα
1469 1718 1563 1776 σὺν
1591 1719 1764 1788 αὐτοῖς
1784 1719 2002 1798 ἀνδράσι
2021 1720 2141 1793 νηὸς

811 1815 958 1866 κεῖνα
983 1804 1335 1887 καταὸρώξειε
1361 1805 1616 1883 τεράατα·
1633 1809 1737 1875 τοῖς
1759 1806 1860 1885 γὰρ
1881 1808 2104 1887 ἀλιτροῖς

691 1915 772 1957 ωε
815 1898 888 1953 εἰν
918 1895 1010 1953 ἁλὶ
1044 1893 1132 1953 καὶ
1159 1893 1286 1975 γαίῃ
1310 1894 1450 1953 κακὰ
1488 1894 1651 1977 μυρία
1679 1895 1877 1967 θήκατο
1907 1894 2126 1971 δαίμων.

2046 533 2395 599 ntoNYsu

2285 674 2419 731 Inde
2438 695 2721 733 conversus
2741 690 2862 735 ante
2882 686 3304 754 promontorium
3322 688 3547 743 australe

2285 763 2559 819 confestim
2579 765 2647 820 ad
2673 786 2913 839 magnam
2937 770 3163 825 Coliadis
3190 773 3413 829 insulam
3436 778 3772 849 perveneris,

2284 850 2624 922 Taprobanen
2641 892 2657 918 ,
2689 854 3003 910 Asianorum
3029 856 3363 929 elephantum
3386 863 3730 932 genitrioem3

2284 953 2445 1008 supra
2468 955 2627 1010 quam
2649 942 3077 995 conversionibus
3106 954 3281 998 vectus
3304 946 3600 1002 coelestibus

2287 1025 2472 1095 igneus
2497 1026 2699 1081 Cancer
2716 1026 2941 1082 sublime
2963 1030 3018 1082 in
3044 1030 3229 1085 orbem
3252 1042 3549 1105 torquetur.

2287 1113 2535 1167 Ambitus
2550 1124 2725 1169 autem
2742 1114 2906 1189 ipsius
2922 1127 3001 1170 est
3012 1117 3360 1191 amplissimus
3371 1141 3387 1187 3
3398 1120 3489 1175 sed
3512 1124 3852 1181 circumcirca

2289 1199 2412 1254 ferae
2434 1212 2615 1257 tenent
2634 1202 2785 1258 litora
2802 1243 2819 1272 ,
2841 1202 3095 1277 Erythraei
3115 1208 3273 1262 maris
3300 1226 3491 1281 pecora
3505 1250 3522 1276 ,

2288 1288 2504 1344 excelsis
2530 1291 2800 1347 montibus
2824 1292 3042 1361 similia,
3068 1312 3355 1369 earumque
3380 1315 3475 1371 per
3498 1316 3703 1354 summa

2291 1387 2500 1449 tergora
2522 1379 2813 1452 praelongus
2839 1383 3001 1455 spinae
3028 1394 3224 1438 tractus
3248 1384 3578 1444 inhorrescit.

2290 1466 2536 1519 Hostium
2562 1467 2747 1539 utique
2768 1486 2931 1539 genus
2948 1510 2963 1535 ,
2986 1487 3151 1542 quum
3178 1474 3233 1525 in
3256 1475 3390 1527 mari
3420 1475 3731 1541 versabitur,

2290 1552 2559 1606 erroribus
2579 1554 2634 1607 in
2656 1554 2768 1608 illas
2787 1554 2985 1610 incidat
3006 1573 3019 1609 ι
3042 1574 3148 1611 non
3170 1568 3249 1611 est
3266 1559 3409 1613 enim
3424 1560 3679 1632 effugium

2292 1636 2421 1692 foedi
2445 1640 2553 1693 oris
2570 1678 2586 1705 ,
2610 1638 2763 1711 cujus
2784 1642 2966 1711 ingens
2984 1642 3146 1697 rictus
3168 1644 3396 1710 exstitit3

2296 1742 2432 1797 saepe
2452 1743 2638 1780 navem
2661 1743 2876 1799 quoque
2902 1745 3027 1781 cum
3052 1728 3177 1800 ipsis
3206 1730 3331 1782 viris

2296 1812 2391 1866 ista
2414 1810 2721 1866 devorarint
2744 1822 2999 1869 monstra.
3027 1815 3256 1887 Impuris
3280 1816 3423 1869 enim

2294 1896 2425 1951 deus
2453 1897 2588 1951 mari
2614 1907 2856 1970 terraque
2878 1898 3013 1953 mala
3036 1901 3313 1973 proposuit
3331 1894 3625 1959 innumera.

811 1980 974 2044 Ἔστι
1003 1982 1060 2043 δέ
1084 2006 1163 2043 τοι
1189 1983 1427 2063 προτέρω
1455 1982 1789 2063 Καρμανίδος
1811 1982 2018 2043 ἔκτοθεν
2047 1983 2208 2063 ἄκρης
2295 1984 2531 2038 Ulterior
2556 2002 2681 2038 vero
2706 1994 2857 2039 extra
2876 1985 3165 2040 Carmaniae
3196 1989 3622 2057 promontorium

811 2069 1064 2152 Ὤγυρις,
1101 2070 1218 2131 ἔνθα
1241 2094 1300 2129 τε
1329 2069 1530 2149 τύμὸος
1557 2071 1867 2151 Ἐρυθραίου
1899 2073 2162 2152 βασιλῆος·

813 2160 873 2219 ἔκ
885 2162 981 2233 τῆς
1007 2160 1052 2219 δ’
1072 2156 1133 2217 ἂν
1153 2157 1435 2240 περάσειας
1453 2156 1541 2218 ἰπὶ
1560 2158 1730 2237 στόμα
1749 2162 1998 2239 Περσίδος
2017 2158 2208 2238 ἅλμης,

813 2246 1058 2327 ὁρμηθεὶς
1087 2246 1331 2327 βορίηνδε
1347 2290 1365 2321 ,
1388 2247 1479 2307 καὶ
1501 2243 1712 2329 Ἴκαρον
1735 2246 2018 2330 εἰσαφίκοιο
2033 2294 2048 2314 ,

698 2358 779 2398 oto
817 2334 1032 2417 Ἴκαρον
1060 2332 1324 2409 εἰναλίην,
1345 2334 1424 2395 ὅθι
1458 2336 1818 2415 Ταυροπόλοιο
1840 2340 1973 2395 θεοῖο

812 2424 984 2505 βωμοὶ
1007 2422 1334 2497 κνισσήεντες
1364 2422 1585 2483 ἀδευκέα
1615 2423 1812 2483 καπνὸν
1838 2422 2036 2503 ἔχουσι,

653 2624 705 2665 ct
754 2615 957 2681 Argyre
971 2650 988 2677 ,
1025 2610 1236 2680 firtilis
1283 2610 1533 2667 metallis.
1578 2611 1846 2680 Quaeritur
1889 2628 1958 2664 an
2002 2610 2113 2663 haec
2147 2628 2210 2663 ex

650 2690 824 2764 prisco
841 2689 1018 2761 aliquo
1037 2689 1332 2761 geographo
1347 2688 1548 2743 Plinius
1569 2687 1904 2755 desumserit,
1924 2706 1992 2742 an
2009 2690 2206 2761 potius„

653 2782 713 2826 ut
729 2772 859 2826 mihi
889 2769 1113 2835 videtur,
1133 2768 1330 2823 Indum
1356 2766 1658 2823 confuderit
1679 2786 1801 2823 cum
1828 2768 2012 2838 Gange
2029 2768 2210 2822 fluvio.

650 2852 784 2905 Nam
813 2852 951 2905 sicut
972 2848 1112 2921 apud
1138 2848 1478 2903 Ptolemaeum
1503 2852 1764 2919 Argentea
1787 2848 1937 2919 regio
1958 2856 2012 2901 et
2038 2850 2215 2902 Aurea

650 2931 1008 2986 Chersonesus
1049 2928 1190 2983 ultra
1236 2929 1472 3000 Gangem
1513 2938 1808 3000 ponuntur,
1856 2928 1934 2981 sic
1971 2924 2112 2980 idem
2149 2924 2218 2978 de

651 3011 853 3081 Chryse
881 3007 1048 3063 insula
1075 3008 1156 3062 vel
1184 3006 1460 3079 peninsula
1474 3006 1586 3079 jam
1609 3017 1729 3061 ante
1755 3005 1912 3061 Plinii
1935 3013 2139 3059 aetatcm
2165 3012 2220 3055 et

651 3088 796 3144 haud
816 3088 979 3143 dubie
1002 3086 1129 3141 inde
1151 3086 1220 3141 ab
1247 3086 1607 3141 Eratosthenis
1623 3096 1774 3141 aetate
1789 3095 1990 3140 veteres
2006 3099 2219 3154 geogra-

652 3168 746 3241 phi
761 3178 1078 3223 statuerunt.
1107 3167 1194 3221 Sic
1215 3167 1357 3219 enim
1376 3171 1689 3237 Anonymus
1714 3164 1902 3238 peripli
1917 3179 2052 3217 mar.
2076 3160 2215 3215 Rub.

651 3257 856 3311 auctor,
889 3246 1063 3299 Plinio
1095 3244 1182 3297 ille
1217 3244 1508 3314 antiquior,
1534 3247 1564 3312 S
1591 3245 1658 3298 63
1693 3244 1769 3315 (t.
1801 3262 1851 3310 1,
1881 3261 1937 3316 p.
1977 3243 2109 3309 303)
2138 3260 2152 3296 τ
2193 3241 2220 3293 ὁ

655 3326 854 3397 Γάγγης
881 3324 1074 3394 ἀπαντᾷ
1104 3322 1188 3375 καὶ
1225 3321 1258 3388 ἢ
1290 3322 1402 3393 περὶ
1439 3321 1590 3388 αὐτὴν
1623 3322 1809 3394 ἐσχάτη
1855 3326 1944 3389 τῆς
1983 3320 2223 3387 ἀνατολῆς

657 3403 851 3475 ἤπειρος
867 3402 900 3469 ἢ
921 3402 1107 3474 xpus-ii.
1136 3400 1340 3455 Eodem
1367 3401 1567 3455 faciunt
1593 3418 1710 3473 quse
1729 3400 1870 3474 apud
1887 3400 2078 3455 Melam
2110 3399 2161 3465 3,
2191 3416 2221 3469 7

657 3484 940 3553 leguntur:
980 3484 1169 3536 Tamos
1180 3480 1598 3554 promontorium
1619 3492 1697 3534 ese
1722 3483 1817 3551 (in
1841 3497 2038 3535 oceano
2063 3481 2220 3548 Eoo),

660 3558 802 3634 quod
822 3564 1030 3615 Taurus
1047 3558 1320 3614 attollit...
1351 3558 1448 3613 Ad
1477 3562 1696 3615 Tamum
1725 3560 1899 3616 insula
1920 3572 1998 3614 est
2020 3560 2217 3631 Chryse,

663 3638 738 3693 ad
753 3642 984 3707 Gangem
1009 3641 1230 3708 Argyre.
1255 3640 1374 3693 Jam
1400 3656 1528 3693 vero
1547 3656 1664 3712 quat
1683 3642 1992 3714 Anonymus
2015 3652 2070 3695 et
2084 3641 2218 3695 Mela

662 3717 734 3772 de
756 3718 928 3773 ultimi
951 3714 1108 3788 hujus
1142 3728 1403 3773 terrarum
1432 3727 1630 3776 tractus
1667 3720 2082 3776 conformatione
2105 3738 2226 3793 pro-

664 3797 830 3862 dunt,
857 3796 991 3851 nihil
1016 3795 1212 3850 habent
1245 3796 1390 3869 quod
1426 3816 1458 3852 a
1483 3798 1776 3853 rationibus
1818 3798 2221 3855 Eratosthenicis

663 3873 902 3939 recedat,
923 3884 986 3929 ut
1009 3884 1151 3929 recte
1185 3875 1395 3930 monuit
1424 3874 1687 3931 Gosselin.
1715 3876 2062 3951 (Becherches
2084 3887 2123 3931 t.
2164 3878 2216 3943 3,

664 3973 721 4028 p.
759 3958 920 4025 187).
957 3951 1112 4009 Adde
1139 3954 1286 4027 quod
1321 3958 1540 4010 Tamum
1564 3972 1646 4028 pr.
1678 3966 1856 4029 aperte
1892 3966 1971 4010 est
1991 3956 2219 4029 Τάμαρον

663 4044 958 4089 extremum
983 4034 1147 4088 Tauri
1185 4051 1360 4107 prom.
1391 4036 1414 4104 (
1435 4034 1495 4088 τδ
1521 4033 1645 4107 μετὰ
1669 4033 1882 4108 Τήμαλα
1921 4033 2219 4107 ἀκρωτήριον

660 4111 806 4187 apud
816 4112 955 4170 Ptol.
973 4128 1027 4183 7,
1051 4128 1104 4177 a,
1130 4112 1223 4185 3),
1249 4114 1395 4185 quod
1415 4115 1838 4169 Eratosthenicas
1854 4115 1992 4169 Asiae
2011 4133 2218 4169 mensu-

661 4211 745 4247 ras
785 4210 1062 4247 recensens
1111 4189 1284 4247 obiter
1331 4204 1714 4249 commemorat
1760 4193 1949 4249 Strabo
1963 4234 1986 4265 ‚
2032 4196 2124 4266 qui
2174 4196 2216 4248 si

659 4272 873 4346 chrysa
915 4289 1029 4327 non
1067 4272 1338 4338 meminit,
1367 4291 1485 4327 eam
1533 4274 1866 4329 Eratostheni
1899 4275 2217 4345 incognitam

661 4352 818 4407 fuisse
837 4350 1044 4407 silentio
1063 4367 1162 4407 suo
1189 4351 1410 4406 minime
1441 4352 1770 4426 comprobat.
1809 4354 1830 4423 ΙΙ
1860 4384 1933 4395 -
1953 4353 2048 4424 591
2063 4395 2077 4409 .
2102 4372 2218 4424 προ-

661 4433 894 4506 πάροιθε]
922 4431 1157 4486 ἇπάνευθε
1187 4434 1400 4490 ΒΗΜο.
1437 4434 1459 4504 ΙΙ
1486 4464 1561 4476 -—
1588 4432 1710 4505 592.
1739 4432 1863 4505 αἶψα
1891 4434 1974 4487 καὶ
2001 4438 2068 4499 G,
2096 4431 2217 4505 αἶψα

664 4512 718 4567 δὲ
743 4533 800 4586 9,·
828 4511 1094 4585 εἰσαφίκοιο
1113 4529 1156 4567 ε.
1187 4511 1440 4575 Κωλιάδος
1460 4517 1608 4581 νῆσος
1631 4525 1712 4568 est
1728 4513 1900 4567 insula
1917 4517 1978 4586 τῇ
2001 4511 2218 4566 Κωλιάδι

663 4592 874 4667 ιωλώνῃ
899 4592 1076 4667 (Cory
1100 4594 1509 4665 promontorio)
1538 4592 1799 4665 objacens.
1833 4594 1855 4663 11
1882 4624 1938 4635 -
1981 4594 2103 4664 594.
2131 4597 2218 4661 τῆς

662 4672 743 4728 ὑπ’
767 4672 870 4744 οὗρ.
899 4691 944 4737 e,
969 4674 1056 4741 τῆς
1079 4670 1247 4742 ὓπουρ.
1275 4672 1382 4738 Gb‚·
1403 4672 1694 4745 οὖρανίοισιν
1718 4676 1792 4737 Χ,
1816 4673 2070 4743 στεφάδεσι
2101 4678 2211 4735 CH,

663 4751 949 4821 στεφάδεσσι
973 4769 1016 4817 ε,
1036 4748 1374 4823 στροφάλιγξιν
1395 4754 1468 4816 A,
1489 4750 1633 4807 idem
1655 4754 1711 4807 in
1733 4770 1900 4824 marg.
1929 4756 1996 4814 Β,
2016 4754 2220 4824 στροφά-

661 4832 768 4885 δεσι
787 4828 913 4885 F'ct
941 4848 1100 4903 supra
1123 4848 1224 4885 scr.
1257 4832 1312 4885 in
1354 4833 1403 4895 ζ.
1440 4832 1463 4903 ΙΙ
1493 4862 1568 4875 —-
1593 4833 1717 4903 595.
1760 4830 2074 4905 Taprobane
2117 4832 2218 4885 sub

659 4910 852 4965 Cancri
878 4909 1078 4967 circulo
1118 4912 1287 4984 posita
1326 4910 1394 4967 ab
1433 4913 1791 4967 Eratosthenis
1823 4911 2041 4984 ejusque
2075 4928 2214 4966 asse·

659 4988 862 5043 clarum
892 4991 1148 5044 sententia
1182 5000 1236 5044 et
1259 5008 1290 5044 a
1324 5008 1448 5045 vero
1479 5008 1695 5063 prorsus
1723 4990 2004 5058 ahhorrct;
2032 5001 2217 5046 contra

667 5085 794 5121 vero
813 5068 998 5140 opinio
1015 5068 1126 5123 haec
1149 5086 1213 5122 ex
1235 5078 1388 5123 terrae
1398 5068 1568 5124 forma
1585 5079 1803 5124 cuneata
1819 5087 1978 5141 quam
1991 5068 2214 5125 Posido-

657 5147 780 5201 nius
798 5156 855 5203 et
876 5158 1033 5219 poeta
1057 5157 1237 5202 noster
1255 5146 1521 5219 fingebant
1536 5187 1551 5214 ,
1581 5148 1980 5222 explicationem
2011 5147 2216 5203 facilem

653 5220 907 5280 admittit.
928 5224 1175 5296 11—596.
1197 5222 1318 5294 αὕτη
1334 5228 1423 5291 H,-
1442 5227 1601 5301 πάντῃ
1615 5230 1680 5284 B.
1712 5228 1734 5299 ss
1759 5226 1968 5300 —599.
1987 5227 2218 5299 τετρήχει

661 5306 729 5371 Υ,
743 5302 954 5376 τίτρηχε
974 5309 1081 5368 CH,
1102 5304 1270 5377 ‘tiz-pty-
1272 5324 1320 5358 εν
1347 5322 1376 5359 c
1395 5323 1536 5359 man.
1555 5324 1682 5371 sec„
1709 5308 1898 5378 τέτριχε
1916 5325 1964 5369 o,
1988 5308 2164 5379 τίτρυχ
2167 5326 2217 5361 εν

653 5379 714 5448 ἧς
731 5382 904 5445 νώτοις
933 5400 992 5455 ς,-
1014 5383 1306 5456 περιμήκεος
1333 5388 1452 5440 Km.
1484 5388 1564 5440 De
1599 5404 1656 5440 re
1678 5385 1747 5440 cs.
1761 5386 1899 5441 Mela
1920 5386 1970 5452 3,
1995 5405 2048 5458 7.
2076 5386 2211 5442 Plin.

2298 2080 2378 2124 est
2406 2071 2615 2143 Ogyris,
2645 2071 2701 2123 in
2726 2087 2832 2142 qua
2857 2070 3153 2143 sepulcrum
3176 2072 3434 2144 Erythrai
3456 2075 3611 2145 regis.

2298 2159 2379 2212 Ex
2409 2174 2471 2213 ea
2496 2156 2723 2230 trajicies
2744 2156 2813 2211 ad
2835 2158 3008 2213 fauces
3024 2160 3220 2215 Persici
3244 2161 3404 2217 maris

2298 2246 2355 2300 in
2381 2242 2682 2317 aquilonem
2716 2244 2967 2312 tendens,
3000 2256 3156 2319 atque
3177 2248 3389 2301 Icarum
3412 2251 3685 2304 accesseris
3699 2290 3717 2317 ,

2298 2336 2513 2388 Icarum
2548 2334 2869 2388 maritimam
2890 2376 2907 2399 ,
2944 2334 3037 2388 ubi
3063 2336 3350 2410 Tauropoli
3370 2338 3603 2392 nunninus

2301 2440 2407 2477 arae
2432 2420 2621 2477 nidore
2640 2422 2805 2496 plenae
2827 2422 3031 2477 sumum
3059 2423 3303 2479 obtinent
3322 2425 3591 2481 acerbum.

2305 2616 2360 2677 6,
2396 2612 2479 2665 13.
2528 2613 2551 2683 ΙΙ
2581 2643 2653 2653 -
2689 2618 2813 2669 600.
2843 2614 2941 2685 τοι]
2969 2613 3021 2668 δὲ
3054 2618 3120 2677 L‚·
3156 2614 3485 2685 ἐλισσομένων
3512 2634 3629 2679 cox,
3668 2616 3866 2673 ἑλισσο-

2306 2692 2471 2763 μένοιν
2506 2710 2537 2745 c
2579 2710 2655 2748 m.
2694 2710 2824 2758 sec.;
2852 2693 2981 2766 περὶ]
3012 2692 3134 2746 κατὰ
3161 2696 3864 2769 ABEGHLMNOdeezt3

2303 2772 2508 2843 πόντον]
2520 2772 2705 2827 κόλπον
2722 2791 2761 2824 ε.
2790 2772 2814 2843 11
2828 2776 3007 2827 -601
3026 2813 3041 2828 .
3068 2770 3345 2826 άντιάσειαν
3364 2776 3634 2847 ADNOQ
3648 2785 3703 2829 et
3720 2776 3867 2832 haud

2304 2849 2467 2905 dubie
2488 2850 2575 2903 alii
2598 2850 2783 2915 codd„
2814 2861 2866 2905 et
2884 2850 3034 2905 editt.
3060 2862 3183 2905 ante
3203 2851 3426 2919 Bernh.;
3458 2852 3700 2925 ἀλήμεναι
3728 2860 3863 2921 Xm;

2306 2926 2477 3002 άρωγὴ
2507 2933 2598 2995 Bo,
2625 2928 2717 2983 sed
2744 2930 2799 2983 in
2824 2947 2988 3001 marg.
3018 2928 3163 3003 ἐρωή.
3182 2932 3205 3001 11
3232 2935 3448 2987 -602,
3478 2933 3743 3004 στομάτεσι
3773 2940 3866 2991 CD

2306 3020 2360 3063 et
2385 3027 2467 3081 pr.
2497 3026 2639 3062 man.
2670 3008 2732 3073 d,·
2751 3008 3006 3080 λυγροῖσιν
3025 3029 3083 3082 q,·
3111 3009 3213 3065 ἐπεὶ
3240 3009 3377 3082 μάλα
3398 3011 3527 3066 πολὺ
3554 3013 3728 3083 χάσμα
3744 3031 3867 3087 oqx.

2314 3089 2554 3159 11-603,
2579 3082 2670 3160 αὖ]
2701 3090 2761 3141 ἂν
2791 3091 3384 3161 BEGHKLMNOOX.
3420 3090 3537 3161 11-
3559 3095 3685 3155 604.
3712 3110 3865 3147 κατα-

2308 3166 2491 3237 ὅρόξειε
2504 3170 2578 3231 A,
2601 3166 2897 3239 καταὸρώξει
2913 3170 3020 3234 Ηζ;
3049 3168 3248 3241 τερίατα
3289 3167 3411 3221 cod.
3435 3171 3483 3235 ζ,
3502 3170 3707 3241 τέτρατα
3731 3189 3783 3224 τε
3799 3180 3865 3237 D,

2308 3246 2485 3317 τέρατα
2510 3249 2584 3309 Χ,-
2606 3248 2711 3308 τοῖς
2735 3245 2864 3317 γὰρ]
2879 3246 2961 3299 καὶ
2981 3245 3078 3318 γὰρ
3097 3246 3203 3303 km.
3232 3246 3256 3317 ΙΙ
3289 3276 3364 3288 ·-
3388 3246 3510 3303 605.
3544 3248 3691 3319 μυρία
3714 3248 3868 3315 θήκας

2310 3325 2396 3396 το]
2418 3324 2603 3391 θήκατο
2628 3326 2772 3396 μυρία
2807 3327 3165 3393 EGHKLQt3
3193 3326 3337 3397 μυρία
3359 3324 3486 3380 κακὰ
3522 3325 3706 3393 θήκατο
3734 3332 3855 3384 DX
3852 3370 3869 3387 .

2316 3403 2548 3470 11-606,
2568 3403 2666 3473 τοι]
2682 3422 2753 3465 τις
2768 3406 2881 3459 ΟΧ
2873 3421 2900 3456 e
2914 3424 2935 3465 ,·
2947 3402 3136 3473 Καρὸαν
3144 3403 3242 3465 ίδος
3257 3406 3418 3467 CDK,
3442 3402 3741 3475 Καὸαρνίδος
3758 3408 3867 3473 Ηζς

2312 3479 2475 3542 {eoos-o
2500 3480 2538 3534 Ι.
2566 3481 2588 3552 ΙΙ
2620 3511 2695 3522 -
2720 3486 2845 3550 607.
2876 3480 3101 3553 Ὠγυρις]
3133 3480 3216 3535 Cs.
3244 3490 3357 3534 not.
3392 3480 3461 3535 ad
3504 3484 3718 3539 Arrian.
3745 3484 3868 3541 Ind.

2311 3576 2361 3615 c.
2396 3558 2497 3629 37,
2528 3558 2697 3615 Index
2724 3575 2870 3616 nom.
2912 3560 2967 3613 in
2994 3556 3236 3614 Strabon.
3277 3576 3324 3613 s.
3365 3576 3416 3613 ν.
3453 3560 3643 3632 Ogyris
3671 3571 3723 3615 et
3750 3573 3866 3620 not.

2310 3640 2431 3695 crit.
2466 3639 2536 3694 ad
2562 3639 2807 3697 Strabon.
2834 3658 2891 3713 p.
2937 3639 3060 3707 652,
3108 3658 3173 3694 ιο
3200 3639 3287 3695 ed.
3321 3638 3504 3695 Didot.
3555 3642 3577 3711 ΙΙ
3621 3672 3699 3683 ——
3741 3646 3869 3700 608.

2310 3719 2564 3793 περήσειας
2586 3719 2683 3786 Ld,
2699 3721 2961 3793 περείσειας
2979 3738 3037 3793 q,·
3054 3720 3311 3784 πελάσειας
3326 3739 3392 3774 ex
3415 3722 3705 3777 Hermanni
3725 3724 3868 3796 conj.

2310 3798 2541 3865 Passov.;
2564 3798 2744 3871 στόμα]
2770 3804 2903 3871 κῦμα
2926 3802 3003 3855 Χ.
3030 3798 3054 3870 Ι]
3084 3827 3157 3840 -
3183 3802 3309 3868 609.
3337 3797 3612 3871 εἰσαφίκηαι
3639 3804 3868 3869 ΒΗΜζ;

2310 3878 2541 3952 Ἴκαρον]
2567 3878 2739 3951 ’Ῑχάρα
2758 3896 2845 3951 ap.
2872 3877 3092 3933 Ptolem.
3117 3880 3171 3943 6,
3196 3880 3251 3941 4,
3282 3881 3352 3946 47
3366 3896 3383 3943 3
3406 3876 3601 3932 lehara
3616 3896 3703 3952 ap.
3730 3880 3867 3939 Plin.

2309 3964 2363 4024 6,
2391 3959 2477 4024 32,
2506 3962 2623 4029 147.
2654 3960 2735 4011 Dc
2754 3959 2863 4010 situ
2889 3955 3072 4010 insulae
3102 3956 3287 4011 monui
3312 3956 3366 4009 in
3393 3955 3579 4012 Indice
3604 3958 3672 4011 ad
3694 3960 3869 4016 Strab.

2308 4056 2351 4093 s.
2382 4056 2435 4092 v.
2460 4040 2669 4091 Icarus.
2700 4037 2783 4089 De
2800 4035 2985 4089 Dianae
3000 4033 3293 4107 Tauropoli
3318 4036 3373 4089 in
3398 4035 3498 4089 hac
3521 4035 3695 4091 insula
3722 4038 3871 4093 cultu

2306 4116 2375 4170 cf.
2397 4115 2586 4172 Strabo
2606 4134 2658 4189 p.
2694 4118 2798 4184 766
2819 4115 2911 4187 (p.
2934 4113 3058 4181 552,
3090 4131 3154 4169 ιο
3176 4112 3263 4169 ed.
3293 4113 3465 4185 Did.)
3488 4125 3541 4169 et
3568 4114 3756 4173 AElian.
3796 4118 3868 4173 H.

2305 4196 2404 4250 An.
2434 4214 2491 4267 9,
2517 4214 2571 4266 9.
2598 4193 2751 4249 Idem
2786 4194 2960 4249 cultus
2978 4194 3035 4248 in
3055 4194 3225 4247 Icaria
3252 4194 3411 4249 Samo
3445 4194 3617 4249 vicina
3640 4195 3867 4267 vigebat,

2306 4286 2437 4330 teste
2468 4274 2726 4329 Strabone
2750 4291 2807 4346 p.
2836 4274 2961 4344 639,
2991 4272 3110 4327 coll.
3140 4274 3406 4346 Stephano
3426 4292 3478 4331 v.
3502 4274 3869 4347 Ταυροπόλιον.

2306 4355 2390 4412 Cf.
2414 4357 2625 4410 Movet-s
2642 4354 2827 4409 Phoen.
2853 4353 3084 4411 Alter-tlt.
3121 4364 3251 4411 tom.
3284 4370 3337 4420 α,
3362 4372 3417 4427 p.
3449 4371 3544 4411 101
3574 4365 3691 4411 not.
3724 4380 3747 4403 ι
3772 4358 3871 4412 Ge·

2308 4445 2479 4489 terum
2496 4474 2513 4501 ,
2530 4433 2905 4505 Bernhardyus
2918 4434 3009 4498 ait,
3030 4450 3337 4505 persuasum
3363 4432 3534 4489 habeo
3549 4432 3620 4488 ad
3641 4434 3871 4492 cundem

2307 4532 2577 4569 sacrorum
2600 4513 2779 4569 locum
2802 4513 3068 4586 pertinere
3082 4553 3099 4580 ,
3119 4512 3266 4585 quod
3294 4514 3517 4568 Veneris
3538 4523 3593 4569 et
3617 4516 3873 4572 Mercurii

2306 4594 2573 4666 quandam
2591 4591 3020 4664 conjunctionem
3030 4592 3303 4646 Nearchus
3316 4591 3477 4661 tradit
3488 4591 3632 4668 apud
3653 4596 3868 4651 Arrian-

2306 4672 2427 4726 Ind.
2459 4690 2509 4728 c.
2555 4673 2625 4741 37
2651 4672 2708 4726 in
2734 4670 2905 4725 insula
2943 4670 3151 4725 (Ἅιδα
3174 4672 3431 4725 exstitisse
3473 4690 3489 4727 ε
3536 4670 3606 4726 de
3639 4690 3870 4745 quorum

2307 4752 2532 4806 deorum
2572 4751 2820 4805 societate
2866 4748 3262 4821 originibusque
3317 4748 3579 4804 subtiliter
3622 4750 3873 4824 explicuit

2309 4831 2649 4887 Heinrichius
2674 4830 3117 4885 commentatione
3138 4826 3207 4883 de
3241 4827 3720 4902 Hermaphroditis.
3763 4856 3787 4879 ι
3842 4832 3865 4902 ΙΙ

2304 4915 2512 4965 -6ει.
2537 4909 2812 4978 κνισήεντες
2829 4913 3028 4975 ABDe,
3050 4908 3338 4977 κνησήεντες
3360 4912 3432 4974 0,·
3457 4905 3658 4980 άδερκέα
3674 4913 3868 4984 Ηοᾳεζ,

2307 5006 2467 5062 supra
2496 4990 2677 5062 script.
2716 4990 2773 5042 in
2800 4992 2864 5055 C,
2904 5005 3071 5059 marg.
3119 5006 3165 5051 e,
3195 4985 3360 5041 schol.
3414 5013 3436 5034 ι
3484 4986 3774 5060 Dionysius
3799 5007 3870 5045 an

2306 5066 2519 5121 doctam
2551 5066 2966 5121 observationem
2988 5066 3397 5137 exprompserit,
3422 5066 3641 5137 petitam
3668 5065 3811 5119 illam
3837 5085 3869 5121 a

2308 5164 2586 5201 sacrorum
2623 5146 2943 5218 proprietate
2981 5144 3063 5199 vel
3089 5145 3222 5199 turis
3255 5149 3444 5199 natura
3460 5183 3476 5210 ,
3514 5162 3624 5199 non
3668 5145 3865 5216 liquet3

2308 5244 2407 5281 nec
2430 5226 2578 5281 facile
2617 5224 3038 5298 pronuntiaveris
3054 5264 3069 5289 ,
3096 5242 3165 5279 an
3192 5222 3583 5295 Theophrastea
3604 5224 3743 5279 Hist.
3784 5223 3865 5278 Pl.

2309 5311 2363 5372 4,
2390 5324 2445 5376 7,
2488 5324 2540 5376 7,
2570 5324 2690 5378 quae
2722 5304 2893 5378 'Pylon
2922 5302 3147 5358 insulam
3170 5301 3449 5358 arboribus
3468 5304 3765 5375 praestitisse
3792 5302 3868 5357 se-

2310 5396 2431 5439 rant
2452 5402 2657 5440 summa
2681 5383 2895 5457 quidem
2926 5380 3153 5437 odorum
3189 5379 3345 5435 laude
3364 5422 3378 5447 ,
3401 5380 3492 5435 sed
3516 5380 3657 5435 nulla
3683 5391 3865 5451 gustus
