4584 6284
774 488 887 542 516

694 614 748 674 A
776 608 993 679 regitur,
1042 605 1241 660 habens
1290 616 1483 660 terram
1514 605 1847 659 mansionum
1872 602 2218 657 ducentarum
2244 602 2344 656 X.'

852 697 937 748 16.
968 695 1214 763 Sequitur
1235 692 1387 748 India
1426 692 1596 764 major
1634 692 1775 747 unde
1800 690 2023 746 sericum
2064 702 2117 745 et
2144 691 2324 743 omnia

776 782 1067 837 necessaria
1091 781 1238 835 exire
1275 780 1548 835 dicuntur.
1578 782 1649 833 Hi
1684 779 1918 833 similiter
1952 778 2321 850 proximorum

773 886 923 922 more
950 868 1183 921 viventes
1227 864 1363 921 bene
1406 867 1721 937 transigunt,
1760 875 1813 918 et
1850 863 2088 918 habitant
2127 874 2322 917 terram

768 970 1014 1024 magnam
1033 963 1086 1007 et
1110 952 1304 1007 bonam
1328 954 1663 1007 mansionum
1687 951 2029 1005 ducentarum
2054 948 2259 1005 decem.

844 1055 929 1108 17.
958 1038 1173 1109 Quibus
1204 1036 1409 1109 adjacet
1446 1038 1575 1093 foris
1603 1056 1705 1093 una
1746 1038 1920 1108 regio,
1968 1054 2087 1109 quae
2125 1034 2324 1090 dicitur

767 1124 929 1180 sortes
953 1124 1148 1180 habere
1172 1126 1314 1181 viros
1354 1134 1410 1179 et
1433 1123 1586 1179 valde
1625 1124 1969 1179 industriosos
1994 1123 2051 1177 in
2082 1121 2229 1176 bellis
2268 1133 2322 1176 et

766 1212 823 1265 in
864 1211 1108 1265 omnibus
1134 1211 1314 1279 utiles3
1358 1208 1503 1265 unde
1524 1207 1679 1264 India
1703 1210 1880 1264 Minor
1904 1209 2035 1281 petit
2062 1208 2319 1262 auxilium

768 1297 1009 1369 quotiens
1036 1296 1085 1349 ei
1130 1313 1162 1350 a
1189 1296 1361 1350 Persis
1386 1294 1583 1349 bellum
1622 1304 1880 1348 movetur.
1919 1292 2025 1362 Qui
2072 1294 2322 1347 omnibus

766 1382 1039 1437 abundant
1065 1398 1115 1437 et
1135 1383 1375 1437 habitant
1403 1392 1597 1436 terram
1617 1392 1828 1436 centum
1866 1383 1911 1435 L
1941 1382 2294 1437 mansionum.

843 1473 927 1525 18.
953 1472 1077 1524 Post
1100 1469 1197 1523 hos
1236 1479 1316 1522 est
1341 1467 1496 1523 India
1522 1469 1722 1535 Minor,
1767 1465 1915 1539 cujus
1956 1485 2081 1538 gens
2116 1468 2322 1538 regitur

769 1577 802 1612 a
819 1556 1122 1629 majoribus.
1151 1560 1248 1612 Est
1268 1568 1446 1612 autem
1472 1556 1615 1629 apud
1632 1575 1721 1612 eos
1747 1556 2139 1630 elephantorum
2162 1557 2322 1610 innu-

770 1660 917 1701 mera
941 1644 1247 1700 multitudo.
1272 1645 1357 1699 Ab
1392 1646 1477 1700 his
1508 1648 1679 1701 Persae
1718 1647 1980 1717 accipiunt
2018 1644 2322 1716 elephantos

770 1742 825 1786 et
851 1731 1090 1787 habitant
1115 1743 1309 1787 terram
1335 1731 1641 1804 quindecim
1666 1733 2019 1787 mansionum.

848 1835 933 1891 19.
969 1822 1095 1873 Post
1119 1818 1215 1873 hos
1242 1830 1368 1873 sunt
1400 1822 1572 1874 Persoe
1600 1820 1848 1873 Romanis
1872 1820 2318 1891 propinquantes,

772 1923 909 1978 quos
930 1905 1159 1961 historiae
1178 1906 1402 1961 tradunt
1422 1907 1675 1980 pessimos
1697 1924 1807 1960 esse
1824 1916 1874 1959 et
1895 1905 2051 1959 sortes
2066 1906 2122 1958 in
2147 1904 2291 1958 bellis
2303 1923 2320 1971 ς

771 1992 866 2063 qui
886 2010 995 2046 non
1021 2003 1388 2063 cognoscentes
1416 1992 1723 2064 dignitatem
1742 2002 1941 2047 naturae
1958 2031 1974 2057 ,
2004 1991 2155 2045 sicuti
2180 2002 2325 2046 muta

770 2080 1037 2146 animalia,
1065 2081 1323 2135 matribus
1364 2090 1418 2134 et
1461 2080 1732 2135 sororibus
1771 2078 1999 2133 nefando
2039 2076 2325 2132 concubitu

774 2170 1059 2227 sociantur.
1090 2172 1224 2223 Data
1256 2170 1570 2242 propinquis
1594 2167 1837 2239 gentibus
1874 2177 2124 2239 potestate
2168 2186 2327 2239 nego-

775 2255 866 2320 tii,
897 2254 1052 2309 bonis
1079 2254 1330 2308 omnibus
1354 2253 1624 2307 abundare
1642 2253 1905 2309 videntur.

692 2436 742 2495 B
773 2434 1063 2509 majoribus
1077 2474 1094 2501 ,
1120 2434 1370 2490 habentes
1388 2446 1591 2493 ,temam
1619 2437 1949 2490 mansionum
1982 2434 2324 2490 ducentarum

771 2520 973 2579 decem.

845 2612 930 2663 16.
966 2605 1173 2661 Deinde
1190 2618 1270 2661 est
1285 2606 1438 2661 India
1451 2606 1641 2677 Major,
1658 2625 1689 2661 a
1706 2624 1809 2680 qua
1826 2608 2055 2661 triticum
2074 2617 2126 2661 et
2147 2607 2324 2661 omnia

769 2693 1055 2747 necessaria
1080 2694 1225 2747 exire
1253 2691 1523 2749 dicuntur.
1543 2692 1789 2747 Similiter
1812 2692 2067 2764 proximis
2090 2694 2326 2746 viventes

769 2778 903 2832 bene
920 2779 1239 2849 transigunt,
1260 2789 1314 2832 et
1330 2777 1567 2832 habitant
1589 2788 1780 2833 terram
1804 2796 2043 2849 magnam
2061 2789 2112 2832 et
2131 2778 2324 2831 bonam

770 2866 1101 2920 mansionum
1125 2863 1473 2920 ducentarum
1494 2864 1698 2923 decem.

845 2968 925 3022 17.
962 2949 1169 3005 Deinde
1222 2950 1424 3023 adjacet
1479 2952 1670 3005 eximia
1734 2952 1909 3021 regio,
1952 2968 2070 3023 quae
2130 2948 2328 3003 dicitur

768 3038 908 3091 viros
943 3035 1136 3090 habere
1182 3035 1345 3091 fortes
1382 3046 1435 3089 et
1474 3035 1624 3089 valde
1662 3035 1950 3090 industrios
1983 3038 2040 3089 in
2089 3035 2234 3089 bellis
2276 3046 2331 3089 et

768 3124 918 3177 utiles
946 3124 1002 3177 in
1029 3124 1294 3180 omnibus.
1328 3121 1493 3195 [Inde]
1518 3122 1673 3177 India
1701 3123 1894 3185 Minor,
1924 3139 2048 3176 cum
2075 3123 2125 3175 ei
2155 3131 2330 3175 motus

770 3209 929 3263 suerit
953 3209 1073 3263 belli
1098 3227 1131 3263 a
1155 3209 1327 3264 Persis
1343 3248 1359 3271 ‚
1388 3210 1524 3279 petit
1558 3208 1833 3261 auxilium.
1857 3208 1961 3275 Qui
1998 3208 2055 3260 in
2084 3205 2330 3259 omnibus

770 3292 1041 3347 abundant
1052 3306 1107 3347 ct
1120 3293 1362 3347 habitant
1380 3303 1574 3346 terram
1588 3294 1921 3346 mansionum
1936 3301 2149 3345 eentum
2167 3292 2327 3363 quin-

772 3378 1144 3451 qunquaginta.

850 3467 935 3519 18.
975 3466 1103 3518 Post
1147 3464 1250 3519 bos
1287 3462 1444 3518 India
1486 3466 1685 3530 Minor,
1716 3461 1865 3534 cujus
1910 3481 2035 3535 gens
2077 3463 2277 3535 regitur
2301 3482 2334 3519 a

778 3548 1067 3620 majoribus
1080 3588 1099 3621 ,
1135 3560 1190 3604 et
1240 3548 1310 3604 ad
1357 3567 1447 3603 eos
1496 3548 1891 3623 elephantorum
1938 3548 2331 3604 innumerabilis

779 3633 1090 3701 multitudo,
1124 3645 1177 3688 et
1202 3637 1372 3688 Persae
1397 3633 1464 3687 ab
1503 3634 1630 3706 ipsis
1656 3636 1923 3707 accipiunt
1948 3646 2167 3710 propter
2195 3635 2334 3689 mul-

778 3718 1081 3778 titudinem.
1114 3720 1368 3775 Habitant
1404 3731 1599 3775 terram
1638 3724 1973 3777 mansionum
2005 3721 2330 3795 quindecim.

857 3823 943 3877 19.
981 3809 1105 3861 Post
1128 3806 1224 3861 hos
1249 3818 1373 3863 sunt
1394 3808 1565 3863 Persae
1580 3848 1596 3875 ,
1624 3811 1872 3864 Romanis
1894 3811 2326 3883 propinquantes,

780 3894 874 3963 qui
896 3892 1243 3947 historiantur
1269 3892 1419 3949 valde
1442 3896 1499 3949 in
1523 3896 1670 3950 malis
1702 3895 1947 3951 omnibus
1970 3906 2023 3951 et
2042 3896 2187 3951 bellis
2222 3914 2332 3951 esse

764 3978 960 4034 sortes.
984 3980 1055 4031 Et
1092 3980 1385 4051 impietates
1407 3981 1477 4035 ab
1502 3983 1577 4036 eis
1611 4000 1825 4054 magnas
1862 3984 1945 4051 agi
1981 3981 2184 4038 dieunt.
2208 3984 2328 4037 Non

776 4075 1147 4137 cognoscentes
1164 4078 1366 4122 uaturae
1386 4066 1692 4140 dignitatem
1704 4110 1723 4143 ,
1741 4070 1893 4123 sicuti
1910 4080 2054 4124 muta
2066 4069 2324 4135 animalia,

780 4154 1030 4210 matribus
1049 4164 1104 4208 et
1126 4155 1399 4209 sororibus
1423 4155 1800 4211 condormiunt
1814 4196 1830 4220 ,
1865 4167 1916 4209 et
1936 4156 2095 4227 impie
2131 4154 2330 4209 faciunt

776 4241 831 4294 in
866 4240 1011 4294 illum
1052 4240 1145 4311 qui
1190 4238 1313 4294 fecit
1356 4258 1446 4295 eos
1488 4241 1665 4295 deum.
1695 4242 1835 4295 Alias
1860 4253 2029 4295 autem
2058 4239 2327 4295 abundare

774 4325 1022 4381 dicuntur
1042 4328 1098 4379 in
1126 4326 1371 4379 omnibus
1385 4346 1402 4391 ;
1429 4324 1547 4380 data
1571 4327 1711 4379 enim
1754 4337 2005 4397 potestate
2028 4326 2096 4379 ad
2121 4344 2211 4381 eos
2230 4325 2324 4381 ad-

778 4500 906 4556 CaV.
931 4499 952 4567 {l
977 4530 1048 4541 —
1069 4504 1098 4568 S
1127 4506 1208 4555 16.
1234 4499 1474 4572 sericum]
1502 4498 1739 4553 triticum
1760 4504 1824 4555 B.
1851 4500 1874 4569 ΙΙ
1895 4530 1966 4541 -
1986 4498 2322 4553 ducentarum

776 4577 964 4647 decem]
988 4582 1157 4635 CXX.
1180 4580 1307 4634 Cav.

848 4657 878 4724 S
909 4671 995 4725 17.
1010 4653 1157 4724 soris
1180 4656 1365 4723 una1B
1383 4654 1597 4708 eximta.
1628 4654 1965 4710 Desideratur
1980 4658 2206 4727 regionis
2226 4676 2321 4711 no·

774 4749 900 4785 men
927 4734 1234 4805 proprium,
1263 4732 1407 4805 quod
1446 4732 1662 4788 sortasse
1699 4734 1823 4788 latet
1849 4735 1905 4787 in
1934 4752 2059 4788 voce
2092 4736 2317 4797 eximia,

773 4808 925 4882 cujus
944 4812 1059 4867 loco
1076 4816 1123 4867 Α
1150 4814 1205 4867 in
1232 4813 1407 4883 gra-cis
1427 4811 1517 4875 ἔξω
1538 4813 1625 4883 μία
1649 4806 1817 4883 (sbi-is
1835 4818 1957 4881 una)
1975 4814 2154 4885 legisse
2178 4813 2321 4867 vide-

775 4900 883 4946 tur.
914 4892 1045 4946 Mox
1068 4892 1123 4946 in
1150 4894 1193 4945 Β
1218 4891 1448 4964 supplevi
1475 4891 1622 4957 inde,
1652 4903 1704 4946 et
1729 4892 1823 4967 qui
1848 4894 2027 4965 scripsi
2066 4912 2163 4966 pro
2187 4912 2287 4966 quo
2303 4934 2316 4955 ,

773 4969 922 5041 quod
944 4970 1085 5043 apud
1106 4969 1490 5026 Gotbot'redum
1516 4970 1721 5041 legitur.

842 5053 872 5119 S
899 5066 969 5105 20
988 5052 1212 5124 pejores]
1236 5052 1445 5124 perjuri
1480 5054 1696 5116 rectius,
1724 5062 1883 5124 puto,
1909 5054 1963 5106 in
1988 5054 2050 5115 Β,
2080 5050 2171 5105 ubi
2209 5052 2322 5105 haec

769 5127 825 5185 in
856 5131 887 5197 S
916 5146 980 5183 21
1002 5140 1193 5200 praeter
1216 5129 1456 5184 ordinem
1485 5130 1746 5200 leguntur.
1784 5132 1805 5202 ΙΙ
1842 5162 1905 5172 -
1928 5134 1957 5199 s
1980 5146 2066 5185 22.
2096 5128 2317 5199 Edessa]

767 5204 939 5277 Hujus
966 5208 1112 5262 urbis
1133 5209 1331 5262 mentio
1348 5207 1588 5263 hocloco
1610 5208 1897 5264 omittenda
1911 5220 2045 5275 erat,
2062 5207 2317 5280 siquidem

773 5284 1044 5341 Osdroene
1070 5306 1101 5341 a
1126 5288 1501 5360 Mesopotamia
1523 5287 1878 5360 distinguitur,
1899 5299 1950 5342 et
1970 5286 2103 5341 infra
2130 5286 2317 5342 Edessa

2086 471 2376 532 To'rlus
2419 468 2641 529 ORBIS

2484 617 2571 656 20.
2609 600 2706 653 His
2731 601 2961 654 sociatur
2989 600 3366 655 Saracenorum
3405 620 3532 674 gens
3547 643 3562 667 ,
3595 622 3720 659 arcu
3751 615 3804 659 et
3823 610 3958 680 rapi-

2413 694 2495 747 nis
2531 695 2690 748 vitam
2726 711 2874 748 suam
2900 694 3190 765 transigens
3205 733 3220 758 ‚
3263 695 3356 767 qui
3391 696 3584 750 similes
3622 698 3792 752 Persis
3817 699 3962 772 impii

2412 800 2465 843 et
2492 788 2693 861 pejores
2723 800 2866 855 sunt,
2905 790 3210 861 sponsiones
3245 808 3354 844 non
3396 790 3746 847 custodientes
3791 813 3962 866 neque

2413 881 2533 936 belli
2557 900 2728 954 neque
2755 882 2969 937 alterius
2985 883 3200 952 negotii.
3224 883 3434 951 Quibus
3459 883 3700 938 mulieres
3712 887 3962 959 imperare

2411 973 2684 1030 dicuntur.

2482 1084 2568 1122 22.
2596 1069 2724 1121 Post
2745 1066 2843 1121 hos
2868 1078 3126 1121 terrarum
3147 1078 3446 1122 nostrarum
3479 1080 3774 1142 sequuntur
3795 1072 3958 1127 initia.

2409 1158 2581 1213 Habes
2607 1177 2731 1230 ergo
2769 1162 2824 1213 in
2848 1160 3032 1232 primis
3056 1160 3485 1232 Mesopotamiam
3523 1171 3579 1215 et
3613 1161 3964 1220 Osdroenam.

2410 1252 2480 1305 Et
2523 1252 2898 1323 Mesopotamia
2949 1249 3162 1322 quidem
3216 1251 3379 1304 habet
3429 1252 3665 1305 civitates
3707 1251 3891 1306 multas
3914 1266 3968 1308 et

2411 1344 2580 1396 varias
2597 1383 2612 1408 ‚
2670 1360 2897 1414 quarum
2945 1341 3250 1397 excellentes
3293 1353 3419 1396 sunt
3469 1342 3552 1397 hae
3611 1362 3626 1399 ε
3675 1342 3870 1397 Nisibis
3912 1354 3965 1397 et

2411 1432 2605 1487 Edessa
2619 1472 2634 1499 ,
2660 1451 2777 1504 quae
2797 1432 3024 1486 maxime
3050 1433 3191 1486 viros
3215 1432 3412 1485 habent
3426 1433 3659 1505 optimos
3675 1434 3732 1487 in
3755 1436 3970 1505 negotio

2411 1534 2464 1578 et
2501 1521 2648 1577 valde
2682 1524 2942 1597 praecipue
2967 1524 2994 1549 *
3021 1533 3267 1577 venantes
3294 1534 3345 1577 et
3385 1522 3574 1578 divites
3609 1536 3667 1578 et
3715 1527 3964 1584 omuibus

2413 1615 2568 1669 bonis
2614 1624 2850 1672 ornatos.
2893 1615 3222 1686 Accipientes
3263 1614 3408 1669 enim
3453 1633 3486 1668 a
3528 1616 3700 1668 Persis
3753 1617 3849 1687 ipsi
3911 1620 3962 1671 in

2411 1723 2624 1760 omnem
2656 1717 2850 1760 terram
2901 1708 3262 1761 Romanorum
3309 1704 3549 1760 vendunt
3564 1744 3581 1772 ,
3633 1716 3686 1761 et
3737 1718 3966 1762 ementes

2412 1815 2529 1870 quae
2572 1798 2864 1851 necessaria
2891 1807 3016 1851 sunt
3046 1798 3236 1851 iterum
3277 1795 3526 1865 tradunt,
3561 1808 3716 1852 extra
3743 1816 3964 1853 aeramen

2411 1901 2465 1945 et
2494 1888 2721 1953 serrum3
2750 1888 2848 1942 has
2872 1888 3014 1941 enim
3043 1887 3238 1959 species
3259 1886 3411 1955 duas,
3430 1887 3532 1943 hoc
3557 1898 3634 1942 est
3662 1908 3888 1944 att-amen
3910 1902 3966 1945 et

2411 1980 2631 2044 serrum,
2659 1997 2769 2033 non
2791 1978 2912 2033 lieet
2932 1977 3170 2035 hostibus
3194 1978 3338 2034 dare.
3362 1982 3486 2034 Istoe
3511 1990 3684 2035 autem
3707 1980 3964 2053 praedictae

2411 2072 2647 2126 civitates
2670 2064 3027 2141 'gubernaculo
3044 2068 3130 2125 dei
3147 2081 3282 2127 stare
3296 2069 3552 2125 videntur
3567 2082 3621 2125 et
3640 2071 3968 2144 imperatoris

2417 2160 2720 2235 prudentia.
2742 2160 3006 2215 Habentes
3030 2171 3203 2216 autem
3225 2178 3407 2216 muros
3425 2162 3672 2234 inclytos,
3708 2164 3966 2217 virtutem

2411 2254 2689 2307 Persarum
2709 2269 2914 2323 semper
2940 2252 2996 2305 in
3019 2251 3158 2307 bello
3183 2250 3507 2316 dissolvunt,
3530 2250 3788 2305 ferventes
3809 2251 3966 2305 rebus

2413 2434 2888 2507 propinquantibus
2911 2434 3149 2505 gentibus
3167 2434 3358 2505 negotii
3387 2452 3494 2487 suae
3515 2435 3740 2505 regionis
3755 2474 3771 2499 ,
3791 2435 3967 2488 omnia

2413 2522 2682 2577 abundare
2709 2521 2972 2577 videntur.

2490 2625 2580 2665 20.
2623 2610 2830 2663 Horum
2857 2618 3031 2661 autem
3057 2625 3223 2679 prope
3243 2608 3618 2662 Saracenorum
3649 2626 3774 2678 gens
3791 2608 3958 2679 degit,

2413 2698 2596 2769 rapina
2617 2698 2938 2769 sperantium
2963 2714 3112 2749 suam
3139 2697 3298 2749 vitam
3316 2696 3618 2765 transigere.
3637 2697 3709 2749 Et
3727 2696 3968 2750 mulieres

2413 2781 2566 2853 ajunt
2589 2784 2646 2835 in
2675 2800 2766 2836 eos
2787 2799 3023 2851 regnare.

2488 2884 2576 2922 21.
2615 2870 2688 2921 Et
2704 2868 2816 2922 haee
2837 2865 3049 2939 quidem
3069 2864 3137 2918 de
3151 2864 3411 2937 praedictis
3430 2864 3670 2935 gentibus
3687 2865 3972 2920 historicus

2416 2953 2510 3007 ait.
2535 2954 2802 3021 Quoniam
2825 2970 2952 3005 vero
2968 2951 3314 3005 necessarium
3331 2961 3410 3004 est
3425 2960 3478 3005 et
3497 2961 3730 3004 nostram
3752 2961 3960 3015 terram,

2416 3038 2522 3091 boe
2541 3048 2622 3091 est
2648 3040 3034 3103 Romanorum,
3052 3035 3403 3099 conscribere,
3424 3036 3661 3107 experiar
3683 3054 3960 3107 exponere,

2417 3132 2482 3177 ut
2505 3123 2670 3195 possit
2692 3122 2981 3194 legentibus
3005 3120 3266 3194 prodesse.
3295 3121 3614 3194 Incipiamus
3643 3139 3787 3191 ergo.
3814 3122 3970 3175 Dixi·

2419 3227 2540 3264 mus
2584 3211 2728 3265 enim
2765 3212 3041 3264 Persarum
3081 3218 3246 3262 terras
3289 3218 3422 3279 quot
3466 3208 3800 3263 mansionum
3849 3226 3960 3263 esse

2417 3293 2667 3349 dixerunt
2690 3297 2782 3367 qui
2804 3296 3252 3365 conscripserunt,
3280 3306 3334 3347 et
3355 3295 3478 3366 quia
3499 3294 3647 3365 impii
3673 3312 3734 3347 ac
3763 3294 3960 3365 perjuri

2421 3390 2476 3433 et
2524 3381 2828 3452 sponsiones
2889 3396 2996 3433 non
3046 3379 3392 3435 custodientes
3429 3398 3598 3451 neque
3633 3379 3753 3434 belli
3792 3398 3972 3452 neque

2423 3465 2632 3519 alterius
2657 3466 2872 3537 negotii.

2491 3570 2577 3607 22.
2616 3555 2741 3607 Post
2763 3551 2861 3607 hos
2893 3562 3068 3607 nostra
3101 3564 3237 3607 terra
3276 3562 3372 3609 est.
3403 3554 3648 3623 Sequitur
3673 3552 3813 3605 enim
3851 3554 3962 3605 Me-

2417 3640 2705 3712 sopotamia
2731 3649 2784 3694 et
2825 3638 3115 3696 Osdroena.
3146 3639 3519 3711 Mesopotamia
3557 3636 3771 3710 quidem
3809 3636 3972 3692 habet

2417 3729 2648 3783 civitates
2691 3728 2876 3781 multas
2919 3738 2972 3782 et
3012 3729 3210 3793 varias,
3232 3744 3456 3799 quarum
3496 3724 3802 3780 excellentes
3841 3736 3964 3781 sunt

2417 3832 2548 3886 quas
2579 3813 2697 3869 volo
2738 3812 2929 3867 dicere.
2957 3814 3092 3867 Sunt
3126 3830 3250 3883 ergo
3287 3811 3482 3865 Nisibis
3506 3821 3560 3865 et
3583 3808 3810 3877 Edessa,
3847 3829 3964 3883 quae

2417 3900 2474 3953 in
2500 3898 2746 3953 omnibus
2776 3898 2916 3952 viros
2953 3896 3148 3952 babent
3170 3898 3399 3970 optimos
3423 3908 3476 3951 et
3505 3898 3559 3951 in
3585 3899 3797 3967 negotio
3818 3897 3965 3953 valde

2414 3994 2614 4049 acutos,
2642 3994 2697 4039 et
2705 3983 3072 4039 hwe'nantes
3094 3994 3147 4038 et
3170 3984 3430 4056 praecipue
3441 3984 3626 4038 divites
3651 3995 3704 4039 et
3719 3984 3975 4039 omuibus·

2414 4069 2570 4125 bonis
2597 4070 2770 4125 ornati
2795 4080 2939 4125 sunt.
2977 4069 3304 4142 Accipientes
3327 4070 3468 4123 enim
3499 4087 3530 4123 a
3559 4072 3730 4124 Persis
3765 4072 3865 4144 ipsi
3905 4073 3962 4125 in

2415 4173 2626 4211 omnem
2670 4168 2863 4211 terram
2911 4158 3269 4211 Romanorum
3315 4155 3597 4211 vendentes
3639 4166 3693 4210 et
3735 4168 3973 4211 ementes

2415 4242 2608 4295 iterum
2645 4240 2893 4308 tradunt,
2922 4252 3071 4297 extra
3096 4258 3319 4295 minen
3357 4252 3412 4296 et
3442 4241 3668 4308 ferrum,
3697 4244 3821 4313 quia
3854 4260 3960 4297 non

2415 4326 2537 4381 lieet
2576 4326 2815 4382 hostibus
2853 4326 2978 4382 dare
3004 4345 3226 4381 aeramen
3252 4336 3344 4381 aut
3385 4327 3598 4381 ferrum.
3643 4326 3758 4381 istae
3775 4317 3960 4383 'autem

2411 4510 2661 4571 tanquam
2691 4500 2985 4556 Osdroenes
3011 4502 3138 4555 urbs
3179 4500 3424 4569 affertur-3
3449 4519 3764 4574 quamquam
3797 4501 3873 4555 ibi
3908 4503 3970 4554 in

2417 4580 2459 4631 A
2485 4577 2677 4647 legitur
2707 4596 2720 4631 ε
2753 4578 2949 4633 Deinde
2970 4577 3234 4635 osdroena
3257 4590 3310 4631 et
3331 4578 3529 4633 Edessa
3549 4593 3600 4633 et
3629 4580 3756 4652 ipsae
3771 4577 3962 4632 civita-

2411 4667 2488 4709 tes
2508 4655 2797 4729 splendida!
2812 4698 2828 4720 ‚
2851 4657 2994 4729 quod
3020 4675 3084 4711 cx
3102 4659 3145 4710 B
3166 4659 3390 4711 correxi.
3417 4660 3439 4728 [1
3461 4688 3533 4699 —
3553 4657 3818 4728 venantes]
3840 4674 3968 4709 nan-

2410 4744 2486 4787 tes
2500 4737 2562 4799 B,
2577 4735 2668 4787 ubi
2681 4736 2990 4803 navigantes
3008 4734 3106 4805 legi
3117 4735 3278 4789 voluit
3290 4724 3646 4791 Gothosrcdus
3666 4752 3679 4789 τ
3706 4760 3727 4781 ι
3745 4736 3962 4790 Graecus

2410 4811 2548 4866 dixit
2584 4808 2638 4867 εὖ
2679 4814 2908 4875 πλέοντες
2924 4854 2939 4880 ,
2966 4832 3154 4885 nempe
3176 4816 3538 4886 Mesopotamii
3582 4813 3650 4868 ad
3689 4817 3870 4868 Persas
3911 4821 3964 4865 et

2411 4891 2571 4946 indos
2613 4893 2923 4964 navigabant
2952 4892 3363 4947 commercandis
3406 4910 3590 4947 eorum
3620 4893 3896 4946 mercibus.
3930 4915 3954 4937 υ

2409 4972 2464 5025 Si
2492 4982 2633 5026 recte
2654 4972 2812 5026 babet
2834 4970 2960 5024 illud
2993 4980 3254 5038 venantes,
3272 4968 3547 5023 Nemrodis
3582 4969 3849 5022 clarissimi
3871 4987 3958 5022 ve·

2409 5052 2606 5105 natoris
2639 5050 2891 5105 memoria
2927 5053 2980 5103 in
3010 5066 3163 5102 causa
3201 5046 3360 5101 fuerit
3395 5065 3491 5101 cur
3514 5050 3544 5101 J
3550 5047 3726 5101 udaeus
3752 5058 3968 5112 auctor,.

2410 5146 2475 5181 ex
2499 5145 2608 5200 quo
2626 5130 2820 5183 Noster
2838 5128 2973 5181 hanc
2996 5125 3156 5182 libelli
3177 5136 3377 5198 partem
3396 5124 3709 5178 desumsisse
3729 5122 3957 5189 videtur,

2409 5208 2635 5262 venandi
2657 5206 2887 5261 studium
2910 5206 3297 5278 Mesopotamiae
3315 5205 3496 5258 incolis
3513 5204 3836 5258 attribueret.
3857 5202 3970 5257 Sed.

2408 5286 2736 5360 probabilius
2759 5296 2836 5341 est
2857 5303 2954 5359 pro
2979 5296 3224 5339 venantes
3256 5294 3309 5338 et
3345 5295 3525 5339 nantes
3545 5281 3817 5355 legendum
3849 5299 3973 5335 esse·
