4584 6284
645 497 792 556 xxiv

643 631 772 698 rat;
801 620 866 685 id
896 619 1063 683 enim
1093 637 1218 682 non
1251 617 1333 680 ab
1371 614 1794 701 Eratosthenis
1831 615 2053 690 modo,
2083 613 2192 677 sed

645 729 683 774 a
707 706 1026 772 Posidonii
1055 723 1310 790 quoque
1343 709 1642 787 computu
1677 719 1932 784 prorsus
1970 700 2201 764 abhor-

641 805 770 874 ret,
809 795 1079 879 indeque
1111 791 1554 875 explicandum
1581 807 1716 853 esse
1752 787 1995 851 videtur
2027 786 2200 870 qnod

641 883 968 967 Dionysius
989 899 1223 946 conum
1251 878 1616 944 orientalem
1633 924 1650 953 ,
1681 893 1876 958 quum
1905 875 2202 940 occiden-

637 973 746 1037 tali
800 969 1188 1035 obtusiorem
1236 967 1606 1032 Posidonius
1664 963 1950 1039 dixisset,
2005 964 2090 1027 ob
2133 963 2199 1027 id

637 1061 846 1144 ipsum
897 1057 1086 1121 etiam
1142 1055 1491 1122 breviorem
1547 1072 1684 1118 esse
1737 1051 2043 1131 credidit,
2102 1052 2200 1115 vel

639 1149 825 1212 etiam
855 1145 1003 1210 inde
1027 1145 1200 1228 quod
1227 1144 1385 1208 mari
1413 1141 1632 1224 Caspio
1662 1141 2002 1204 immanem
2026 1147 2088 1203 et
2108 1139 2202 1202 in-

636 1236 918 1301 auditam
950 1251 1206 1317 prorsus
1254 1231 1746 1314 magnitudinem
1789 1227 2028 1293 affinxit
2063 1228 2193 1310 (vs.

716 1325 984 1475 Tabulas
1012 1409 1242 1492 quibus
1281 1409 1375 1472 vel
1415 1408 1550 1491 ipse
1585 1406 1915 1490 Dionysius
1958 1407 2054 1470 vel
2089 1407 2198 1471 alii

637 1499 1034 1582 periegeseos
1062 1515 1316 1561 carmen
1336 1494 1718 1561 illustrarent
1734 1542 1751 1573 ,
1777 1495 2008 1578 saepius
2026 1514 2195 1559 eom-

637 1594 992 1654 memorant
1021 1586 1374 1650 scholiasta}
1394 1631 1412 1664 ‚
1454 1590 1526 1648 ut
1547 1604 1637 1648 vs.
1667 1587 1830 1648 409:
1875 1583 1967 1645 Ἐν
1998 1587 2076 1667 τῷ
2105 1583 2197 1644 πί-

633 1701 758 1738 νακι
787 1679 848 1738 οὗ
876 1683 1048 1737 κοῖται
1075 1671 1481 1754 (Triphylia).
1513 1673 1620 1734 Vs.
1662 1674 1770 1736 521
1820 1690 1836 1734 τ
1881 1671 2196 1754 Πεπάρηθος

633 1766 692 1824 οὔ
723 1773 894 1825 κεῖται
923 1765 977 1823 ἔν
1015 1765 1091 1843 τῷ
1124 1765 1220 1832 τῆς
1263 1759 1636 1842 χωρογραφίας
1673 1758 1880 1820 πίνακι.
1913 1759 2200 1822 Eusiath:

631 1852 714 1915 ad
740 1871 827 1916 vs,
847 1854 968 1915 530
991 1871 1007 1913 t
1031 1851 1102 1911 Αἱ
1125 1847 1466 1914 Κυκλάδες...
1484 1846 1578 1906 καὶ
1608 1849 1664 1907 αἱ
1697 1846 1968 1927 Σπορᾶδις
2077 1847 2138 1914 ἃς
2159 1852 2194 1919 ἡ

631 1945 726 2014 τῆς
759 1939 1126 2020 περιηγήσεως
1146 1933 1541 2016 ueneno-speeie
1574 1933 1672 1992 οῦκ
1698 1931 1828 2013 ἔχει.
1855 1932 2064 1997 Schol.
2115 1933 2194 1997 ad

631 2047 722 2090 VS.
745 2030 860 2091 533
894 2044 911 2088 :
943 2027 1079 2093 Ταῖς
1111 2022 1389 2104 Σπορᾶσιν
1425 2022 1715 2082 ἔπίκιινται
1744 2023 1799 2081 αἱ
1827 2020 2077 2096 Ἰωνίδες,
2103 2023 2198 2082 οὔκ

636 2116 842 2197 ἔχουσιν
872 2115 928 2174 δὲ
967 2110 1063 2185 τὴν
1089 2109 1388 2194 ἐπιγραφὴν
1431 2110 1486 2168 ἰν
1525 2112 1601 2189 τῷ
1637 2109 1844 2172 πίνακι.
1888 2111 1995 2171 Vs.
2027 2113 2146 2173 242
2177 2130 2191 2172 :

634 2203 732 2264 Ἐν
772 2204 850 2284 τῷ
892 2199 1079 2260 πίνακι
1104 2203 1182 2280 τῷ
1218 2197 1336 2258 κατ’
1377 2195 1756 2279 Ἐρατοσθένην
1801 2197 1893 2258 καὶ
1929 2196 2196 2260 Διονύσιον

635 2292 728 2350 οὔκ
756 2289 989 2370 ἔγκειται
1023 2287 1206 2358 τὸτῆς
1246 2283 1520 2364 Αἰγύπτου
1543 2287 1730 2364 σχῆμα
1761 2282 1900 2345 καθὰ
1943 2289 1973 2346 ὁ
2008 2286 2196 2349 Διονύ·

636 2400 749 2445 σιος
780 2375 1026 2458 Ξκφρᾶζει
1051 2372 1358 2456 τρίπλευρον
1403 2371 1686 2440 ἰσοσκελές.
1708 2373 1812 2435 Vs.
1844 2375 1964 2437 240
1990 2392 2006 2436 :
2038 2373 2194 2436 Ἰδίου

637 2464 856 2532 πίνακος
900 2461 1084 2543 ἔτυχιν
1113 2465 1148 2534 ἡ
1176 2459 1467 2540 Αἴγυπτος,
1494 2458 1676 2532 last&
1717 2461 1814 2520 οὔκ
1840 2459 1981 2520 ἔστιν
2015 2461 2190 2542 ὀλίγη.

631 2555 739 2614 VS.
771 2555 891 2616 300
921 2571 937 2613 ε
971 2553 1086 2612 Οὔκ
1130 2547 1365 2626 ἔγκειται
1391 2551 1458 2628 τῇ
1486 2545 1646 2609 ninive
1670 2547 1735 2624 (ἡ
1768 2547 1950 2622 Πεύκη
1970 2551 2190 2628 νῆσος).

630 2637 940 2702 Nimirum
975 2634 1236 2700 minoris
1266 2631 1506 2697 moduli
1533 2631 1763 2697 tabulae
1799 2638 1975 2697 erant
2001 2653 2190 2718 quam

628 2733 702 2789 ut
721 2725 934 2790 omnia
951 2724 1235 2788 locorum
1257 2719 1516 2785 nomina
1539 2720 1794 2785 inscribi
1815 2721 1890 2785 iis
1908 2731 2184 2805 possent,

629 2833 820 2898 qnam
854 2812 934 2876 ob
957 2829 1092 2875 rem
1112 2813 1414 2892 AEgyptus
1437 2807 1627 2873 etiam
1653 2809 1956 2892 peculiari
1978 2812 2188 2877 tabula

627 2899 1116 2966 describebatur.
1159 2895 1396 2970 Quodsi
1451 2895 1840 2979 Nicephorus
1885 2898 2224 2963 memmi--

628 2991 738 3054 des
759 2991 823 3054 in
846 2987 1225 3071 geographia
1254 2985 1578 3069 synoptica
1594 3032 1610 3063 ,
1644 3005 1828 3068 quam
1851 3006 1888 3051 e
1912 2989 2188 3072 Dionysii

626 3077 991 3160 paraphrasi
1043 3074 1301 3155 collegit
1320 3121 1336 3149 ,
1388 3074 1567 3138 initio
1619 3075 1827 3156 operis
1873 3079 1892 3157 (
1918 3095 1980 3158 p.
2034 3079 2188 3160 458)

629 3166 784 3230 dicit
813 3185 830 3228 t
863 3165 942 3228 Τὸ
966 3166 1013 3224 δ’
1038 3163 1175 3245 ὑπὲρ
1203 3163 1391 3224 τούτου
1422 3162 1744 3244 σφαιροειδὲς
1769 3165 2072 3244 Προποντὶς
2103 3166 2190 3226 λέ.

627 3276 778 3334 γει-αι
801 3257 948 3332 etc.,
980 3269 1166 3315 nemo
1188 3268 1315 3313 non
1342 3249 1513 3313 videt
1535 3249 1667 3311 ludi
1694 3250 2058 3331 magistrum
2087 3252 2192 3316 ba-

629 3340 776 3404 culo
805 3343 1256 3403 monstrantem
1285 3336 1562 3400 tabulam
1590 3336 1762 3400 orbis
1794 3337 2152 3420 Dionysiani
2169 3387 2185 3419 ,

631 3446 822 3512 quam
853 3427 920 3489 in
949 3426 1182 3490 scholis
1208 3424 1680 3489 usitatissimam
1720 3424 1912 3488 fuisse
1935 3427 2191 3508 colligas

630 3535 710 3580 ex
725 3513 932 3578 verbis
955 3511 1304 3578 cassiodori
1319 3515 1409 3575 De
1437 3511 1627 3576 instit.
1653 3511 1774 3574 dlv.
1803 3515 1882 3577 25
1915 3533 1930 3575 ε
1959 3515 2194 3578 Deinde

627 3609 902 3686 pinacem
941 3603 1221 3684 Dionysii
1261 3601 1476 3664 discite
1515 3601 1769 3664 breviter
1813 3603 2190 3681 comprehen-

628 3711 794 3766 sum,
832 3697 898 3754 ut
921 3692 1084 3772 quod
1109 3692 1358 3754 auribus
1387 3695 1456 3752 in
1483 3707 1671 3768 supra
1701 3690 1861 3752 dieto
1886 3690 2041 3753 libro
2052 3708 2193 3770 per-

629 3783 874 3861 cipitur,
903 3797 1070 3861 paene
1094 3780 1283 3842 oculis
1311 3779 1681 3843 intuentibus
1699 3777 1908 3840 videre
1921 3783 2186 3858 possitis.

630 3870 828 3932 Porro
857 3866 1284 3949 geographum
1325 3867 1742 3929 Ravennatem
1789 3863 1955 3928 inter
1993 3866 2190 3931 varias

629 3955 874 4019 tabulas
896 3953 1002 4040 (ι),
1030 3974 1106 4019 ex
1123 3953 1356 4037 quibus
1379 3954 1680 4034 majorem
1699 3951 1907 4032 operis
1933 3952 2029 4015 sui
2052 3973 2189 4036 par-

692 4134 760 4200 (ί)
779 4133 926 4192 Quod
962 4131 1138 4184 attinet
1172 4129 1306 4182 orbis
1338 4131 1580 4180 terrarum
1613 4127 1850 4192 tabulam,
1883 4142 2034 4193 quam
2065 4130 2189 4182 libro

626 4205 784 4270 primo
817 4200 1129 4270 Geograplius
1160 4204 1282 4252 nav.
1317 4199 1566 4259 describit,
1595 4211 1626 4249 a
1648 4199 1921 4264 verolonge
1948 4199 2190 4253 abet-mn

627 4275 913 4328 Theodorus
958 4276 1258 4336 Mommsen,
1319 4270 1406 4336 qui
1451 4273 1691 4321 terrarum
1725 4268 2089 4334 dispositionem
2133 4271 2186 4322 in

626 4359 688 4398 ea
725 4345 996 4398 secundnm
1022 4342 1246 4409 Agrippae
1284 4339 1455 4393 orbem
1486 4340 1677 4404 pictum
1717 4339 1946 4402 exiiiberi
1973 4341 2181 4405 putavit.

625 4414 1000 4469 Reoonsnuenti
1048 4414 1196 4464 istam
1241 4411 1464 4464 tabulam
1516 4408 1658 4461 facile
1699 4409 1886 4475 patebit
1933 4416 2185 4464 auctorem

625 4487 736 4551 eJus
766 4485 846 4536 vel
876 4483 927 4534 in
953 4483 1068 4535 Asia
1096 4483 1178 4534 vel
1214 4481 1267 4534 in
1293 4481 1458 4546 aliqua
1488 4479 1650 4533 insula
1681 4477 1813 4530 Asiae
1851 4479 2070 4543 proxima
2113 4493 2186 4532 se-

627 4556 746 4608 dem
776 4553 1024 4606 habuisse.
1055 4551 1290 4604 Proclivis
1319 4551 1488 4615 itaque
1521 4547 1799 4612 minectnra
1827 4549 1908 4600 est
1949 4547 2000 4599 in
2048 4549 2185 4614 syria

629 4625 708 4677 vel
747 4622 1100 4687 Hierosolymis
1128 4635 1162 4671 a
1186 4619 1466 4672 christiano
1505 4618 1702 4670 homine
1727 4629 1837 4670 esse
1869 4616 2178 4671 delineatam.

623 4697 856 4747 Attamen
881 4707 1038 4758 quum
1059 4703 1121 4744 ea
1137 4691 1204 4744 sit
1219 4689 1571 4742 continentium
1587 4687 1777 4749 divisio,
1807 4689 1867 4739 ut
1883 4691 2082 4754 Europa
2101 4688 2179 4739 di-

625 4765 830 4817 midiam
847 4764 1005 4816 totius
1019 4761 1154 4821 orbis
1181 4762 1372 4828 partem
1392 4759 1610 4812 obtineat
1633 4771 1690 4810 ex
1706 4758 1944 4827 sententia
1959 4761 2180 4810 veterum

623 4835 1014 4904 geographorum
1045 4833 1334 4896 ionicorum,
1352 4829 1667 4884 verisimilius
1692 4831 1770 4880 est
1787 4829 1919 4882 orbis
1937 4831 2182 4882 terrarum

623 4908 1012 4970 delineatimem,
1039 4905 1092 4957 in
1129 4917 1282 4970 quam
1316 4916 1436 4957 suos
1458 4904 1604 4954 lusus
1639 4900 1944 4953 Christianus
1979 4900 2183 4968 quidam

625 4978 806 5042 intulit,
826 4990 858 5029 a
887 4977 1087 5028 vetusto
1118 4973 1285 5038 aliquo
1313 4971 1590 5038 geographo
1627 4983 1786 5035 graeeo
1801 5009 1816 5034 ,
1844 4971 1934 5035 qni
1961 4971 2015 5021 in
2048 4971 2186 5024 Ionia

627 5049 760 5110 vixit,
777 5061 888 5100 esse
911 5045 1196 5112 profectam.
1217 5047 1276 5096 ln
1306 5041 1550 5108 ejusmodi
1584 5043 1753 5092 autem
1781 5041 1914 5093 orbis
1949 5039 2186 5094 divisione

623 5119 731 5170 lieri
757 5131 858 5170 non
885 5117 1050 5182 potuit
1082 5116 1204 5181 quin
1229 5115 1386 5166 iberia
1404 5116 1456 5165 et
1483 5113 1649 5176 Libya
1675 5111 2058 5176 sepienti-ionalis
2073 5125 2186 5176 pars

621 5185 826 5238 occidua
851 5186 1012 5236 multo
1029 5185 1223 5250 longius
1260 5197 1414 5248 quam
1443 5181 1686 5234 debebant
1725 5194 1901 5234 versus
1933 5181 2185 5234 meridiem

620 5257 998 5309 deducerentur.
1038 5261 1110 5308 Ac
1123 5270 1294 5322 reapse
1307 5255 1457 5307 talem
1482 5259 1550 5306 tei
1557 5268 1724 5306 rarum
1741 5253 1893 5306 situm
1917 5253 2186 5306 vetustissi-

619 5340 728 5378 mos
762 5325 1064 5393 geographos
1080 5331 1131 5378 et
1149 5326 1407 5378 historicos
1437 5325 1526 5376 sihi
1547 5325 1830 5376 error-masse
1849 5324 2186 5389 complut-‘hus

1940 482 2523 544 PROLEGOMENA

2290 621 2422 678 tem
2449 612 2848 695 conscripsit,
2878 613 3063 677 etiam
3093 613 3364 696 Dionysii
3396 616 3590 680 nostri
3612 618 3831 684 orbem

2289 708 2600 766 terrarum
2625 699 2982 765 adhibuisse
3012 700 3221 765 nullus
3250 719 3365 783 ego
3395 702 3636 769 dubito.
3669 706 3838 772 Indi-

2289 790 2389 852 cia
2416 787 2509 852 rei
2532 788 2727 852 habes
2751 789 2861 853 lib.
2882 793 2943 866 5,
2970 793 3068 867 22,
3085 807 3150 872 p.
3179 791 3298 854 284
3316 789 3416 852 ed.
3443 791 3832 874 Porcheron,

2289 876 2400 940 ubi
2426 878 2743 941 Ravennas
2758 923 2776 954 ,
2800 876 2979 939 sicuti
3018 875 3331 958 periegeta
3357 895 3444 940 vs.
3476 882 3597 943 416
3615 925 3631 958 ,
3658 881 3841 944 Pelo-

2291 963 2553 1048 ponnesi
2582 964 2797 1029 fluvios
2829 969 3110 1029 recenset
3134 963 3448 1047 Alpheum
3463 1011 3481 1042 ,
3514 966 3834 1048 Eurotam,-

2289 1055 2598 1118 Melanem
2662 1057 2726 1117 et
2760 1055 3047 1117 'Jaonem
3063 1099 3081 1130 ,
3140 1071 3407 1136 quorum
3481 1061 3839 1134 postremus

2290 1141 2755 1204 commentitius
2775 1145 2839 1204 et
2853 1140 3126 1222 Dionysii
3140 1159 3351 1205 errore
3368 1150 3709 1224 prognatus
3722 1150 3835 1209 est.

2291 1228 2594 1292 Similiter
2623 1227 2829 1293 verbis
2854 1226 3128 1310 Dionysii
3160 1227 3356 1312 (1195)
3386 1249 3403 1292 t
3446 1228 3841 1312 Ἀραχωτοὺς...

2291 1312 2623 1399 Σατραίδας,
2664 1316 2925 1398 Ἀριηνούς
2964 1315 3133 1400 apud
3161 1319 3232 1382 G.
3264 1317 3410 1381 Rav-
3440 1321 3499 1395 2,
3553 1323 3618 1394 4,
3649 1337 3713 1400 p.
3756 1323 3839 1384 44

2289 1406 2673 1488 respondent
2736 1403 2875 1470 haec
2949 1424 2966 1469 ε
3032 1407 3837 1486 provincias...Ar-acothon,

2289 1495 2543 1557 Ariinm
2554 1540 2576 1572 ,
2606 1494 2957 1572 Sarmatam,
2987 1491 3053 1555 in
3072 1492 3298 1576 quibus
3318 1499 3570 1558 Ariinon
3596 1497 3693 1559 vel
3718 1498 3845 1561 for·

2288 1599 2461 1644 mam
2504 1579 2776 1644 nominis
2802 1579 3081 1663 epicam,
3131 1599 3256 1662 quo
3311 1589 3496 1664 poeta
3522 1602 3673 1647 usus
3707 1593 3837 1664 est,

2288 1669 2529 1752 prodit,
2556 1668 2852 1734 Satn-sada
2878 1685 3024 1731 vero
3052 1668 3185 1745 vel,
3217 1674 3287 1732 ut
3322 1668 3387 1732 in
3422 1671 3698 1754 Dionysii
3734 1693 3843 1739 co-

2289 1757 2534 1822 dicibus
2570 1755 2797 1820 nostris
2835 1755 3059 1837 legitur
3099 1759 3435 1836 Satraidae,
3466 1777 3699 1824 nomen
3748 1770 3845 1826 est

2285 1851 2393 1909 aut
2416 1849 2780 1926 corruptum
2802 1841 2882 1927 (ι’)
2912 1848 3018 1908 aut
3044 1844 3260 1927 populi
3280 1844 3533 1911 aliunde
3573 1867 3701 1912 non
3742 1869 3843 1914 co·

2286 1933 2462 2015 gniti.
2484 1936 2577 1997 Ex
2602 1931 2824 1997 eadem
2851 1931 3127 2015 Dionysii
3158 1932 3367 1996 tabula
3395 1936 3644 1998 fluxerit
3668 1938 3840 2020 quod

2285 2023 2453 2106 apud
2482 2026 2554 2088 G.
2585 2024 2657 2084 R.
2702 2025 2765 2096 5,
2818 2024 2919 2098 ΞΟ,
2963 2040 3027 2104 p.
3066 2025 3184 2086 279
3210 2021 3437 2103 legitur
3464 2043 3479 2086 ε
3510 2026 3620 2087 Ea:
3657 2027 3845 2089 latere

2282 2114 2582 2193 praedietae
2620 2113 2805 2192 Cypri
2828 2111 3044 2172 imula
3084 2128 3213 2190 quas
3246 2120 3538 2174 vocamur
3567 2113 3843 2177 Chelido-

2287 2203 2403 2262 πίω
2452 2198 2545 2283 (V.
2577 2199 2797 2274 inira).
2827 2199 2991 2261 Inter
3029 2197 3273 2261 tabulas
3317 2198 3429 2263 aevi
3458 2199 3653 2263 medii
3693 2203 3845 2266 San-

2286 2293 2483 2350 tarem
2508 2285 2721 2370 (Essay
2739 2305 2847 2350 sur
2863 2287 3155 2350 I’histoire
3178 2288 3333 2350 dela
3360 2290 3837 2372 cosmam-ophis,

2287 2378 2441 2437 tom.
2474 2376 2521 2450 1,
2556 2392 2621 2455 p.
2644 2370 2789 2456 229)
2810 2419 2828 2450 ,
2854 2380 3171 2456 tamquam
3193 2375 3538 2439 seeundum
3562 2377 3841 2460 Dionysii

2285 2467 2553 2542 systema
2624 2458 3109 2541 geographicum
3182 2460 3561 2526 delineatam
3630 2465 3843 2530 laudat

2292 2569 2325 2606 a
2348 2550 2412 2611 Ia
2438 2548 2872 2628 mappemonde
2912 2550 2987 2611 de
3008 2549 3071 2611 la
3093 2552 3541 2631 eosmoyraplaie
3570 2553 3842 2635 d’Asapli

2281 2635 2365 2697 du
2393 2639 2659 2698 mibme
2682 2638 2857 2698 Sibde
2884 2634 2992 2716 (α).
3028 2663 3055 2690 ²·
3385 2687 3391 2693 .

2360 2725 2498 2786 Jam
2527 2741 2653 2807 quo
2702 2723 2887 2787 latins
2931 2742 3081 2788 usus
3103 2725 3328 2789 harum
3356 2725 3711 2792 tabularum
3748 2731 3839 2812 ip-

2279 2809 2533 2894 siusque
2584 2809 2973 2893 periegeseos
3028 2811 3298 2893 patuisse
3352 2813 3617 2892 videtur,
3665 2824 3838 2882 tanto

2280 2898 2507 2979 aegrius
2538 2897 2777 2963 ferendi
2795 2903 2939 2962 sunt
2962 2898 3119 2963 naevi
3149 2900 3375 2982 quibus
3403 2900 3529 2966 illae
3560 2903 3839 2970 dedeco-

2279 2986 2597 3050 rabantur.
2644 2986 2749 3052 Sic
2780 2987 2925 3067 jure
2974 2986 3220 3052 mireris
3261 2989 3467 3052 sinum
3507 2991 3771 3062 Issicum
3802 3013 3841 3057 a

2279 3073 2573 3156 Dionysio
2594 3075 2842 3140 extendi
2858 3093 3057 3156 usque
3079 3076 3159 3138 ad
3184 3076 3413 3142 insulas
3442 3077 3839 3145 Chelidonias

2281 3169 2345 3225 et
2380 3162 2744 3226 Patarorum
2784 3161 3279 3244 promontorium
3322 3162 3460 3244 (128
3486 3166 3673 3248 sqq.).
3719 3167 3838 3242 Qui

2280 3248 2537 3332 quidem
2566 3267 2744 3312 error
2780 3249 3009 3332 pendet
3047 3250 3126 3314 ab
3159 3250 3386 3327 altero,
3432 3270 3560 3335 quo
3600 3255 3837 3336 Cyprus

2281 3335 2484 3400 insula
2516 3336 2604 3400 ita
2648 3337 2764 3402 sita
2790 3357 2927 3402 esse
2972 3325 3220 3416 dicitur,
3270 3345 3341 3401 ut
3378 3338 3457 3402 ab
3505 3360 3581 3405 ea
3622 3359 3838 3406 versus

2279 3423 2584 3488 orientem
2626 3424 2751 3489 sint
2789 3425 3009 3488 insuloe
3037 3424 3417 3489 Chelidoniae
3452 3426 3653 3512 (508);
3699 3429 3839 3512 qui-

2281 3511 2400 3574 bus
2444 3511 2725 3595 quamvis
2770 3512 2927 3575 nihil
2972 3512 3303 3576 absurdius
3345 3513 3471 3578 dici
3521 3517 3831 3597 potnerit·=

2281 3598 2503 3662 eadem
2533 3607 2743 3664 tamen
2770 3619 2806 3664 e
2827 3599 3120 3683 Dionysio
3147 3601 3525 3666 transierunt
3551 3602 3615 3665 in
3644 3602 3838 3668 Isido-

2279 3707 2423 3751 rum
2443 3735 2459 3764 ,
2486 3689 2596 3772 qui
2618 3688 2843 3770 (origg.
2867 3693 2967 3769 14,
2998 3685 3065 3770 6)
3094 3692 3361 3773 Cyprum
3392 3690 3457 3753 in
3487 3691 3645 3754 mari
3684 3694 3835 3756 Car-

2281 3777 2493 3857 pathio
2522 3795 2658 3840 esse
2676 3778 2944 3859 positam
2966 3779 3158 3841 refert
3219 3786 3282 3843 et
3301 3797 3378 3843 ex
3394 3779 3635 3844 Isidoro
3657 3780 3838 3843 dein-

2281 3882 2429 3946 ceps
2458 3863 2629 3928 illata
2672 3873 2817 3929 sunt
2858 3864 2923 3928 in
2970 3867 3363 3930 Itinerarium
3410 3871 3554 3930 Ant.
3588 3887 3651 3951 p.
3688 3873 3831 3934 526.

2277 3952 2519 4015 Eodem
2563 3952 2749 4016 etiam
2780 3951 3051 4035 pertinet
3085 3954 3255 4037 qnod
3282 3956 3687 4036 Geographus
3714 3957 3837 4020 Ra-

2275 4130 2501 4179 veterum

2277 4197 2491 4249 exhiberi
2520 4198 2680 4249 solent
2708 4197 2891 4250 tabulae
2908 4197 3092 4262 quasia
3116 4202 3280 4250 mente
3294 4198 3511 4250 Heeatoei
3528 4203 3581 4250 et
3600 4199 3837 4254 Herodoti

2275 4267 2543 4319 aliorumve
2574 4269 2830 4319 suetorum
2853 4265 3183 4319 vetustiorum
3213 4266 3473 4332 descripta·
3500 4281 3673 4320 omnes
3716 4269 3837 4321 sunt

2277 4336 2567 4401 salsissimo,
2582 4351 2740 4403 quum
2756 4338 2942 4392 fretum
2962 4335 3258 4390 Gaditanum
3272 4339 3456 4402 ponant
3476 4338 3581 4389 sei-e
3604 4339 3659 4390 in
3678 4337 3837 4392 Rhodi

2273 4408 2521 4473 parallelo,
2556 4408 2609 4460 in
2636 4422 2738 4474 quo
2764 4409 2879 4461 ante
2907 4405 3250 4460 Dieaearehum
3282 4407 3361 4459 vix
3394 4408 3641 4474 quispiam
3669 4409 3723 4461 id
3752 4423 3837 4475 po-

2274 4477 2444 4529 suerit.

2337 4548 2406 4612 (1)
2438 4545 2733 4600 monendum
2748 4550 2857 4600 erat
2878 4547 2929 4598 in
2956 4549 3059 4599 not.
3082 4548 3148 4599 ad
3171 4561 3248 4599 vs.
3274 4553 3391 4601 1097
3426 4548 3557 4614 apud
3593 4549 3835 4603 Avienum

2275 4620 2361 4684 (v.
2382 4622 2520 4679 1298)
2536 4631 2627 4684 pro
2650 4618 2930 4672 satraiclas
2946 4617 3039 4685 legi
3060 4624 3254 4682 Sanam
3273 4617 3519 4684 infidum,
3540 4619 3625 4671 ubi
3642 4625 3833 4673 sacam

2271 4689 2531 4754 legendum
2574 4702 2683 4740 esse
2712 4687 2851 4740 haud
2879 4687 3258 4753 improbabiliter
3300 4687 3507 4752 conjecit
3541 4689 3830 4751 Hudaonus,

2271 4757 2396 4810 dum
2436 4762 2653 4812 sairam
2684 4759 2853 4824 reponi
2892 4771 2950 4810 ex
2982 4757 3211 4822 Dionysio
3253 4759 3410 4810 votuit
3446 4757 3829 4810 Wernsdorfius.

2271 4829 2446 4882 Nescio
2478 4843 2543 4880 an
2571 4827 2831 4881 Satraidae
2870 4829 3087 4894 Dionysii
3114 4842 3213 4880 non
3238 4828 3419 4881 diversi
3445 4828 3543 4881 sint
3562 4828 3624 4881 ab
3657 4831 3833 4881 Satia-

2271 4901 2436 4968 ndis,
2462 4899 2837 4952 Arachosiorum
2866 4899 3056 4964 vidais,
3074 4913 3202 4965 quos
3238 4914 3373 4953 unus
3402 4902 3646 4951 memorat
3683 4900 3836 4950 Hero—

2273 4969 2424 5022 dotus
2446 4975 2495 5032 3,
2524 4974 2603 5022 91.

2338 5040 2405 5104 (2)
2438 5043 2569 5091 inter
2585 5038 2875 5090 reoentiores
2898 5037 3114 5102 Dionysii
3148 5039 3315 5091 orbem
3331 5040 3577 5090 ten-arum
3594 5036 3646 5086 in
3662 5035 3835 5088 tabula

2271 5110 2637 5175 repraesentavit
2652 5113 2791 5161 Joan.
2810 5111 2959 5160 near.
2990 5110 3195 5160 Vossius
3222 5109 3273 5160 in
3290 5108 3407 5160 edit.
3438 5108 3603 5173 Eelog.
3622 5105 3831 5171 Virgilii,

2273 5181 2489 5246 indeque
2518 5180 2779 5232 Passovins
2805 5178 2856 5229 in
2889 5179 3004 5230 edit.
3038 5177 3255 5242 Dionysii
3295 5179 3443 5243 (Lips.
3478 5182 3599 5230 1828
3616 5177 3651 5240 ).
3704 5179 3831 5234 Quae

2271 5255 2439 5304 tamen
2463 5249 2719 5302 delineatio
2751 5252 2929 5315 praeter
2960 5253 3105 5301 terr-‘n
3125 5248 3327 5300 sormam
3356 5249 3678 5312 σφινδονοιιδῆ
3710 5243 3831 5296 nihil

2276 5324 2379 5375 rere
2404 5323 2605 5388 praebet,
2624 5321 2754 5374 unde
2792 5335 2905 5385 quae
2934 5321 3131 5386 propria
3154 5321 3251 5372 sint
3278 5319 3512 5384 Dionysii,
3544 5329 3821 5384 cognoscas

2528 4127 2817 4194 sca-iptorum
2844 4127 2967 4180 locis
3006 4128 3319 4194 comprobare
3359 4129 3488 4181 lieet.
3532 4134 3658 4189 Quae
3687 4129 3834 4195 vulgo
